5184 7050
1903 889 1905 894 .
1996 816 2060 924 svb

544 1084 707 1148 nunquam
743 1065 914 1131 declinavit
948 1067 989 1131 ad
1024 1067 1167 1132 dextram
1201 1067 1252 1132 vcl
1287 1068 1458 1145 sinistram,
1493 1067 1577 1132 felici
1613 1069 1831 1149 prosecucioni
1867 1067 2059 1150 agendorum

543 1176 675 1236 tuorum
698 1174 789 1236 tanta
811 1177 943 1254 possent
965 1172 1128 1237 commoda
1152 1174 1329 1256 provenire,
1350 1172 1489 1255 aliquam
1505 1191 1544 1236 ex
1561 1173 1631 1254 ipsa
1647 1173 1780 1238 Francia
1797 1173 1889 1242 domo
1906 1170 2062 1254 suscipias

542 1275 605 1340 tibi
638 1273 785 1342 felicibus
819 1277 984 1359 prestante
1018 1277 1143 1343 domino
1179 1278 1331 1361 auspiciis
1361 1278 1559 1342 matrimonio
1591 1277 1807 1360 copulandam,
1842 1295 1903 1359 que
1927 1275 2062 1342 fecunda

547 1381 583 1445 iu
617 1380 726 1446 sobole
759 1381 868 1465 gracia
895 1381 1002 1447 divina
1023 1381 1209 1465 preambula
1229 1381 1342 1465 pulcra
1365 1387 1399 1447 et
1421 1400 1589 1447 numerosa
1610 1386 1643 1447 te
1665 1381 1765 1448 faciat
1786 1381 1876 1465 prole
1897 1384 2062 1463 parentem

545 1504 587 1550 ac
609 1484 723 1551 solium
744 1489 836 1551 tuum
858 1487 980 1569 regium
1004 1485 1145 1552 stabiliat
1167 1491 1201 1551 et
1223 1484 1396 1553 confirmet.
1442 1487 1508 1552 Nos
1531 1487 1614 1552 enim
1637 1485 1678 1551 ad
1700 1486 1733 1551 id
1754 1491 1863 1569 partes
1886 1483 2060 1568 apostolice

543 1591 717 1673 potestatis
751 1588 920 1670 offerimus,
956 1593 983 1657 si
1017 1592 1150 1657 forsitan
1183 1591 1359 1675 expediret.
1407 1593 1445 1656 Ι).
1470 1591 1626 1656 Auinione
1661 1590 1741 1656 11111
1772 1590 1835 1655 001.
1859 1589 2007 1657 Octobris
2031 1607 2059 1652 a·

545 1695 694 1776 septimo.

654 1830 802 1886 Clementis
820 1830 857 1884 Vl
877 1831 908 1885 V.
930 1838 978 1886 142
998 1835 1076 1902 (seer.
1096 1848 1120 1886 a.
1140 1832 1201 1900 vri)
1221 1831 1239 1886 i.
1258 1838 1292 1886 00
1311 1847 1337 1886 u.
1356 1837 1415 1886 049.
1430 1861 1462 1870 -
1481 1831 1533 1886 Ed.
1547 1832 1630 1900 Pelzl,
1643 1831 1711 1886 Karl
1724 1832 1769 1885 lv'.
1783 1831 1796 1886 1
1809 1848 1871 1902 pag.
1885 1836 1936 1887 200
1951 1836 2052 1897 0201,

544 1934 603 1988 reg.
623 1918 651 1972 iu
672 1918 756 1973 CDM.
775 1917 871 1972 11Πο
890 1923 949 1974 810.
969 1919 1065 1974 Huber
1084 1923 1135 1973 005
1154 1935 1179 1972 u.
1199 1924 1241 1971 21.
1260 1949 1293 1958 —
1322 1921 1346 1986 ι)
1364 1917 1463 1986 ,ducat‘
1482 1917 1514 1972 V.

543 2356 668 2423 1024.
694 2355 859 2433 Hearicas,
879 2355 1083 2437 praepositas
1098 2355 1284 2419 annonarii
1299 2355 1526 2436 &crossiensis
1545 2353 1717 2436 supplicet,
1740 2357 1776 2416 at
1797 2354 1987 2418 monasterio
2002 2372 2057 2416 sao

537 2457 761 2543 parrochialis
774 2497 776 2502 .
790 2457 920 2524 ecclesia
948 2460 1054 2523 000001
1084 2458 1252 2526 0110000110
1283 2459 1316 2524 in
1346 2460 1455 2539 Propo
1485 2459 1711 2541 incorporetur,
1741 2456 1841 2522 cidem
1870 2458 2059 2522 monasterio

543 2568 780 2629 conservatores
803 2563 1016 2627 inatitwatar
1037 2566 1067 2626 et
1088 2561 1159 2640 sihi,
1185 2564 1279 2626 Petro
1303 2561 1384 2626 dicto
1406 2560 1506 2626 Staclr
1532 2580 1600 2625 cam
1623 2561 1751 2641 0001000
1773 2565 1802 2624 et
1825 2559 1988 2640 Perolrtoe,
2010 2582 2058 2624 re-

610 2668 708 2733 lictae
729 2666 890 2734 Jolroaais
912 2667 951 2731 de
973 2666 1124 2744 1110010001,
1150 2665 1304 2731 ubsolrctr'o
1322 2664 1422 2750 pleae
1444 2666 1479 2729 ia
1501 2665 1613 2729 mortis
1635 2662 1770 2728 articulo
1793 2662 1991 2740 concedetur.

1449 2819 1612 2901 Aricinae,
1636 2822 1722 2886 1348
1746 2819 2010 2903 8001000021.

637 2981 817 3064 >Significat
840 2982 871 3047 S.
895 2981 933 3045 V.
957 2981 1091 3045 devotus
1114 2984 1221 3044 orator
1244 2986 1350 3044 vester
1373 2980 1472 3046 irater
1491 2981 1659 3058 Hearicus,
1677 2980 1858 3062 prepositus
1874 2980 2058 3044 monasterii

543 3087 765 3156 Sdcrasiensis
787 3103 886 3168 prope
909 3085 1054 3167 Pragam,
1078 3084 1300 3149 canonicorum
1324 3084 1405 3149 sacri
1426 3084 1571 3166 sepulcri
1594 3083 1752 3150 Dominici
1766 3082 2056 3161 iherosolimitani,

543 3192 668 3258 ordinis
691 3191 793 3256 000001
816 3189 995 3272 Augustini,
1031 3188 1114 3270 quod
1145 3187 1324 3270 predictum
1358 3187 1611 3273 [monasterium]
1626 3191 1653 3271 ⁸)
1689 3189 1897 3254 Sderaaiense
1930 3196 2060 3270 propter

543 3295 794 3380 hospitalitates,
818 3293 953 3372 edificia,
976 3299 1153 3358 structuras
1176 3293 1295 3358 etalio
1318 3311 1415 3358 onera
1437 3293 1541 3358 eidem
1564 3294 1757 3358 monasterio
1781 3294 1999 3359 incumbcncia
2014 3294 2057 3358 sit

542 3401 656 3466 multis
679 3405 712 3465 et
733 3398 1035 3482 incorporabilibus
1059 3397 1175 3462 debitis
1198 3403 1375 3480 gravatum,
1399 3403 1529 3480 propter
1552 3394 1653 3481 quel)
1679 3396 1796 3463 fratres
1819 3398 1962 3462 ciusdem
1993 3417 2058 3462 mo-

542 3507 681 3572 nasterii
704 3525 766 3571 non
789 3508 924 3588 possunt
947 3501 1108 3568 commode
1131 3502 1239 3566 rivere
1262 3521 1320 3567 nec
1343 3504 1524 3568 necessaria
1548 3523 1644 3568 onera
1675 3505 1907 3587 supportare‚⁰)
1955 3502 2059 3581 Quare

542 3610 706 3694 supplicat
721 3609 825 3675 eidem
841 3605 872 3672 S.
888 3609 925 3674 V.
943 3607 1026 3671 idem
1042 3605 1142 3671 irater
1157 3605 1325 3684 Hemicus,
1343 3613 1500 3688 quatenus
1524 3626 1580 3689 pro
1604 3607 1819 3672 sublevamine
1842 3612 1877 3669 ct
1899 3607 2060 3672 solucione

543 3716 726 3783 debitomm
750 3733 787 3779 00
810 3714 965 3778 dictorum
993 3730 1122 3775 onerum
1154 3712 1400 3794 supportacione
1428 3711 1600 3795 dignemini
1631 3712 1799 3777 ecclesiam
1814 3739 1816 3744 ·
1828 3710 2059 3794 parrochialem

545 3821 653 3885 sancti
678 3816 847 3884 Michaelis
870 3817 904 3881 in
924 3817 1036 3899 Praga,
1061 3816 1151 3880 00100
1174 3815 1311 3880 00010010
1334 3816 1384 3880 100
1407 3820 1594 3897 patronatus
1617 3816 1656 3881 ad
1685 3816 1803 3881 dictum
1833 3816 2059 3880 monasterium

542 3926 690 3990 noscitur
711 3923 882 4005 pertinere,
899 3922 990 3986 cuius
1010 3920 1112 3985 eciam
1127 3918 1258 3998 000000,
1274 3919 1420 3984 redditus
1436 3926 1469 3984 00
1484 3926 1658 4002 proventus
1674 3920 1848 3985 secundnm
1862 3921 2060 3985 taraciouem

546 4031 672 4096 decime
696 4027 907 4110 quadraginta
930 4043 1108 4090 marcarum
1131 4025 1254 4108 argenti
1276 4024 1417 4090 valorem
1434 4044 1572 4090 annuum
1588 4044 1649 4090 non
1666 4026 1834 4102 excedunt,
1851 4045 1921 4091 cum
1937 4025 2058 4090 iuribus

544 4143 578 4201 et
594 4133 803 4219 pertinenciis
820 4137 853 4197 et
867 4132 939 4196 aliis
956 4130 1203 4196 obvencionibus
1220 4129 1378 4194 universis
1399 4128 1501 4193 eidem
1525 4131 1716 4195 monasterio
1741 4131 1772 4194 in
1796 4136 1985 4212 perpetuum
2007 4132 2055 4204 in-

542 4258 726 4323 corporane,
761 4238 852 4303 unire
886 4242 919 4301 ct
953 4240 1134 4313 annectere,
1168 4233 1213 4299 ita
1247 4233 1332 4316 quod
1366 4233 1498 4300 cedente
1533 4234 1582 4299 vol
1614 4235 1788 4300 decedente
1811 4241 1933 4301 rectore
1957 4234 2058 4317 ipsius

542 4344 692 4420 ecclesie,
729 4342 783 4425 qui
817 4361 899 4406 nunc
934 4345 993 4420 est,
1029 4339 1152 4421 possint
1186 4336 1267 4402 idem
1303 4339 1485 4421 prepositus
1516 4343 1548 4403 ct
1577 4338 1693 4404 fratres
1715 4339 1936 4421 possessiones
1959 4326 2059 4419 ipsius

543 4448 682 4515 ecclesie
713 4444 954 4530 apprehendere
985 4449 1018 4509 et
1047 4440 1210 4525 0000001)
1246 4461 1285 4507 ex
1317 4442 1363 4507 eis
1386 4443 1560 4525 percipere,
1585 4443 1747 4508 diocesani
1770 4443 1831 4508 loci
1854 4442 1905 4507 vel
1928 4443 2059 4508 alterius

541 4555 764 4633 cuiuscunque
798 4550 932 4615 licencia
965 4550 1015 4614 vcl
1049 4565 1182 4613 assensu
1215 4548 1343 4613 minime
1377 4548 1550 4629 requisitis,
1586 4550 1758 4613 reservatis
1788 4552 1894 4612 tamen
1918 4547 2059 4629 deipsis

542 4658 703 4724 fructibus
727 4660 881 4738 perpetuo
905 4654 1023 4718 vicario
1047 4653 1125 4719 inibi
1149 4653 1306 4717 servituro
1331 4654 1477 4734 congruis
1500 4653 1713 4734 porcionibus,
1742 4672 1781 4717 cx
1812 4653 1927 4734 quibus
1957 4652 2058 4732 possit

542 4781 717 4846 congruam
741 4761 1009 4825 sustentacionem
1032 4757 1159 4835 babere,
1184 4759 1254 4822 iura
1276 4757 1453 4841 legatorum
1481 4764 1514 4821 et
1543 4759 1728 4822 nunciorum
1763 4758 1848 4821 sedis
1883 4756 2058 4838 apostolice

541 4888 580 4935 ac
614 4866 813 4949 episcopalia
847 4863 1028 4945 persolvere
1062 4870 1095 4926 et
1129 4861 1192 4927 alia
1226 4862 1286 4926 sibi
1322 4862 1538 4926 incumbencia
1572 4881 1670 4926 onera
1700 4866 1899 4941 supportare,
1932 4867 2056 4924 contra·

544 4972 689 5038 dictores
711 4975 771 5034 000.

651 5093 726 5157 Fiat
748 5094 779 5156 in
802 5091 903 5157 10000
926 5091 962 5154 li.

647 5216 728 5280 Item
740 5213 908 5296 supplicat,
922 5217 1080 5294 quatenus
1097 5229 1154 5292 pro
1170 5211 1414 5274 conservacione
1431 5212 1545 5274 iurium
1563 5215 1595 5274 et
1610 5210 1761 5274 bonorum
1779 5210 1854 5275 dicti
1871 5211 2055 5275 monasterii

542 5318 717 5403 dignemini
740 5323 981 5383 conservatores
1004 5316 1107 5380 eidem
1130 5314 1322 5380 monasterio
1346 5313 1421 5377 dare
1445 5318 1478 5378 et
1501 5314 1674 5378 concedere
1697 5334 1753 5396 pro
1779 5316 1869 5379 annis
1890 5320 1922 5379 et
1945 5313 2015 5399 [ad]
2031 5319 2056 5396 ο)

541 5440 655 5501 00000,
679 5422 719 5487 ad
743 5440 823 5503 quos
845 5428 879 5485 et
902 5439 959 5503 pro
982 5421 1097 5502 quibus
1120 5419 1227 5503 placet
1249 5418 1417 5485 sanctitati
1442 5410 1607 5500 predicte(

649 5544 724 5609 Fiat
746 5544 786 5609 ad
810 5544 1059 5626 quinquennium
1081 5544 1118 5606 R.

649 5669 731 5733 Item
748 5665 923 5748 supplicat,
948 5672 1105 5746 quatenus
1129 5666 1231 5729 eidem
1254 5665 1345 5730 tratri
1370 5664 1509 5729 Henrico
1532 5670 1566 5727 00
1589 5664 1683 5727 Petro
1708 5663 1792 5726 dicto
1823 5661 1927 5740 Staclr,
1952 5663 2053 5739 militi,

541 5792 615 5840 cunr
639 5772 772 5853 coniuge
795 5775 828 5834 et
851 5770 949 5834 nobili
973 5768 1084 5833 relicte
1107 5768 1666 5834 ,10000111οΡ000000100100001000
1688 5766 1856 5849 dignemini
1881 5766 2055 5829 concedere
