5184 7050
550 802 612 867 218

546 1008 773 1074 rnansionarios
807 1006 940 1094 soluite)
973 1008 1157 1090 nuncupari,
1189 1008 1308 1091 quique
1341 1012 1525 1074 tenerentur
1555 1013 1588 1073 ct
1613 1008 1767 1075 deberent
1789 1007 1906 1073 cotidie
1929 1007 1960 1073 in
1984 1008 2054 1089 ipsa

546 1133 673 1179 manere
696 1113 831 1178 ccclesia
853 1120 886 1185 et
909 1114 1008 1178 eciam
1032 1114 1172 1178 residere
1195 1134 1232 1178 ac
1255 1114 1465 1196 personaliter
1480 1120 1513 1179 et
1528 1133 1589 1178 uon
1605 1133 1662 1196 per
1677 1114 1773 1178 alium
1789 1114 1876 1179 lroris
1893 1114 2054 1178 canonicis

547 1220 694 1306 continue
717 1220 881 1296 interesse,
905 1218 945 1281 de
968 1237 1048 1282 novo
1071 1219 1200 1296 crearit,
1224 1219 1337 1282 statuit
1360 1238 1396 1283 ac
1410 1218 1437 1305 r)
1460 1220 1560 1283 eciam
1583 1219 1741 1284 ordinarit
1766 1223 1800 1282 et
1829 1217 1940 1297 voluit,
1970 1217 2054 1299 quod

547 1324 623 1388 dicti
646 1324 848 1388 mansionarii
872 1323 1013 1387 habitum
1036 1324 1201 1387 decentem
1224 1324 1308 1387 intra
1329 1328 1363 1387 et
1384 1329 1476 1387 extra
1501 1323 1667 1388 ecclesiam
1697 1340 1756 1388 suo
1786 1322 1949 1404 proposito
1981 1341 2053 1386 con-

546 1433 711 1509 gruentem
741 1434 774 1491 et
804 1433 965 1491 tonsuram
995 1428 1119 1492 clericis
1150 1428 1234 1492 dicte
1264 1428 1399 1491 ecclesie
1427 1429 1594 1510 Pragensis
1618 1427 1808 1492 conformem
1830 1431 1995 1509 gestarent
2016 1446 2053 1490 ac

547 1533 829 1597 sustenstacionem
846 1552 903 1614 pro
915 1533 1112 1596 restituentis
1128 1538 1161 1595 et
1175 1532 1247 1596 aliis
1262 1533 1451 1597 necessariis
1466 1533 1507 1596 de
1530 1533 1596 1596 suis
1612 1532 1813 1614 porcionibus
1825 1528 2052 1616 [haberentlffl

546 1656 625 1717 quas
649 1656 704 1717 pro
727 1636 860 1718 sirrgulis
882 1636 978 1715 horle,
1002 1637 1034 1700 in
1057 1638 1171 1718 quibus
1194 1637 1350 1719 usquead
1368 1635 1462 1701 finem
1485 1655 1593 1701 earum
1617 1637 1817 1714 interessent,
1842 1654 1899 1717 per
1921 1652 2051 1716 precen-

546 1746 646 1805 torem
670 1741 855 1823 predictum,
879 1742 933 1822 qui
956 1747 1042 1805 esset
1063 1761 1120 1823 pro
1143 1747 1295 1823 tempore,
1320 1748 1353 1806 et
1375 1761 1470 1806 unum
1501 1761 1540 1806 ex
1570 1742 1663 1805 dictis
1694 1740 1923 1819 mansionariis,
1958 1757 2052 1820 quem

547 1864 654 1909 omnes
669 1845 720 1909 rel
735 1846 834 1910 rrraior
849 1865 923 1927 pars
939 1846 1109 1910 eorundem
1124 1847 1405 1912 mansionariorum
1428 1846 1575 1910 duxerint
1598 1845 1787 1927 eligendum,
1809 1844 1864 1925 qui
1887 1843 2052 1908 coadiutor

547 1969 603 2013 seu
623 1955 809 2031 cooperator
824 1949 978 2031 appellari
1000 1951 1132 2015 deberet
1144 1950 1171 2035 ¹¹)
1194 1956 1227 2014 et
1249 1951 1319 2015 eius
1341 1949 1479 2015 officium
1503 1970 1559 2031 per·
1581 1969 1678 2014 unum
1701 1967 1816 2013 aunum
1834 1947 2052 2012 tantummodo

547 2054 729 2135 perdurare,
741 2055 761 2135 ί)
785 2073 822 2118 ac
845 2054 964 2119 eisdem
988 2056 1019 2118 in
1041 2056 1177 2137 pecunia
1197 2061 1363 2120 numerata
1385 2056 1453 2120 dari
1483 2060 1517 2119 et
1549 2055 1696 2120 distribui
1730 2050 1857 2138 [voluit]
1871 2051 1891 2131 ¹)
1913 2052 1947 2116 in
1969 2052 2052 2116 huuc

547 2158 688 2223 modum:
713 2158 861 2223 videlicet
884 2164 919 2222 ut
941 2158 1072 2239 singulis
1095 2159 1216 2238 diebus,
1240 2161 1354 2242 quibus
1377 2161 1439 2241 ipsi
1461 2159 1639 2225 matutinali
1661 2154 1979 2223 interessentotficio
2002 2155 2051 2220 vel

547 2263 652 2339 misse,
676 2269 819 2344 quatuor,
843 2262 975 2345 siugulis
998 2264 1069 2328 aliis
1092 2283 1166 2328 vero
1189 2264 1275 2328 boris
1298 2265 1377 2328 duos
1400 2283 1514 2345 parvos
1537 2264 1683 2328 denarios
1706 2262 1863 2326 currentis
1882 2266 1915 2325 et
1930 2260 2052 2325 usualis

546 2373 671 2430 rnorrete
704 2367 821 2430 babere
855 2367 1018 2445 deberent,
1026 2371 1060 2449 ¹¹¹)
1095 2370 1232 2432 minores
1266 2376 1371 2433 autem
1396 2369 1528 2433 clericos
1551 2368 1787 2445 nrarrsionarios,
1810 2366 1865 2447 qui
1887 2366 2052 2430 matutinis

548 2478 604 2534 aut
626 2472 721 2535 unisse
745 2472 944 2550 interessent,
969 2473 1057 2551 duos,
1081 2473 1213 2553 siugulis
1236 2473 1307 2537 aliis
1331 2493 1405 2537 sero
1428 2473 1514 2537 lroris
1538 2491 1632 2536 unmn
1649 2471 1796 2535 denarios
1818 2470 1903 2534 dicte
1926 2476 2053 2534 monete

546 2576 689 2656 recipere
713 2575 811 2639 voluit
834 2594 905 2639 esse
928 2582 1101 2655 contentos,
1126 2596 1234 2641 eorum
1256 2577 1452 2660 negligencia
1474 2597 1512 2641 eo
1535 2577 1626 2640 ruodo
1647 2596 1703 2658 per
1719 2580 1937 2657 preceptorem
1952 2573 2051 2638 mulc-

548 2679 654 2757 tanda,
672 2685 766 2760 prout
781 2699 877 2761 supra
893 2681 1023 2744 cuilibet
1038 2681 1141 2745 officio
1158 2700 1213 2745 sen
1230 2681 1317 2746 lroris
1333 2683 1448 2747 (livinis
1464 2682 1665 2745 interessenti
1681 2680 1742 2744 luit
1757 2699 1813 2761 pro
1829 2698 1888 2743 sua
1903 2678 2053 2759 porcione

547 2801 741 2864 exprressum,
772 2789 806 2847 et
834 2785 927 2865 qrrod,
959 2786 1107 2867 qrricquid
1133 2788 1173 2850 ob
1196 2787 1423 2868 negligenciam
1446 2786 1622 2867 aliquorum
1644 2790 1831 2862 rernaneret,
1854 2790 1921 2847 tres
1944 2788 2052 2864 partes

547 2888 704 2969 porcionis
728 2890 918 2953 r·ernauentis
943 2890 1024 2953 inter
1046 2891 1274 2955 nransiouarios
1309 2890 1412 2955 cilicio
1435 2892 1671 2967 interessentes,
1692 2894 1806 2971 quarta
1827 2907 1902 2951 vero
1926 2887 2051 2951 clericis

548 2992 748 3072 pauperibus,
772 2994 919 3072 quicum
943 2994 1020 3075 ipsis
1043 2996 1261 3059 mansionariis
1284 2995 1387 3060 officio
1410 2995 1589 3059 lminsmcdi
1616 2996 1816 3070 interessent,
1840 3011 1897 3073 per
1920 3010 2051 3073 precen-

545 3103 646 3159 torem
670 3102 702 3159 et
716 3097 938 3161 ¹coadiutorem
960 3117 1016 3162 seu
1040 3106 1276 3181 cooperatorem
1300 3102 1369 3165 eins
1392 3099 1618 3164 (lividarentur.
1666 3098 1816 3178 Idemque
1847 3095 1986 3160 Karalus
2009 3094 2048 3159 ad

545 3200 725 3264 huiusmodi
748 3201 893 3266 lrorarum
917 3209 950 3265 et
972 3204 1153 3284 porcionem
1177 3205 1434 3269 distrilmcionem
1457 3204 1516 3267 hoc
1539 3204 1630 3266 rnrrdo
1653 3200 1829 3267 laciernlam
1845 3206 1877 3262 et
1893 3196 2048 3281 perpetuo

547 3305 729 3368 ‹lirraturam
752 3307 924 3388 assignarit
947 3315 979 3371 et
1002 3310 1200 3372 irrevocabili
1224 3310 1396 3373 donaeione
1420 3329 1489 3373 curn
1513 3309 1658 3371 ormribus
1687 3307 1819 3384 iuribus,
1839 3304 2049 3378 libertatibus,

546 3410 791 3474 obrerrcionibus
814 3418 846 3474 et
869 3413 1072 3492 pertinenciis
1091 3415 1167 3491 siris,
1184 3415 1233 3477 ins
1248 3419 1352 3478 tamen
1377 3418 1561 3495 patronatus
1584 3413 1645 3475 sibi
1668 3410 1850 3493 sprecialiter
1873 3427 2049 3484 reseruaus,

547 3513 676 3576 donarit
698 3514 780 3578 bona
802 3535 868 3593 sua,
903 3536 965 3597 (pne
999 3518 1081 3582 iusto
1116 3520 1287 3601 empcionis
1321 3517 1414 3582 titulo
1437 3523 1674 3599 ‹nunpararerat
1696 3535 1752 3580 seu
1775 3514 1989 3596 acquisiverat
2011 3512 2049 3577 ab

553 3618 705 3699 Hyncone
724 3620 764 3682 de
780 3620 954 3706 Naclrorl,¹·)
977 3623 1125 3688 virlelieet
1148 3623 1358 3704 'l'nyrnyerolo
1375 3629 1407 3686 et
1421 3624 1611 3699 lassentur)
1635 3623 1666 3685 in
1682 3622 1796 3702 qrrilurs
1810 3625 1884 3682 sunt
1899 3617 1939 3682 de
1955 3618 2050 3682 certis

550 3723 727 3786 redditibus
750 3730 879 3788 ceruum
899 3727 1065 3806 etriginti
1088 3747 1246 3808 srrxagene
1276 3747 1455 3809 grossorum
1480 3726 1679 3790 (lanariorum
1711 3724 1927 3805 Pregerrsinm,
1958 3740 2050 3786 sexa·

545 3828 632 3906 ginta
654 3846 781 3907 grossos
805 3847 860 3908 pro
884 3843 1041 3909 sexagena
1064 3831 1205 3912 qualibet
1227 3834 1447 3914 computando,
1471 3839 1504 3896 et
1525 3834 1557 3896 in
1580 3831 1713 3906 alonim,
1741 3848 1835 3910 quarn
1866 3833 1987 3892 emerat
2010 3828 2047 3890 ab

547 3930 669 3995 (letone
703 3932 880 4012 pannicula,
911 3934 979 3996 cire
1002 3936 1163 4014 Pragensi,
1188 3938 1218 4000 in
1242 3957 1304 4019 qrra
1326 3944 1399 4001 srrrrt
1422 3939 1521 4002 critiam
1544 3937 1709 4017 sexaginta
1731 3935 1868 4015 qrrinque
1892 3929 2048 4012 sexagena

546 4055 735 4114 grossorum,
759 4055 796 4099 ac
819 4037 961 4116 llrotam,
986 4040 1016 4102 in
1040 4061 1102 4121 (prta
1124 4048 1197 4105 snut
1219 4043 1390 4106 tresdecim
1413 4061 1569 4123 sexageno
1593 4058 1772 4120 mossarum
1796 4039 1834 4100 de.
1859 4037 1955 4101 certis
1979 4034 2048 4099 red·

548 4138 675 4216 ditilms,
698 4139 790 4203 uillas
814 4141 981 4221 Pragensis
1005 4144 1149 4222 rlioeesis,
1183 4166 1261 4227 qrras
1296 4151 1533 4228 cornparaverat
1565 4151 1598 4208 ct
1630 4148 1752 4209 emerat
1774 4162 1793 4206 a
1814 4141 1980 4205 Renmndo
2010 4140 2048 4202 de

548 4242 769 4324 Kostomlatt‘)
794 4246 912 4324 rolens,
936 4253 971 4311 ut
994 4250 1032 4313 de
1056 4270 1152 4315 censu
1175 4252 1331 4316 ‹lictarum
1355 4251 1498 4315 uillarum
1524 4269 1580 4331 per
1603 4254 1821 4330 precentorem
1845 4245 1994 4309 colleccio
2017 4250 2048 4307 et

546 4346 731 4412 distribucio
763 4350 920 4414 cotidiana
950 4372 1006 4433 pro
1036 4355 1169 4436 singulis
1199 4356 1285 4420 boris
1316 4357 1476 4421 nocturnis
1506 4363 1540 4419 et
1566 4355 1686 4418 diumis
1709 4359 1743 4418 et
1764 4352 1862 4416 missa
1884 4369 1923 4414 eo
1946 4348 2047 4424 modo,

547 4469 608 4530 quo
632 4452 848 4531 supradictum
871 4460 930 4532 est,
954 4455 1045 4521 fieret
1067 4464 1100 4521 et
1123 4457 1191 4523 fieri
1215 4461 1348 4524 deberet
1370 4481 1439 4525 curn
1456 4460 1570 4527 ellectu
1593 4480 1651 4541 per
1673 4458 1808 4523 enrrdenr
1831 4459 2048 4536 preceptorem

546 4572 602 4616 seu
626 4555 839 4621 coadiutorem
862 4559 912 4623 rel
936 4570 1172 4643 cynoperstorem
1196 4567 1305 4645 ipsius,
1329 4567 1474 4647 qnodque
1498 4565 1632 4647 qrrilibet
1654 4583 1692 4628 ex
1716 4563 1793 4644 ipsis
1819 4558 2048 4630 mansionariis,

546 4658 599 4737 qui
622 4678 730 4722 orrrues
753 4660 846 4726 lroras
869 4664 919 4728 rel
943 4666 1079 4748 aliqumn
1103 4688 1212 4732 earnm
1235 4669 1420 4751 negligeret,
1443 4670 1586 4734 totaliter
1609 4689 1627 4732 a
1650 4666 1812 4732 commodo
1842 4682 1900 4727 seu
1931 4660 2049 4727 emolu·

545 4767 650 4825 mento
682 4783 738 4844 pro
768 4765 854 4830 boris
884 4787 940 4831 seu
971 4771 1048 4834 lmra
1078 4773 1230 4854 deputata
1259 4773 1370 4837 eadem
1400 4775 1451 4837 die
1483 4775 1609 4856 penitus
1639 4773 1722 4838 foret
1744 4769 1903 4846 exclusus,
1926 4767 1987 4831 nisi
2010 4783 2048 4829 et

547 4866 728 4930 racionabili
752 4888 848 4934 causa
871 4871 910 4936 de
933 4872 1113 4940 licencia..
1137 4876 1248 4941 decani
1272 4877 1407 4942 ecclesie
1430 4879 1610 4957 Progensis,
1634 4877 1687 4958 qui
1710 4875 1793 4940 foret
1815 4893 1873 4954 pro
1891 4878 2046 4952 temptare.

545 4967 593 5030 rel
618 4973 823 5051 precentoris,
847 4975 874 5038 si
898 4974 956 5039 lroc
979 4979 1040 5043 sibi
1063 4979 1201 5044 decanus
1225 4983 1357 5047 duceret
1379 4983 1647 5058 committemlum,
1671 4998 1706 5043 se
1726 4979 1841 5059 aliquis
1856 4977 2048 5047 absentaret,

545 5092 607 5152 rura
629 5094 712 5155 pena
736 5083 953 5156 precentorem
976 5084 1108 5165 astringi
1130 5085 1231 5150 noluit
1254 5094 1384 5169 propter
1407 5088 1534 5151 crebras
1558 5088 1641 5151 circa
1671 5087 1753 5149 bona
1783 5082 1929 5165 predicta
1958 5098 2048 5142 orcu-

545 5177 702 5256 paciones,
726 5180 876 5245 ordinans
900 5185 984 5250 idem
1009 5188 1154 5266 Karalus,
1179 5191 1262 5270 qrrod
1286 5211 1393 5256 onmes
1416 5193 1620 5255 rnarrsicnarii
1645 5191 1778 5272 predicti
1795 5191 1826 5252 in
1842 5188 1962 5262 habitu,
1980 5204 2049 5265 pro

544 5281 687 5345 cessione
710 5290 743 5347 et
766 5285 879 5350 officiis
902 5289 969 5353 sire
985 5290 1070 5355 boris
1088 5294 1118 5355 in
1134 5294 1246 5358 tradem
1270 5297 1406 5361 ecclesia
1427 5304 1570 5379 tempore
1594 5299 1706 5361 estatis
1730 5295 1917 5360 (lacentibus
1939 5310 2049 5374 super·

544 5383 678 5464 pelliciis
713 5394 746 5451 et
780 5389 917 5468 birretis,
952 5399 1095 5475 tempore
1130 5417 1254 5479 quoque
1288 5402 1414 5466 hiemali
1429 5403 1457 5488 t)
1492 5407 1578 5486 capis
1609 5414 1654 5470 et·
1670 5411 1773 5473 mitris
1797 5414 1836 5477 de
1858 5417 1947 5482 uario
1971 5421 2050 5485 infra

543 5487 682 5551 diuinum
705 5490 843 5557 officium
867 5496 905 5559 ad
929 5498 1056 5562 modum
1080 5501 1310 5569 installatorum
1333 5508 1468 5573 rrrrrrlesie
1503 5512 1671 5592 Progensis
1705 5524 1888 5598 uter·entur·;
1923 5524 2049 5589 stallum

544 5610 629 5669 uero,
653 5613 722 5658 cum
747 5598 875 5661 eosdem
898 5603 1126 5668 mansionarios
1150 5627 1218 5672 cmn
1244 5609 1375 5690 prelatis
1398 5617 1556 5680 carronicis
1588 5618 1757 5685 installatis
1789 5626 1828 5689 ad
1860 5631 2048 5696 cantandum

544 5695 670 5760 missam
693 5699 744 5762 rel
767 5708 950 5783 resperas‘)
973 5706 1085 5772 diebus
1108 5710 1301 5777 solemnibus
1324 5722 1360 5779 ut
1384 5717 1463 5782 infra
1488 5721 1613 5785 dicetur
1636 5743 1823 5797 concurrere
1842 5739 2048 5823 contingeret,
