5184 7050
1900 852 1940 929 iu

415 1064 533 1137 titulis
556 1063 725 1154 insignitas
748 1065 872 1139 sincera
897 1072 1065 1154 diligentes
1081 1073 1113 1136 in
1130 1072 1254 1136 domino
1272 1056 1407 1136 caritate
1430 1073 1642 1153 peticionibus
1665 1060 1780 1138 vestris
1804 1073 1940 1138 libenter

419 1177 609 1254 annuimus,
643 1176 708 1240 illis
741 1177 919 1256 presertim,
955 1194 1036 1257 quas
1070 1194 1108 1239 ox
1143 1162 1257 1240 affectu
1289 1175 1470 1240 devocionis
1502 1177 1674 1257 procedere
1696 1182 1939 1258 vestrarumque

420 1280 606 1344 animarum
630 1279 766 1344 salutem
789 1280 950 1360 respicere
973 1281 1141 1344 intuemur.
1165 1278 1249 1343 Hinc
1271 1279 1428 1360 estquod
1452 1298 1518 1358 nos,
1544 1299 1568 1343 c.
1593 1280 1613 1344 f.
1638 1300 1667 1344 rr.
1689 1280 1838 1362 Plrilippi,
1854 1282 1939 1363 regis

421 1383 565 1448 Francie
588 1384 732 1461 illustris,
750 1384 841 1449 nobis
864 1402 961 1465 super·
975 1372 1035 1447 lroc
1051 1384 1213 1447 humiliter·
1229 1382 1450 1463 supplicantis,
1470 1389 1502 1447 et
1518 1385 1633 1447 vestris
1649 1383 1939 1464 supplicacionibus

422 1487 584 1566 inclinati,
608 1494 644 1551 ut
667 1487 838 1565 corrfessor·,
862 1506 955 1568 quern
978 1494 1119 1552 vestrum
1142 1487 1277 1568 quilibet
1301 1487 1427 1550 duxerit
1450 1487 1638 1568 eligendum,
1663 1488 1801 1551 ornniunr
1827 1506 1940 1568 pccca-

423 1598 535 1658 torum
557 1580 744 1670 vestrorum,
769 1594 808 1657 de
831 1594 947 1673 quibus
970 1611 1025 1657 ore
1049 1591 1184 1655 confessi
1209 1596 1242 1655 et
1264 1592 1360 1656 eorde
1383 1593 1509 1656 contriti
1534 1592 1669 1669 fueritis
1694 1591 1792 1656 semel
1815 1597 1938 1656 tanturn

424 1697 463 1761 in
484 1697 594 1761 mortis
618 1696 753 1761 articulo
776 1696 903 1776 plenam
926 1695 1144 1760 remissionem
1167 1696 1257 1759 vobis
1281 1696 1313 1758 in
1336 1696 1521 1759 sinceritate
1544 1695 1618 1759 lirlei
1634 1702 1667 1759 et
1683 1697 1806 1760 unitate
1829 1701 1939 1760 sancte

423 1801 572 1865 Romane
602 1799 737 1863 ecclesie
767 1819 804 1864 ao
835 1799 1022 1863 obediencia
1052 1805 1084 1862 et
1119 1799 1290 1862 devocione
1313 1804 1422 1863 nostra
1445 1799 1496 1862 vel
1519 1818 1737 1864 successorum
1759 1806 1939 1864 nostrorum

423 1905 643 1969 Romanorum
677 1904 861 1985 pontificum
891 1905 1042 1968 canonice
1065 1904 1255 1967 intraneimn
1278 1905 1525 1983 persistentibus
1548 1905 1740 1969 austeritate
1763 1904 1939 1985 apostoliea

427 2009 606 2074 concedere
629 2009 745 2086 valeat,
770 2009 933 2073 devociorri
957 2014 1062 2073 vestre
1086 2016 1195 2072 tenore
1219 2009 1418 2088 presencium
1435 2008 1644 2089 indulgemus
1661 2010 1707 2072 sie
1721 2015 1837 2087 tamen,
1855 2008 1938 2088 quod

428 2115 516 2178 idem
533 2112 831 2192 corrfessordolriis,
846 2113 1013 2193 dequibus
1029 2113 1126 2177 tuerit
1142 2112 1236 2177 alteri
1252 2112 1434 2177 satisfaccio
1451 2113 1671 2192 impendenda,
1684 2133 1753 2177 earn
1776 2113 1866 2176 vobis
1882 2131 1939 2192 per·

427 2237 498 2296 vos,
520 2219 546 2281 si
563 2217 815 2297 supervixeritis,
831 2217 881 2280 vel
898 2235 956 2296 per·
971 2216 1105 2281 heredes
1127 2223 1262 2293 vestros,
1287 2217 1314 2279 si
1337 2222 1413 2280 tuno
1436 2216 1518 2280 forte
1540 2218 1743 2295 transieritis,
1759 2216 1937 2281 iacicndmn

428 2323 587 2403 iniungat,
604 2340 699 2403 quarn
716 2340 771 2384 vos
786 2321 837 2384 vel
854 2321 898 2385 illi
917 2321 1024 2385 tacere
1047 2321 1218 2386 teneamini
1242 2325 1278 2384 ut
1300 2320 1469 2400 prefertur.
1493 2321 1537 2385 Et
1552 2322 1690 2403 nequod
1705 2323 1790 2386 absit
1808 2327 1939 2401 propter·

428 2425 613 2489 huiusmodi
629 2426 769 2506 graciam
785 2426 963 2512 reddamini
979 2425 1185 2505 procliviores
1208 2424 1249 2487 ad
1273 2424 1385 2488 illicita
1409 2425 1614 2505 imposterum
1634 2425 1868 2503 committenda,
1885 2444 1938 2488 vo·

427 2529 652 2610 lnmusquod,
668 2530 695 2593 si
712 2549 749 2592 ex
774 2529 968 2593 conlidenoiu
991 2529 1188 2593 remissionis
1211 2528 1392 2593 huiusmodi
1415 2529 1523 2610 aliqua
1546 2528 1628 2593 forte
1651 2524 1937 2614 connrritteretisb)

428 2634 537 2715 quoad
560 2633 616 2697 illa
639 2634 784 2713 predicta
807 2635 952 2697 remissio
975 2634 1065 2697 vobis
1088 2633 1271 2697 nullatenus
1295 2633 1495 2714 suffragetur.
1537 2633 1625 2697 Nulli
1649 2653 1722 2715 ergo
1746 2639 1805 2696 etc.
1830 2639 1938 2696 nostre

428 2739 647 2801 cericessienis
670 2745 703 2802 et
727 2738 900 2802 voluntatis
924 2738 1095 2819 infringere
1119 2744 1178 2802 ete.
1214 2739 1252 2802 D.
1277 2738 1435 2802 Auinione
1458 2756 1528 2801 nou.
1553 2737 1642 2801 Junii
1665 2756 1694 2817 p.
1720 2756 1748 2800 n.
1773 2756 1801 2800 a.
1826 2737 1936 2817 primo.

535 2953 683 3007 (lamentis
704 2954 740 3006 l'l
759 2956 783 3005 A
803 2954 844 3020 bi
864 2956 919 3020 (62³)
939 2952 957 3006 f.
979 2959 1036 3018 100,
1056 2953 1089 3006 de
1108 2954 1279 3007 absolutione
1299 2970 1345 3020 qu.
1365 2959 1422 3004 1-1
1441 2950 1471 3004 V.
1493 2957 1539 3004 rol
1560 2952 1577 3006 f.
1597 2958 1628 3004 61
1649 2967 1674 3004 n.
1687 2958 1746 3004 ibe.
1761 2979 1792 2990 ·-
1807 2955 1830 3017 π)
1844 2952 1937 3016 ,nostri

426 3040 557 3108 Philippi‘
578 3039 734 3108 suppletum
753 3041 780 3093 in
799 3040 921 3107 margine
940 3043 972 3093 Α.
988 3041 1011 3105 ¹³)
1031 3041 1246 3105 ,committeritis‘
1267 3042 1297 3107 A,
1317 3055 1385 3092 corr.
1405 3038 1439 3091 ab
1458 3037 1571 3092 editore.

429 3653 492 3715 16.
510 3648 629 3713 Abbati
644 3649 829 3712 atomisterii
843 3648 1082 3713 Br'conociorosr's
1096 3648 1279 3726 accindatur,
1295 3653 1451 3730 quotenos
1466 3670 1514 3727 eo,
1531 3670 1611 3730 poue
1626 3649 1664 3712 cte
1678 3647 1765 3711 bortis
1788 3647 1937 3712 ecelesiae

433 3752 700 3834 lysscqradensts
729 3752 871 3817 alienato
902 3754 1055 3816 ¹rfrrcenerit
1085 3752 1194 3816 illicite
1223 3752 1270 3816 oet
1301 3753 1467 3827 distructo,
1499 3754 1543 3817 ort
1572 3753 1621 3816 ios
1652 3757 1682 3816 et
1708 3752 1937 3835 proprietatem

880 3859 983 3923 dictive
1005 3858 1153 3922 ecclesiae
1175 3878 1320 3921 revocure
1336 3861 1492 3940 procuret.

1431 4048 1594 4126 Actoridae,
1617 4050 1703 4111 1342
1725 4047 1818 4113 June
1840 4050 1891 4129 13,

533 4242 682 4305 Clemens
706 4242 884 4321 ‹priscopus
902 4260 926 4303 s.
945 4260 968 4302 s.
987 4240 1027 4315 d,
1041 4240 1069 4303 d.
1090 4241 1110 4303 l.
1136 4240 1244 4304 abbati
1268 4241 1452 4303 monasterii
1476 4240 1740 4318 llrevnouiensis,
1765 4241 1936 4322 Pragensis

431 4347 578 4423 diocesis
595 4364 619 4409 s.
639 4352 671 4408 et
688 4365 715 4408 a.
733 4345 762 4408 b.
781 4345 840 4407 lul.
858 4344 888 4408 tl.
907 4343 1039 4423 capituli
1063 4344 1197 4407 ecclesie
1213 4343 1486 4424 wissegradensis
1509 4362 1608 4424 prope
1630 4344 1765 4424 Pragam
1788 4346 1936 4425 precibus

429 4449 573 4514 inclinati
596 4450 795 4529 presencium
818 4449 876 4512 tibi
901 4449 1092 4511 auctoritato
1115 4448 1312 4526 mandamus,
1330 4453 1487 4529 qrratenus
1511 4466 1559 4524 ea,
1576 4467 1638 4527 que
1661 4448 1701 4512 de
1724 4448 1814 4512 bonis
1834 4448 1936 4527 ipsius

431 4554 566 4617 ecclesie
590 4553 731 4616 alineata
755 4554 913 4616 inveneris
936 4552 1049 4615 illicite
1072 4552 1121 4615 vol
1156 4553 1320 4630 distructa,
1351 4553 1392 4616 ad
1416 4552 1465 4615 ius
1489 4557 1521 4615 et
1543 4552 1771 4631 proprietatem
1794 4552 1935 4615 eiusdem

430 4658 564 4721 ecclesie
597 4657 738 4738 legitirrre
767 4675 918 4719 revocare
949 4674 1108 4737 procures,
1141 4655 1392 4720 contradictores
1415 4675 1472 4735 per·
1496 4674 1661 4719 eerrsuranr
1685 4656 1935 4719 ecclesiasticam

430 4761 650 4843 appellatione
684 4761 863 4841 postposita
898 4761 1135 4841 omrpesoemlo,
1171 4765 1271 4826 testes
1307 4766 1422 4837 autem,
1446 4761 1500 4841 qui
1523 4760 1641 4823 fuerint
1663 4761 1826 4837 nominati,
1851 4761 1877 4823 si
1901 4779 1936 4823 se

429 4866 547 4945 gracia,
579 4864 651 4928 odio
683 4863 732 4927 vel
762 4864 875 4927 timore
906 4864 1132 4940 subtraxerint,
1165 4882 1299 4926 crnrsrrra
1323 4863 1418 4926 simili
1442 4863 1661 4943 appellacione
1685 4868 1831 4928 cessante
1855 4882 1937 4927 eorn-

428 4969 532 5049 pellus
555 4968 685 5031 veritati
708 4969 924 5031 testinronimrr
948 4967 1124 5048 perbibere.
1150 4969 1187 5032 ll.
1213 4968 1370 5031 Arrirrione
1394 4968 1434 5031 id.
1459 4967 1547 5031 Junii
1571 4986 1600 5047 p.
1626 4988 1654 5032 n.
1680 4988 1707 5031 a.
1725 4969 1835 5048 primo.

532 5181 674 5249 lsslriginale
693 5183 720 5234 in
739 5182 858 5235 archivio
877 5184 1035 5237 monasterii
1056 5183 1273 5247 Bievnoviensis,
1292 5199 1353 5234 curn
1372 5180 1447 5234 bulla
1466 5181 1594 5249 plumbea
1618 5180 1766 5236 Clementis
1791 5198 1878 5250 papae
1898 5181 1935 5235 VI

424 5271 451 5322 in
470 5270 518 5323 tile
538 5270 660 5322 canabis.
683 5269 731 5322 llil.
750 5270 862 5322 llobner
879 5271 967 5324 lllHll.
988 5270 1023 5322 l'l
1043 5287 1069 5338 p.
1090 5277 1130 5324 tn.
1151 5271 1243 5324 lfmlor
1264 5269 1347 5321 rtem.
1369 5269 1408 5321 IV
1433 5285 1458 5319 n.
1485 5273 1557 5319 1140.
1582 5268 1613 5320 ln
1637 5267 1761 5336 registris
1786 5267 1934 5322 Clementis

423 5373 513 5426 papae
534 5354 572 5408 Vl
591 5364 649 5407 tum
671 5355 908 5409 Avenionensibrrs
928 5366 983 5408 turu
1004 5356 1142 5410 Vaticanis
1161 5373 1213 5409 non
1233 5365 1275 5409 est
1294 5364 1442 5424 repertum.
1477 5354 1592 5407 Taxatio
1611 5354 1694 5409 deest.
