5184 7050
1865 833 1929 902 bll

417 1034 511 1102 876.
535 1032 828 1112 &mandatarii
849 1036 956 1100 siracti
979 1037 1088 1101 Marci
1104 1036 1290 1119 presbytero
1314 1036 1485 1114 cardinali,
1502 1039 1707 1122 respondetur
1728 1040 1767 1105 dc
1783 1041 1932 1125 pluralia

416 1138 574 1218 ariiailis,
597 1139 630 1203 in
652 1137 769 1203 litteris
792 1139 859 1203 eius
883 1141 1046 1218 contraiis,
1064 1143 1196 1222 praeter
1226 1140 1294 1204 alia
1317 1142 1414 1205 eiiam
1437 1142 1481 1207 od
1506 1142 1663 1223 Caralim,
1687 1166 1791 1225 regem
1814 1147 1927 1211 Roma·

989 1264 1111 1324 aarum,
1130 1243 1374 1328 pertinentibus.

1390 1349 1554 1428 Acinioae,
1579 1352 1666 1417 1347
1688 1351 1814 1436 Aprilis
1834 1352 1888 1421 30.

525 1558 563 1622 D.
587 1556 933 1635 summoneatur
957 1558 1060 1623 sancti
1084 1557 1208 1623 Marchi
1231 1558 1418 1642 presbytero
1449 1558 1614 1638 cardinali,
1646 1558 1822 1641 apostolice
1845 1561 1932 1627 sedis

414 1661 533 1744 legato.
546 1661 569 1740 ¹)
611 1662 766 1727 Diversae
789 1667 843 1727 tuo
866 1662 1039 1744 prudencie
1061 1663 1196 1742 litteras,
1220 1682 1239 1727 a
1262 1661 1324 1728 fine
1346 1663 1464 1728 mensis
1492 1663 1660 1728 Februarii
1692 1664 1834 1745 proximo
1859 1683 1932 1747 pre·

414 1765 506 1831 teriti
529 1766 609 1830 citra
631 1767 723 1831 nobis
746 1766 881 1831 diversis
896 1767 1093 1848 temporibus
1111 1771 1144 1832 et
1159 1767 1281 1832 vicibus
1299 1772 1509 1849 presentatas,
1533 1767 1712 1849 recepimus
1736 1774 1770 1833 et
1785 1773 1933 1833 contenta

416 1870 450 1933 in
475 1871 523 1935 eis
545 1869 640 1952 pleno
665 1869 850 1953 collegimus
873 1869 1048 1950 intellectu,
1080 1876 1114 1936 et
1143 1871 1220 1936 licet
1250 1888 1349 1954 super
1379 1870 1539 1953 aliquibus
1566 1871 1737 1936 earundem
1761 1873 1933 1955 respoude-

415 1974 527 2052 rimus,
553 1975 637 2038 sicut
658 1974 795 2039 vidimus
819 1975 981 2057 expedire,
1006 1975 1143 2041 diversis
1166 1974 1240 2040 iude
1262 1975 1321 2041 tibi
1344 1974 1461 2040 litteris
1484 1976 1662 2057 destinatis,
1686 1975 1789 2041 adhuc
1811 1981 1931 2058 tamen,

414 2083 515 2161 prout
544 2095 583 2142 ex
607 2078 780 2143 earundem
810 2078 991 2144 litterarum
1022 2079 1113 2144 nobis
1144 2079 1282 2144 occurrit
1311 2078 1485 2159 tenoribus,
1517 2080 1704 2162 superbiis
1735 2087 1768 2147 et
1801 2080 1873 2146 aliis
1897 2087 1933 2147 ut

416 2183 565 2264 sequitur
586 2182 815 2264 respondemus
818 2231 1928 2252 .........................................

414 2286 468 2351 Ad
499 2286 554 2351 ilia
583 2305 707 2367 nempe,
739 2305 801 2368 que
832 2287 871 2351 de
902 2307 929 2352 e.
961 2288 993 2352 iu
1025 2286 1081 2352 Ch.
1113 2286 1134 2353 f.
1165 2307 1196 2352 n.
1228 2287 1353 2367 Carula,
1384 2307 1460 2371 rege
1491 2289 1703 2354 Romanorum
1736 2290 1862 2366 illustri,
1895 2309 1933 2355 ac

415 2391 607 2475 quibusdam
631 2392 704 2455 aliis
727 2395 783 2456 tue
806 2393 1039 2474 subiungebaut
1061 2392 1178 2471 littere,
1211 2393 1450 2474 respondemus,
1487 2394 1571 2475 qaod
1595 2394 1634 2458 de
1657 2392 1719 2458 fide
1744 2413 1781 2459 ac
1804 2394 1932 2460 devoci-

414 2514 479 2560 one
502 2497 586 2578 regis
610 2496 763 2574 eiusdem,
781 2497 835 2578 qui
850 2497 940 2561 nobis
956 2498 1040 2562 sicut
1062 2498 1145 2563 nosti
1169 2517 1231 2562 nou
1254 2496 1356 2562 solum
1379 2499 1484 2577 solita,
1501 2499 1558 2563 sed
1581 2499 1681 2563 eciam
1704 2499 1769 2564 alia
1785 2500 1929 2582 prestitit

414 2605 451 2667 et
473 2604 618 2682 prestare
641 2600 737 2665 debet
766 2601 799 2664 in
828 2602 974 2666 manibus
1004 2602 1104 2666 nostri
1136 2602 1284 2684 specialis
1316 2603 1435 2682 nuncii,
1467 2621 1559 2685 quem
1592 2602 1633 2667 ad
1664 2621 1735 2667 eum
1762 2609 1934 2686 propterea

412 2705 572 2784 misimus,
605 2706 792 2786 iuramenta,
824 2704 1019 2786 confidimus,
1051 2706 1134 2788 quod
1166 2706 1207 2771 ad
1238 2705 1355 2789 aliqua,
1387 2726 1449 2789 que
1480 2712 1591 2772 contra
1620 2707 1770 2773 honorem
1802 2714 1835 2774 et
1862 2708 1933 2773 iura

414 2815 530 2876 nostra
553 2815 587 2875 et
609 2810 744 2876 ecclesie
768 2809 927 2890 oederent,
951 2829 1013 2875 uon
1036 2811 1243 2893 attemptabit
1265 2810 1395 2894 aliquid,
1420 2813 1477 2877 sed
1500 2813 1611 2896 pocius
1634 2813 1752 2878 nostris
1775 2818 1808 2878 et
1831 2813 1932 2896 ipsius

414 2914 557 2980 ecclesie
580 2914 790 2997 beneplacitis
814 2933 849 2980 se
873 2920 1024 2997 coaptans
1055 2915 1095 2981 de
1118 2916 1213 2980 terris
1239 2917 1357 2981 uostris
1381 2922 1414 2982 et
1436 2917 1572 2983 ecclesie
1595 2915 1760 2982 inferendo
1784 2916 1931 3000 dampna,

414 3019 595 3084 violencias
618 3019 669 3083 vel
692 3020 824 3085 iniurias
847 3037 882 3084 se
905 3020 1087 3085 nullatenus
1111 3022 1311 3086 intromittet.

415 3228 458 3292 Ι).
482 3228 642 3293 Aninione
667 3227 696 3294 ll
721 3227 784 3293 kal.
808 3227 888 3292 Maii
910 3246 938 3291 a.
963 3227 1082 3310 quinto.

525 3415 674 3470 Clementis
692 3416 731 3468 VI
749 3415 781 3470 V.
802 3421 851 3469 140
871 3419 951 3485 (secr.
971 3431 995 3472 a.
1015 3416 1050 3483 V)
1069 3416 1088 3470 f.
1107 3419 1167 3470 272¹
1186 3434 1213 3471 ιι.
1234 3423 1309 3470 1224.
1328 3416 1380 3471 Ed.
1398 3416 1520 3472 Tbeiner
1544 3417 1609 3471 ΜΗ.
1636 3418 1650 3470 1
1677 3436 1705 3472 u.
1733 3423 1808 3486 1109,
1838 3418 1933 3474 Huber

415 3511 471 3560 50⁴
491 3521 518 3559 a.
539 3509 580 3557 12.
600 3535 632 3546 -
653 3505 674 3568 ¹)
694 3503 722 3558 in
740 3519 825 3573 regno
844 3501 963 3559 Siciliae.

415 4011 512 4077 876.
537 4010 729 4089 Berlrarrdo,
752 4010 840 4074 titali
861 4012 968 4075 sandi
989 4011 1098 4077 Marci
1121 4011 1307 4096 presbytero
1337 4012 1506 4087 cardinali,
1525 4016 1658 4094 praeter
1684 4013 1752 4077 alia
1774 4011 1934 4091 scribitur,

415 4116 497 4181 auos
521 4115 648 4180 aaaiios
672 4115 716 4179 od
740 4114 897 4195 Caralim,
920 4137 1023 4196 regem
1047 4118 1271 4194 Romanarum,
1295 4115 1408 4180 missos
1430 4136 1507 4192 esse,
1538 4119 1574 4180 ui
1597 4115 1800 4196 Ladovicam,
1832 4136 1935 4198 regem

516 4220 713 4301 Huaaariae,
738 4220 777 4285 ab
801 4240 930 4285 accessa
952 4224 982 4284 ei
1005 4221 1205 4302 oppressione
1226 4219 1393 4285 hostilibus
1416 4220 1507 4301 repai
1528 4219 1661 4285 Siciliae
1683 4220 1839 4285 retrabat.

1454 4391 1617 4469 Arinione,
1643 4396 1727 4459 1347
1750 4393 1837 4461 Maii
1857 4396 1889 4460 3.

524 4588 564 4651 D.
588 4586 610 4651 f.
635 4584 821 4663 Bertrando,
845 4584 931 4650 tituli
955 4585 1057 4649 sancti
1081 4583 1204 4649 Marchi
1235 4584 1422 4665 presbytero
1453 4582 1617 4667 cardinali,
1642 4584 1817 4664 apostolice
1841 4584 1928 4650 sedis

413 4692 534 4775 legato.
549 4691 572 4772 ¹)
595 4690 769 4771 Scripsisse
788 4689 846 4753 tibi
861 4688 1071 4766 meminimus
1087 4686 1227 4769 qualiter
1249 4687 1422 4752 carissimis
1438 4687 1470 4751 iu
1488 4685 1614 4752 Christo
1637 4687 1668 4753 ff.
1685 4707 1736 4752 un.
1754 4688 1927 4768 Ludouico,

415 4798 496 4880 regi,
522 4801 555 4861 et
578 4794 756 4873 Elisabeth,
779 4793 924 4875 genitrici
948 4809 1014 4870 sue,
1037 4792 1146 4875 regine
1163 4791 1300 4874 Vngarie
1316 4790 1503 4870 illustribus,
1521 4791 1561 4856 ad
1582 4792 1806 4857 retrahendum
1821 4811 1929 4876 regem

417 4903 525 4984 ipsum
550 4900 589 4963 ab
611 4916 744 4963 accessu
767 4903 800 4962 et
831 4897 1034 4979 aggressione
1064 4896 1154 4978 regni
1185 4896 1294 4962 Sicilie
1317 4900 1442 4960 nostras
1464 4895 1659 4977 providimus
1681 4897 1808 4962 litteras
1832 4897 1929 4962 desti-

415 5006 550 5071 nandas.
598 5004 667 5082 Que
695 5007 802 5066 autem
833 5001 924 5066 uobis
954 5001 1188 5082 rescripserunt
1217 5018 1276 5082 per
1306 5018 1380 5064 suas
1403 5000 1537 5077 litteras,
1562 5001 1652 5066 nobis
1675 5020 1694 5065 a
1716 5018 1773 5065 suo
1797 5002 1930 5085 speciali

417 5109 537 5175 nuncio
561 5113 773 5189 presentatas,
790 5111 845 5171 tue
861 5106 1034 5188 prudencie
1056 5104 1213 5172 reserabit
1236 5103 1363 5185 plenius
1386 5103 1499 5169 cedula
1523 5106 1724 5186 presentibus
1747 5105 1931 5171 interclusa.

414 5214 509 5280 Alias
534 5219 640 5277 autem
666 5231 685 5276 a
708 5212 846 5293 quodam
869 5211 1080 5293 exploratore,
1105 5228 1199 5291 quem
1221 5208 1374 5273 habemus
1406 5208 1606 5291 inpartibus
1637 5208 1785 5290 Vugarie,
1808 5210 1933 5276 litteras

414 5317 609 5399 recepimus,
641 5335 775 5398 quarum
805 5317 922 5382 seriem
957 5315 1020 5380 alia
1053 5314 1176 5380 inclusa
1209 5313 1309 5378 eciam
1344 5313 1457 5377 cedula
1490 5313 1548 5378 tibi
1583 5313 1735 5378 seriosius
1769 5314 1935 5380 indicabit.

419 5424 522 5489 Porro
554 5422 638 5486 scire
667 5427 700 5486 te
731 5421 885 5501 volumus,
915 5420 999 5503 quod
1029 5420 1058 5483 d.
1082 5419 1103 5484 i.
1127 5469 1134 5483 .
1160 5469 1168 5482 .
1192 5417 1255 5482 dux
1285 5417 1480 5484 Venetorum
1510 5435 1568 5501 per
1599 5435 1675 5482 suas
1698 5417 1832 5497 litteras,
1857 5436 1935 5501 quas

421 5529 476 5594 die
500 5526 613 5591 ultima
635 5526 753 5592 mensis
770 5525 889 5608 Aprilis
905 5525 1046 5607 proximo
1061 5523 1207 5607 preteriti
1228 5523 1418 5606 recepimus,
1434 5523 1600 5601 intimavit,
1622 5539 1657 5587 se
1681 5521 1812 5587 credere
1827 5540 1936 5606 regem

416 5633 580 5717 prefatum
596 5631 737 5714 Vagarie
759 5649 958 5713 nequaquam
982 5629 1021 5694 ad
1037 5647 1167 5712 regnum
1191 5627 1300 5695 Sicilie
1322 5628 1474 5692 accedere
1496 5627 1558 5692 isto
1582 5646 1674 5708 anuo,
1695 5626 1772 5709 quia
1794 5626 1833 5692 de
1857 5627 1935 5692 ciri·

410 5745 483 5809 tate
513 5736 722 5823 Zagabrieusi
761 5734 990 5804 retrocedendo
1022 5752 1133 5802 versus
1164 5733 1337 5819 Vugariam
1376 5732 1537 5798 direxerat
1574 5750 1704 5816 gressus
1738 5750 1824 5798 suos.
1870 5731 1933 5800 Sed
