5184 7050
2000 844 2062 910 ste

546 1045 666 1112 rendos
688 1045 790 1111 eidem
813 1048 908 1114 Petro
931 1047 971 1111 de
993 1048 1129 1113 Bancow
1153 1047 1319 1113 donaciani
1348 1048 1525 1130 apostolice
1559 1049 1750 1113 auctoritate
1772 1049 1883 1113 eadem
1913 1054 2058 1115 reservet

546 1150 619 1215 sire
641 1167 698 1216 eos
720 1151 804 1216 dicto
819 1150 916 1216 Petro
936 1151 975 1215 de
990 1152 1126 1216 Bancow
1142 1152 1228 1217 dicta
1242 1153 1433 1217 auctoritate
1449 1153 1591 1217 aurea
1606 1158 1639 1217 et
1654 1152 1805 1234 assignet,
1821 1170 1884 1217 uon
1900 1154 2056 1232 obstante,

546 1254 635 1335 quod
657 1255 742 1321 idem
764 1255 878 1321 Petrus
902 1254 941 1319 de
963 1254 1100 1321 Bancow
1123 1254 1310 1321 beneficium
1334 1257 1587 1321 ecclesiasticum
1611 1275 1682 1321 curn
1705 1275 1780 1321 cura
1802 1257 1853 1321 vel
1876 1258 1944 1322 sine
1972 1275 2058 1335 cura,

546 1363 700 1439 spectans
731 1360 772 1424 ad
802 1360 1007 1426 collacionem
1038 1366 1098 1425 etc.
1124 1410 1155 1424 ..
1179 1361 1320 1442 episcopi
1344 1360 1626 1438 Wratislauiensis
1657 1361 1849 1426 auctoritate
1879 1362 2060 1426 litterarum

545 1467 728 1528 vestrarum
750 1469 927 1545 exspectat,
952 1469 984 1527 et
1007 1484 1077 1529 curn
1100 1466 1245 1531 omnibus
1267 1465 1339 1530 aliis
1363 1483 1424 1529 non
1447 1465 1647 1529 obstantibus
1663 1465 1863 1530 et‘clausulis
1878 1465 2052 1546 oportunis.

653 1567 810 1646 Privatur‚
833 1566 861 1632 si
884 1569 927 1633 sit
949 1569 1004 1644 na
1028 1575 1062 1634 et
1083 1569 1288 1651 provideatur
1320 1568 1367 1633 illi
1388 1568 1484 1634 Petro
1506 1570 1544 1634 R.
1587 1569 1629 1634 dt
1652 1588 1682 1650 q.
1704 1574 1728 1634 t.
1752 1586 1777 1633 s.
1800 1588 1830 1633 a.
1852 1568 1873 1632 l.
1919 1568 1991 1634 Fiat
2014 1569 2052 1634 R.

547 1671 591 1735 D.
615 1671 771 1736 dunione
794 1672 827 1737 ll
848 1690 920 1736 non.
944 1671 1025 1737 Julii
1047 1691 1074 1737 a.
1099 1673 1274 1739 undecimo.
1744 1711 1746 1714 ·

655 1825 804 1880 Clementis
821 1824 858 1878 Vl
874 1824 900 1879 S.
922 1825 985 1894 Xlll
1008 1825 1063 1896 (tt)
1082 1825 1100 1879 f.
1114 1827 1166 1880 ὅθ’.
1185 1858 1217 1866 -
1245 1832 1269 1893 ¹)
1288 1827 1423 1895 ‚omicida‘
1440 1827 1476 1894 8,,
1494 1844 1561 1881 corr.
1582 1827 1616 1882 ab
1636 1826 1749 1882 editore.
1777 1827 1801 1892 b)
1821 1828 2004 1892 ‚subrecticie‘
2023 1829 2048 1882 S.

546 1926 620 1966 corr.
639 1911 674 1966 ab
692 1911 807 1967 editore.
835 1916 857 1977 e)
875 1911 1000 1982 sequitur
1018 1913 1079 1980 ,sui‘
1097 1913 1132 1979 8.,
1152 1928 1204 1967 om.
1223 1914 1258 1968 ab
1277 1913 1393 1969 editore.

544 2296 670 2362 1602.
699 2295 731 2359 U
732 2294 830 2359 tricus
847 2296 884 2361 de
900 2295 1044 2374 Wadfurt,
1066 2295 1157 2361 mites
1179 2295 1340 2370 Ludavici,
1353 2295 1435 2377 repis
1457 2296 1626 2378 Uuqariae,
1643 2297 1804 2381 supplicat
1821 2301 1953 2381 practer
1979 2296 2060 2375 alia,-

542 2402 582 2462 ut
607 2396 740 2462 Nicotaa
762 2398 800 2462 de
825 2399 1015 2479 odanda)
1038 2397 1148 2464 clerica
1174 2400 1365 2467 Gueaneusis
1388 2399 1529 2475 diocesis,
1552 2399 1590 2464 dc
1604 2399 1749 2483 beneficia
1764 2401 1971 2468 ecclesiastica
1991 2401 2061 2466 siue

544 2522 637 2579 cura,
660 2502 793 2583 siquod
823 2502 867 2566 ad
900 2501 1096 2567 collationem
1130 2503 1268 2587 episcopi
1298 2503 1557 2567 Vrctislaaierrsis
1589 2502 1624 2567 iu
1658 2505 1789 2570 ecclesia
1818 2505 2061 2571 Vratislaviensi

542 2609 653 2685 vacat,
675 2605 724 2670 uel
745 2626 816 2670 cum
846 2607 1016 2684 vacaverit,
1046 2607 1254 2690 provideatur
1286 2610 1317 2672 et
1349 2627 1481 2672 ecameu
1512 2606 1543 2671 ei
1574 2608 1767 2675 remittatur.
1812 2610 1899 2691 ‚Ilat
1921 2611 1959 2675 R.
1977 2661 1984 2674 .
2003 2661 2009 2674 .
2027 2661 2059 2675 ..

938 2713 980 2776 D.
1003 2710 1160 2777 Auiuioue
1183 2712 1224 2776 II
1240 2731 1311 2776 uou.
1334 2710 1419 2778 Iulii
1442 2732 1471 2775 a.
1495 2711 1677 2777 undecimo}

1583 2851 1743 2932 numu,
1772 2854 1857 2916 1352
1876 2851 2017 2919 auree:

656 2934 804 2992 Clementis
822 2935 861 2989 vl
878 2934 904 2989 S.
925 2935 1060 3004 X1t1(tt)
1072 2934 1092 2988 f.
1104 2939 1145 2988 tt.
1165 2964 1198 2976 ··—
1225 2933 1417 3019 ⁸).‚0berblcz‘
1435 2935 1462 2990 S.

1200 3111 1407 3122 —0-——

544 3301 669 3367 15⁰3.
717 3297 915 3379 Gudlelruue,
949 3300 1038 3364 tituli
1077 3305 1207 3365 sanetae
1245 3301 1375 3365 Mariae
1411 3301 1446 3364 iu
1484 3301 1648 3367 Cosmedin
1683 3303 1834 3369 diaconus
1871 3302 2059 3383 cardinalis,

543 3403 720 3486 supplicat,
743 3407 780 3468 ut
800 3423 857 3467 suo
880 3404 1012 3486 atrapis
1033 3404 1192 3489 Upper-iae
1215 3404 1389 3488 capellano¹
1405 3403 1548 3471 Jalra'uuc’
1572 3407 1701 3472 Haurici
1723 3407 1760 3471 de
1783 3406 2058 3493 Sclerffembcryb‚

545 3507 587 3572 de
609 3506 847 3574 canonicatibus
869 3511 900 3572 et
916 3507 1107 3590 praebendis
1130 3498 1356 3590 Striyouieusis
1379 3513 1409 3573 et
1430 3508 1613 3576 Jaurieusis
1637 3511 1848 3587 ecclesiarum,
1868 3533 1943 3593 quos
1959 3511 2060 3578 Ladi-

544 3611 639 3676 slaus
656 3612 688 3676 U
689 3610 763 3676 lriei
781 3611 819 3676 de
834 3609 968 3676 Vilcmou
991 3613 1154 3696 resipuere
1175 3611 1319 3692 intend-it,
1336 3613 1555 3696 provideatur.
1580 3614 1669 3690 ‚Fiat
1685 3617 1723 3680 It.
1741 3665 1749 3680 .
1767 3665 1773 3679 .
1792 3666 1799 3681 .
1817 3666 1824 3679 .
1842 3617 1883 3680 D.
1901 3615 2059 3682 Auiuioue

1051 3718 1134 3783 l'III
1151 3715 1195 3781 id.
1218 3716 1304 3783 Jutii
1327 3739 1358 3781 a.
1381 3716 1565 3782 undecima!

1583 3802 1745 3881 Auiuione,
1770 3808 1855 3872 1352
1877 3805 1963 3875 Julii
1984 3810 2014 3873 8.

659 3887 866 3943 Clementislll
884 3887 910 3942 S.
930 3889 996 3959 Xlll
1020 3891 1076 3957 (tt)
1095 3889 1116 3943 f.
1132 3893 1184 3943 ω’.

543 4252 672 4319 1604.
694 4250 827 4332 Paulus,
850 4252 964 4317 electus
990 4254 1171 4334 Gurceusis,
1193 4253 1364 4338 supplicat,
1387 4259 1423 4320 ut
1450 4253 1482 4320 U
1483 4255 1561 4321 trica
1584 4256 1666 4319 dicto
1688 4254 1800 4341 Seboff
1826 4256 1863 4320 de
1893 4257 2057 4339 diyuitate,

542 4352 658 4438 officio
686 4353 733 4420 vel
757 4360 933 4437 personatu
962 4377 1032 4422 cum
1061 4357 1109 4421 ael
1139 4359 1207 4422 siue
1236 4378 1317 4422 cura
1347 4357 1390 4423 ad
1414 4358 1610 4423 collationem
1632 4360 1769 4443 episcopi
1800 4360 2058 4427 Vratislauicueis

537 4458 754 4543 provideatur
775 4462 806 4523 et
827 4458 958 4541 Syruoui
980 4460 1017 4525 de
1041 4462 1174 4542 Lepuicr
1200 4460 1312 4543 pratia
1342 4460 1380 4526 dc
1406 4462 1571 4542 fructibus
1604 4464 1639 4527 in
1668 4462 1812 4528 absentia
1841 4463 2056 4547 percipiendis

1210 4565 1407 4631 concedatur.

1578 4651 1741 4733 aunam,
1765 4655 1851 4720 1352
1873 4652 2019 4721 aurire,

651 4806 816 4889 Supplicat
830 4808 861 4873 S.
878 4807 915 4872 V.
932 4808 1048 4873 devota
1062 4813 1210 4873 creatura
1228 4813 1336 4873 restra
1358 4809 1487 4888 Paulus,
1510 4810 1631 4874 electus
1647 4808 1830 4888 Gurcensis,
1847 4810 2058 4876 ambassiator

541 4910 745 4975 serenissimi
767 4910 920 4994 principis
948 4912 1064 4976 domiui
1096 4912 1289 4997 L[ud0uici]‚
1318 4914 1403 4996 regis
1433 4913 1571 4996 Vngarie
1603 4912 1745 4992 illustris,
1768 4918 1924 4996 quatenus
1948 4914 2055 4980 Vlrico

542 5015 634 5079 dicto
664 5013 778 5093 Scholi,
808 5014 953 5079 eiusdem
983 5017 1068 5099 regis
1098 5021 1131 5081 et
1161 5035 1219 5080 suo
1250 5018 1366 5082 clerico
1400 5017 1585 5100 predilecto
1616 5018 1657 5082 de
1688 5018 1852 5100 dignitate,
1877 5017 1981 5083 officio
2005 5018 2055 5083 vel

541 5123 721 5203 personatu
744 5136 815 5182 cum
837 5137 914 5183 cura
937 5119 987 5183 vel
1011 5120 1079 5183 sine
1102 5139 1186 5197 cura,
1218 5126 1384 5201 spectante
1415 5122 1455 5186 od
1486 5122 1689 5186 collacionem
1714 5171 1746 5185 ..
1771 5123 1912 5203 episcopi
1936 5122 2054 5188 Wrati-

541 5221 728 5300 sianiensis,
751 5227 885 5287 vacante
908 5222 959 5286 vel
981 5229 1132 5288 vacaturo
1156 5225 1187 5288 in
1212 5225 1348 5291 ecclesie
1364 5225 1628 5305 Wratisleuiensi,
1649 5245 1720 5291 curn
1743 5226 1966 5309 acceptacione
1990 5233 2050 5293 etc.

541 5326 719 5407 dignemini
741 5326 918 5409 providere,
942 5329 1183 5405 nonobstante,
1207 5329 1291 5410 quod
1314 5330 1375 5394 sibi
1398 5330 1437 5393 de
1461 5331 1647 5394 canonicatu
1671 5335 1704 5394 et
1726 5330 1888 5412 prebenda
1908 5330 2051 5396 eiusdem

541 5428 684 5495 ecclesie
715 5448 753 5494 ec
786 5430 827 5494 de
860 5432 1061 5513 prepositura
1098 5432 1232 5498 ecclesie
1274 5435 1377 5498 sancti
1410 5433 1517 5517 Egidii
1553 5433 1826 5499 Wratislauiensis
1861 5437 2053 5500 auctoritate

541 5535 726 5599 litterarum
749 5539 927 5599 vestrarum
950 5534 1031 5600 alias
1054 5542 1105 5602 est
1120 5538 1290 5618 provisum,
1308 5555 1363 5601 seu
1381 5538 1465 5620 quad
1481 5539 1580 5603 eciam
1597 5537 1677 5602 alias
1693 5538 1796 5602 eidern
1812 5539 1852 5603 de
1868 5541 2053 5604 canonicatu
2170 5531 2174 5537 ’

541 5638 608 5704 sub
631 5639 872 5719 exspectaciane
894 5640 1055 5721 prebende
1079 5640 1213 5706 ecclesie
1246 5641 1466 5707 Olamucensis
1497 5641 1654 5723 provideri
1683 5643 1865 5723 insudastis,
1890 5663 1960 5708 cunr
1983 5644 2053 5708 aliis

540 5760 611 5808 uon
634 5741 835 5807 obstantibus
859 5747 892 5806 et
915 5743 1068 5809 clausulis
1091 5746 1255 5827 oportunis
1278 5751 1311 5810 et
1334 5747 1566 5811 executoribus.
