5184 7050
546 848 610 915 734

545 1057 666 1124 1418.
699 1053 830 1121 NicoIao
853 1057 891 1121 dc
915 1058 1142 1123 maecenatem
1165 1059 1393 1141 corrfirrumdar
1416 1062 1621 1125 conculcatus
1644 1064 1675 1122 et
1700 1060 1893 1144 praebenda
1916 1059 2054 1125 ccclesiae

597 1212 634 1227 -
789 1160 1056 1241 Vrota'sloaicaasa's,
1080 1182 1156 1244 quos
1179 1183 1248 1228 cum
1273 1164 1407 1228 Honorino
1430 1164 1468 1229 dc
1491 1166 1576 1247 Lipo
1596 1166 1802 1248 pernoctavit.

587 1278 648 1334 .x.
1481 1279 1643 1357 Aviaioac,
1671 1280 1753 1342 1352
1775 1277 1946 1344 Jaauarn·
1968 1279 2017 1341 15.

644 1386 684 1451 D.
707 1385 729 1452 l.
752 1386 884 1453 Nicolao
915 1386 954 1453 de
982 1387 1217 1468 Frankinstein,
1241 1388 1392 1453 canonico
1416 1387 1683 1465 Wratislauiensi,
1707 1408 1732 1453 s.
1757 1392 1819 1454 etc.
1869 1387 2054 1453 Laudabilia

544 1494 600 1554 tue
621 1490 737 1555 merita
759 1491 927 1572 probitatis
952 1542 1034 1558 ....
1058 1490 1209 1556 Exlribita
1232 1492 1360 1573 quidem
1382 1492 1474 1557 uobis
1500 1497 1556 1556 tua
1585 1511 1686 1574 nuper
1716 1492 1837 1573 peticio
1866 1492 2053 1571 continebat,

544 1592 629 1674 quod
651 1598 687 1658 tu
710 1594 827 1660 dudum
850 1595 1049 1661 Lubuoeusis
1072 1602 1105 1661 et
1128 1596 1157 1660 d.
1178 1595 1199 1661 l.
1216 1595 1376 1661 Henricus
1393 1597 1433 1661 de
1449 1597 1539 1678 Lypa
1553 1595 1832 1662 Wratislauiensis
1849 1596 2053 1661 ecclesiarum

545 1698 747 1765 canonicatus
769 1704 803 1765 et
824 1700 1012 1782 prebendas,
1037 1718 1116 1782 quos
1138 1704 1213 1765 tuno
1236 1701 1389 1783 temporis
1412 1700 1613 1778 obtinebatis,
1637 1700 1860 1766 desiderantes
1885 1718 1927 1765 ex
1964 1700 2051 1765 certis

544 1803 651 1868 causis
672 1804 920 1869 racionabilibus
941 1805 1075 1869 Invicem
1099 1810 1291 1887 permutare,
1315 1809 1350 1869 tu
1366 1803 1571 1870 Lubuconses
1587 1809 1620 1870 et
1636 1806 1741 1870 dictus
1757 1803 1926 1869 Heuricns
1945 1804 2050 1869 anti-

544 1906 722 1973 slauienses
745 1910 950 1975 canonicatus
971 1913 1006 1973 et
1028 1910 1206 1990 prebendas
1230 1909 1389 1991 predictos
1412 1927 1451 1974 ex
1475 1927 1573 1973 causa
1594 1909 1844 1991 permutacionis
1878 1908 2054 1974 huiusmodi

546 2011 577 2076 in
606 2012 752 2077 manibus
782 2031 811 2077 v.
842 2012 864 2078 i.
896 2031 926 2078 n.
951 2012 1117 2093 GiridoniS,
1152 2014 1293 2095 episcopi
1327 2013 1523 2090 Portuensis,
1557 2018 1632 2078 tunc
1665 2012 1752 2078 tituli
1786 2020 1903 2078 sancte
1945 2012 2054 2079 Cecilie

544 2115 722 2197 presbyteri
748 2116 927 2196 cardinalis,
952 2117 983 2181 iu
1007 2137 1103 2200 regno
1128 2118 1265 2200 Vngarie
1288 2122 1363 2197 ac·)
1386 2117 1576 2182 lombardie
1598 2118 1762 2200 provincia
1786 2123 1820 2184 et
1852 2119 1956 2183 certis
1990 2117 2054 2182 aliis

545 2218 625 2286 locis
647 2219 822 2302 apostoIIce
845 2220 932 2285 sedis
954 2221 1061 2300 legati,
1092 2221 1191 2286 libere
1221 2221 1419 2303 resignastis,
1452 2221 1505 2302 qui
1541 2222 1667 2302 quidem
1702 2222 1829 2304 legatus
1865 2224 2054 2286 auctoritate

545 2325 783 2403 commissionis,
806 2343 865 2406 per·
887 2344 944 2390 nos
967 2327 1067 2390 eciam
1090 2331 1180 2390 extra
1203 2330 1310 2406 partes
1333 2342 1390 2389 sue
1413 2324 1585 2407 legacionis
1608 2344 1704 2407 super
1725 2325 1927 2407 recipiendis
1962 2344 2053 2408 usque

544 2427 585 2491 ad
620 2435 740 2493 certum
774 2449 938 2495 numerum
974 2430 1244 2512 resignacionibus
1278 2428 1502 2494 beneficiorum
1537 2435 1717 2511 permutare
1751 2428 1938 2494 voleucium
1962 2448 2053 2511 eoque

545 2532 728 2600 conferendi
751 2534 936 2618 specialiter·
958 2535 1017 2599 sibi
1043 2534 1134 2612 lacte,
1157 2534 1429 2617 resignacionibus
1452 2534 1572 2598 eisdem
1594 2533 1751 2612 admissis,
1768 2533 2051 2599 tibiwvatislnui-

544 2636 632 2702 ensis
655 2644 689 2702 ot
710 2639 834 2721 prefato
857 2638 996 2705 Honrico
1019 2639 1218 2703 Lubuoeusis
1241 2637 1448 2702 ecelesiarum
1473 2638 1675 2702 canonicatus
1708 2643 1742 2702 et
1770 2638 1961 2720 prebendas
1989 2658 2052 2721 pre

547 2739 659 2819 dictos,
684 2743 715 2805 in
735 2743 830 2808 terris
846 2749 938 2808 extra
961 2740 1115 2822 dictaret)
1139 2742 1335 2824 legacionem
1351 2747 1383 2807 et
1398 2740 1481 2805 inira
1504 2741 1622 2806 dictum
1645 2760 1810 2806 numerum
1835 2745 2053 2818 consistentes,

545 2843 624 2908 nulli
655 2850 760 2912 minen
790 2847 830 2912 de
860 2847 929 2912 iure
959 2846 1093 2925 debitos,
1124 2848 1285 2926 canonice,
1316 2846 1483 2912 dummodo
1514 2854 1622 2912 nostra
1652 2847 1803 2930 specialis
1826 2866 1893 2912 non
1917 2849 2050 2913 obstaret

545 2951 734 3028 reservatio,
766 2951 900 3017 contulit
930 2957 963 3016 et
992 2951 1130 3034 providit
1160 2952 1199 3015 dc
1230 2950 1304 3029 illis,
1334 2955 1433 3031 tuque
1463 2953 1570 3033 vigore
1601 2951 1783 3016 collacionis
1807 2959 1842 3016 et
1865 2952 2050 3034 provisionis

546 3051 726 3119 huiusmodi
749 3057 966 3121 canonicatum
990 3060 1023 3120 ot
1044 3054 1237 3137 prebendam
1261 3055 1346 3120 dicte
1370 3054 1642 3119 Wratislauieusis
1665 3055 1803 3120 ecclesie
1828 3061 1951 3121 extunc
1973 3074 2051 3120 asse·

544 3163 637 3222 cutus
659 3157 748 3223 luisti
771 3177 889 3241 eosque
913 3160 1092 3241 possedisti,
1118 3165 1211 3240 prout
1233 3165 1326 3224 tenes
1349 3165 1381 3223 et
1403 3159 1558 3241 possides,
1578 3158 1710 3240 pacifice
1734 3163 1766 3224 et
1790 3162 1914 3241 quiete.
1941 3160 2049 3225 Verum

543 3260 628 3341 quia,
652 3263 735 3327 sicut
758 3263 869 3327 cadem
891 3263 1008 3345 peticio
1032 3264 1252 3344 subiungebat,
1276 3269 1311 3329 tu
1333 3263 1437 3341 times
1461 3264 1544 3345 quod
1568 3264 1662 3328 iidem
1686 3265 1898 3329 canonicatus
1931 3271 1963 3330 et
1983 3283 2047 3348 pre-

545 3362 649 3430 bende
671 3372 815 3448 tempore
838 3367 1020 3433 collaciouis
1043 3374 1076 3432 et
1095 3368 1284 3449 provisionis
1301 3367 1480 3432 huiusmodi
1497 3368 1600 3432 lorent
1617 3369 1782 3433 collacioni
1801 3376 1835 3434 et
1850 3369 2049 3452 dispositioni

543 3468 629 3535 sedis
653 3471 828 3553 apostolice
842 3472 1015 3539 reservati:
1039 3490 1097 3538 nos
1114 3472 1257 3537 volentes
1272 3478 1316 3550 te,
1333 3472 1559 3554 premissorum
1576 3472 1760 3538 meritorum
1775 3480 1910 3539 tuorum
1931 3475 2048 3548 intuitu,

543 3573 652 3639 lavore
681 3577 832 3656 prosequi
861 3577 1015 3659 graciose,
1045 3577 1111 3641 tnis
1141 3577 1172 3640 in
1202 3575 1262 3641 liae
1292 3581 1387 3658 parte
1418 3576 1709 3659 supplicacionibus
1739 3577 1889 3642 inclinati
1913 3579 2049 3644 colonus

544 3682 578 3743 at
598 3678 667 3757 tibi,
691 3680 745 3760 qui
768 3679 989 3745 canonicatum
1011 3685 1045 3745 et
1067 3680 1285 3745 obedienciam
1309 3680 1445 3745 ecclesie
1469 3680 1762 3762 Wissegrandcnsis
1787 3702 1890 3766 prope
1924 3685 2046 3765 Pragou

543 3782 735 3847 auctoritate
758 3782 919 3848 ordinaria
942 3786 1085 3851 nosceris
1108 3785 1261 3863 obtinere,
1285 3784 1462 3867 apostolica
1495 3770 1686 3848 auctoritate
1720 3787 1939 3865 concedimus,
1973 3787 2047 3868 quod

544 3883 673 3951 collacio
697 3892 731 3951 ct
751 3887 891 3969 provisio
915 3888 954 3952 de
978 3890 1166 3954 canonicatu
1190 3892 1222 3952 et
1245 3888 1408 3970 prebenda
1431 3888 1516 3953 dicte
1540 3888 1816 3954 Wratislauiensis
1832 3891 1981 3970 ecclesie,
1996 3891 2046 3955 tibi

544 4007 602 4071 por
632 3989 766 4055 eundem
797 3990 980 4073 episcopum
1011 3999 1047 4057 ut
1077 3992 1273 4076 premittitur
1303 3991 1396 4071 facte,
1421 3997 1453 4057 et
1475 4011 1663 4074 quecunque
1687 3994 1761 4058 inde
1784 4001 1902 4059 secuta
1925 3993 2046 4077 perinde

541 4093 669 4159 valeant
701 4102 735 4160 et
769 4096 895 4177 plenam
929 4098 1052 4162 roboris
1086 4095 1265 4160 firmitatem
1301 4096 1473 4174 obtineant,
1508 4115 1545 4161 ac
1580 4097 1606 4161 si
1637 4097 1725 4161 nulla
1754 4117 1813 4179 per
1845 4118 1906 4162 nos
1929 4100 1969 4163 de
1992 4098 2046 4163 illis

543 4198 691 4279 specialis
713 4199 891 4265 reservaoio
914 4198 1000 4265 lacta
1021 4199 1113 4265 foret.
1160 4200 1246 4265 Nulli
1270 4219 1344 4283 orgo
1368 4206 1426 4264 etc.
1452 4205 1560 4264 nostre
1583 4200 1755 4266 voluntatis
1778 4207 1813 4267 ot
1840 4204 2046 4269 concessionis

543 4301 716 4385 infringere
739 4310 798 4369 otc.
845 4305 884 4369 D.
909 4305 1065 4371 Auiniono
1089 4305 1196 4370 XVIII
1218 4304 1281 4370 kal.
1305 4304 1468 4370 Februarii
1493 4324 1521 4368 a.
1547 4304 1675 4369 decimo.

647 4423 795 4480 ClementIs
814 4426 852 4479 Vl
870 4427 903 4478 Α.
923 4425 976 4494 de
996 4431 1067 4492 (118)
1087 4426 1105 4478 f.
1124 4430 1183 4491 340,
1203 4424 1237 4477 de
1256 4423 1378 4491 indultis,
1396 4424 1547 4492 privilegiis
1567 4431 1593 4478 et
1612 4424 1870 4492 dispensationibus
1887 4445 1934 4497 qn.
1948 4436 1963 4482 o
1976 4448 2005 4480 :
2018 4428 2045 4479 I.

544 4516 592 4561 ‘211
612 4510 630 4563 f.
649 4516 697 4563 211
718 4527 744 4564 n.
766 4519 884 4565 idla-
896 4512 961 4581 Reg.
981 4513 1009 4566 in
1026 4511 1146 4566 Theiuer
1164 4511 1224 4563 MP.
1242 4511 1254 4563 l
1273 4526 1299 4563 n.
1319 4514 1395 4575 llos,
1415 4510 1521 4563 ZVGA.
1541 4510 1697 4565 Sclrlesieus
1718 4512 1804 4578 XXV,
1818 4521 1878 4567 292.
1895 4547 1928 4554 —
1949 4531 1971 4562 a.
1985 4532 2044 4569 com

544 4611 578 4649 ox
597 4601 642 4662 ,οιί
660 4599 692 4649 A.
722 4600 744 4663 Ι·)
765 4599 855 4667 suppl.
875 4600 902 4651 in
922 4616 1006 4666 marg.
1026 4605 1057 4650 A.

547 4807 662 4873 1419.
686 4807 861 4886 Araruldus,
885 4809 972 4873 tr'talr'-
992 4812 1098 4874 sancti
1120 4810 1207 4873 sinat
1226 4808 1391 4891 presbyter·
1413 4809 1599 4887 corrationalis,
1623 4810 1795 4892 supplicat,
1819 4817 1979 4892 gulatenus
1993 4813 2044 4876 sibi

696 4917 782 4976 rnatu
800 4914 931 4996 proprio
955 4914 992 4977 dc
1014 4913 1277 4977 urcdidioconutu
1301 4911 1449 4976 ccclesiae
1475 4912 1651 4994 opoliensis
1672 4914 1892 4995 proculcatur.

1475 5026 1638 5100 Achaicae,
1662 5028 1749 5091 1352
1772 5030 1935 5094 Juaaorir'
1958 5034 2005 5094 17.

643 5138 733 5204 Motu
757 5140 883 5221 proprio
908 5141 1108 5220 providemus
1132 5140 1247 5203 dilecto
1263 5137 1328 5203 lilio
1350 5137 1524 5220 dlrualdol,
1540 5140 1626 5203 tltuli
1643 5142 1744 5204 sancti
1761 5142 1844 5207 Sixti
1860 5145 2039 5225 presbytero

542 5241 705 5320 cardinali,
741 5242 780 5306 de
814 5243 1072 5308 archidiaconatu
1107 5243 1243 5308 ecclesie
1273 5243 1468 5324 Opuliensis,
1498 5250 1634 5306 vocavite
1663 5262 1721 5325 per
1745 5245 1868 5310 obitum
1892 5248 2039 5329 quondam

543 5345 676 5429 Nicolay
698 5345 775 5411 dicti
798 5347 996 5427 Fulscluizel,
1020 5349 1073 5429 qui
1097 5349 1129 5412 in
1151 5347 1293 5412 Itornaua
1317 5348 1405 5411 curia
1428 5347 1575 5424 ‹lectissit
1600 5347 1825 5429 dispensantes
1849 5370 1921 5415 curn
1944 5370 1989 5428 eo,
2012 5361 2037 5411 ut

542 5450 574 5515 in
597 5449 698 5515 forma
721 5470 778 5534 pro
802 5450 1025 5517 cardinalibus.

543 5638 583 5704 D.
607 5639 765 5706 Auinione
788 5640 863 5707 XVI
886 5640 949 5706 kal.
972 5641 1138 5706 Februarii
1163 5659 1190 5704 n.
1217 5640 1347 5705 docimo.

648 5759 796 5818 Clementia
813 5759 895 5814 v1s.
915 5760 967 5830 llll
989 5762 1044 5829 (ιι)
1063 5777 1129 5829 pars
1149 5760 1236 5812 altera
1254 5759 1272 5811 f.
1292 5762 1344 5812 ll'.
