5184 7050
543 859 563 920 2

544 1064 614 1145 ipso
650 1067 843 1145 cooperante
878 1059 1003 1124 deferre
1037 1080 1075 1125 ac
1109 1062 1141 1125 iu
1175 1040 1303 1143 populis
1337 1060 1531 1125 solicitudini
1555 1064 1663 1124 nostre
1687 1059 1817 1124 creditis
1840 1057 2056 1139 quarumlibet

543 1168 776 1233 dissensionum
811 1184 850 1230 ex
884 1165 931 1230 eis
965 1169 1133 1247 amputata
1166 1166 1301 1230 materia
1324 1165 1508 1229 ministrare
1531 1165 1647 1228 bonum
1661 1165 1769 1245 pacis,
1794 1163 1835 1227 ad
1858 1180 1921 1245 que
1944 1167 2056 1226 nostra

544 1289 665 1336 summe
689 1271 811 1351 aspirat
833 1269 983 1346 intencio,
1007 1268 1181 1335 valeamus.
1205 1269 1313 1334 Adicit
1336 1287 1462 1351 quoque
1484 1270 1517 1333 in
1540 1269 1599 1333 boc
1623 1273 1656 1332 et
1679 1268 1752 1332 aliis
1776 1267 1844 1349 spei
1865 1271 1974 1332 nostre
1990 1266 2056 1331 suf·

545 1376 680 1457 fragium
713 1374 761 1438 tui
796 1372 981 1455 specialiter
1015 1378 1047 1438 et
1082 1373 1215 1438 aliorum
1251 1375 1479 1439 catholicorum
1513 1374 1730 1439 consideracio
1761 1372 1950 1455 principum,
1975 1388 2056 1454 quos

545 1496 711 1561 speramus
734 1479 780 1542 sic
803 1477 842 1541 ab
866 1476 1013 1558 illo,per
1046 1496 1140 1558 quem
1173 1496 1265 1559 reges
1299 1483 1434 1558 regnant
1457 1484 1490 1543 et
1520 1483 1667 1560 potentes
1699 1478 1732 1542 in
1756 1478 1823 1542 suis
1846 1475 2055 1558 regiminibus

548 1588 697 1649 exercent
720 1582 891 1659 iusticiam,
916 1581 1019 1663 dirigi,
1052 1581 1136 1664 quod
1163 1582 1243 1663 ipsis
1269 1601 1328 1663 per
1351 1582 1420 1646 vias
1443 1587 1549 1647 rectas
1572 1601 1629 1646 nos
1652 1582 1836 1646 iurantibus
1859 1599 1934 1663 grex
1956 1579 2056 1643 dorni-

545 1690 636 1753 nicus
659 1703 734 1750 cure
757 1690 865 1749 nostre
888 1685 1074 1750 commissus
1109 1687 1336 1750 committentis
1369 1688 1488 1751 virtute
1519 1686 1705 1768 preambula
1737 1687 1777 1750 ad
1801 1692 1912 1750 eterna
1935 1673 2055 1766 gaudis

545 1793 749 1875 perducatur.
795 1788 839 1852 Et
868 1789 954 1870 quia,
985 1787 1030 1853 fili
1061 1790 1234 1867 carissime,
1266 1791 1350 1855 sicut
1383 1792 1477 1868 nosti,
1501 1793 1586 1856 inter
1608 1791 1688 1855 alios
1711 1809 1803 1872 reges
1827 1796 1859 1855 et
1881 1789 2054 1872 principes,

546 1897 620 1960 dum
654 1912 712 1958 nos
746 1893 847 1957 minor
880 1898 986 1958 status
1020 1894 1162 1971 haberet,
1198 1894 1238 1958 ad
1269 1912 1437 1976 personam
1461 1901 1493 1959 et
1517 1913 1647 1976 regnum
1671 1902 1728 1959 tua
1751 1912 1876 1976 semper
1898 1894 2055 1975 gessimus

546 1999 698 2081 precipue
729 1996 914 2063 dileccionis
943 1995 1090 2062 affectum
1122 2003 1156 2062 et
1179 2016 1255 2079 erga
1277 2003 1311 2062 te
1334 1998 1421 2063 velut
1444 1999 1584 2081 speciale
1607 2000 1709 2080 ipsius
1732 1998 1868 2062 ecclesie
1890 1995 2055 2061 brachium

547 2108 680 2185 paterne
714 2100 899 2165 dileccionis
933 2101 1163 2182 plenitudinem
1197 2120 1258 2165 nou
1293 2101 1395 2166 solum
1418 2103 1606 2166 continuare
1629 2101 1832 2178 intendimus,
1856 2101 1913 2164 sed
1937 2118 2056 2180 augere

546 2207 670 2287 tibique
694 2209 726 2269 et
748 2205 814 2269 tuis
837 2204 974 2269 subditis
1007 2205 1096 2287 pacis
1129 2210 1162 2268 et
1195 2205 1419 2286 prosperitatis
1453 2206 1617 2270 commoda
1650 2206 1808 2270 indefesso
1843 2202 2056 2269 solicitudinis

547 2310 656 2373 studio
679 2327 868 2390 procurare:
892 2311 1097 2373 serenitatem
1120 2310 1240 2391 regiam
1263 2327 1413 2390 rogamus
1436 2311 1468 2373 iu
1491 2309 1617 2374 domino
1641 2316 1671 2375 et
1700 2310 1872 2387 hortamur,
1896 2313 2056 2390 qrratenus

472 2417 474 2420 ⁴
548 2412 641 2477 deum
675 2413 801 2492 timens,
836 2413 870 2477 in
903 2413 994 2477 cuius
1027 2431 1122 2478 manu
1152 2418 1317 2478 cortuum
1340 2417 1390 2478 est
1413 2418 1445 2478 et
1468 2414 1500 2477 iu
1524 2415 1593 2478 eius
1617 2414 1749 2478 arbitrio
1773 2414 1839 2478 vita
1862 2419 1929 2489 tua,
1953 2413 2055 2494 ipsius

548 2514 679 2580 studeas
710 2517 872 2581 custodire
901 2515 1061 2594 mandata,
1092 2517 1252 2582 iusticiam
1283 2517 1401 2581 colere,
1420 2535 1457 2582 ac
1489 2517 1621 2599 diligere
1646 2518 1676 2582 in
1700 2518 1845 2582 omnibus
1868 2517 2054 2598 equitatem,

549 2620 662 2697 sciens
686 2620 771 2701 quod
794 2621 835 2685 acl
858 2621 916 2686 boc
939 2625 972 2685 te
995 2621 1174 2687 bominibus
1196 2627 1311 2685 nature
1333 2627 1389 2685 tue
1412 2621 1622 2703 participibus
1646 2622 1778 2702 pretulit
1809 2620 1955 2686 dominus
1978 2622 2056 2686 deus

548 2729 634 2799 tuus,
666 2728 699 2786 ct
729 2724 953 2790 nichilominus
983 2727 1015 2790 in
1046 2724 1217 2790 devocione
1241 2732 1351 2789 sancte
1375 2725 1520 2802 ecclesie,
1544 2727 1656 2789 ruatris
1678 2731 1744 2802 tue,
1769 2724 1809 2788 ad
1832 2724 1923 2788 cuius
1947 2724 2056 2788 delen-

550 2826 671 2889 sionem
682 2821 710 2906 ¹¹)
744 2828 896 2910 accepisti
927 2827 1147 2909 principaliter
1169 2846 1189 2892 a
1212 2827 1337 2892 domino
1361 2827 1459 2909 gladii
1482 2834 1685 2911 potestatem,
1710 2846 1832 2893 necnon
1856 2828 2056 2893 exaltacione

550 2928 707 2994 catholice
741 2927 824 3008 fidei,
859 2931 1066 2996 ecclesiarum
1101 2930 1285 2996 defensioue
1319 2950 1356 2996 ac
1387 2935 1632 2998 conservacione
1655 2933 1873 2999 ecclesiastice
1895 2933 2057 2997 libertatis

549 3037 608 3096 tua
641 3033 821 3100 sublimitas
855 3053 980 3117 semper
1012 3039 1146 3112 crescat,
1181 3038 1216 3098 ut
1251 3053 1289 3098 ex
1321 3035 1380 3100 hoc
1410 3036 1469 3100 tibi
1493 3044 1650 3118 augeatur
1672 3038 1704 3101 iu
1727 3037 1868 3118 presenti
1891 3036 2002 3119 gracia
2024 3040 2057 3100 et

549 3135 652 3216 gloria
676 3138 707 3202 iu
730 3137 848 3216 futuro,
871 3138 959 3202 illam
982 3139 1021 3203 de
1044 3139 1135 3203 nobis
1159 3157 1246 3220 spem
1270 3146 1390 3204 certam
1414 3145 1447 3204 et
1469 3138 1617 3207 fiduciam
1640 3141 1819 3218 habiturus,
1850 3140 1933 3222 quod
1967 3145 2056 3204 tuam

550 3244 583 3329 ot
605 3241 695 3322 regni
717 3242 765 3306 tui
789 3243 1034 3324 prosperitatem
1056 3247 1189 3324 patemo
1213 3243 1357 3309 zelantes
1381 3243 1497 3309 affectu
1519 3245 1658 3327 regalem
1677 3243 1948 3326 magnificenciam
1964 3263 2057 3325 opor-

549 3345 637 3409 tunis
660 3347 851 3424 curabimus,
875 3352 1027 3429 quantum
1051 3365 1121 3411 cum
1144 3345 1203 3411 deo
1227 3347 1411 3428 poterimus,
1435 3347 1549 3412 fulcire
1572 3347 1735 3412 favoribus
1758 3366 1795 3412 ac
1813 3348 1915 3429 dignis
1938 3346 2055 3427 graciis

551 3453 584 3512 et
606 3448 779 3515 honoribus
801 3452 977 3534 prevenire.
1022 3451 1142 3515 Datum
1164 3450 1322 3515 Auiuione
1345 3450 1408 3516 Xll
1433 3450 1495 3516 kal.
1519 3451 1609 3516 Juuii
1632 3471 1663 3535 p.
1687 3471 1717 3515 u.
1742 3471 1771 3515 a.
1794 3452 1905 3533 primo.

655 3554 693 3619 ln
716 3573 743 3619 e.
767 3574 825 3621 m:
855 3600 1839 3625 .....................................
1882 3557 1930 3619 lle
1955 3557 2054 3622 curia.

551 3658 592 3721 ix.
617 3656 845 3725 Carissimum
869 3661 926 3727 Cb.
951 3661 971 3727 f.
995 3661 1144 3739 Jobanni,
1167 3660 1234 3741 regi
1258 3660 1388 3724 Boemie
1411 3660 1539 3740 illustri,
1563 3661 1709 3726 salutem.
1737 3662 1775 3726 ln
1797 3659 1941 3741 precelso
1964 3665 2057 3724 trono

552 3767 613 3826 ctc.
637 3767 673 3826 ut
695 3763 728 3827 iu
750 3764 853 3846 prima
875 3783 976 3846 usque
1005 3764 1208 3845 perducatur.
1256 3763 1412 3840 Quocirca
1445 3784 1593 3846 rogamus
1628 3764 1848 3829 celsitudinem
1882 3763 2002 3844 regiam
2026 3769 2059 3827 et

551 3866 756 3932 obsecramus
778 3869 810 3933 in
834 3868 863 3934 d.
886 3868 939 3934 Jh.
964 3868 1031 3948 Ch,
1055 3874 1213 3951 quatenus
1237 3867 1330 3931 deum
1353 3868 1471 3934 timens
1494 3875 1553 3935 etc.
1590 3886 1689 3950 usque
1724 3868 1756 3932 iu
1790 3864 1893 3932 linem.
1938 3868 2059 3932 Datum

552 3974 588 4034 ut
612 3988 719 4052 supra.

657 4158 805 4215 Clementis
818 4160 864 4213 Vl.
877 4162 927 4214 Al
943 4167 975 4213 16
994 4161 1029 4229 (V
1047 4164 1109 4227 214)
1129 4161 1146 4214 l.
1168 4163 1244 4213 1-1'
1264 4168 1291 4215 et
1310 4168 1325 4213 a
1345 4178 1370 4214 n.
1386 4168 1397 4213 1
1413 4167 1639 4231 anquatenus
1657 4160 1809 4215 litterarum
1828 4159 2060 4215 coronationis:

552 4244 576 4297 V
597 4252 645 4298 152>
664 4246 683 4299 f.
703 4248 778 4301 1-1'
797 4264 823 4302 ιι.
844 4255 856 4301 1
877 4254 905 4303 et
922 4255 947 4302 9.
966 4278 999 4289 -
1021 4250 1044 4314 ¹¹)
1064 4247 1221 4317 suppletum
1239 4247 1267 4301 iu
1286 4248 1407 4316 margine
1427 4249 1461 4302 ab
1480 4248 1534 4302 alia
1552 4265 1633 4303 manu
1653 4250 1685 4301 Α.
1707 4248 1730 4312 ¹¹)
1745 4246 1921 4312 ,defensione‘
1934 4250 1976 4318 A,
1990 4263 2060 4306 corr.

554 4334 590 4387 ab
609 4333 722 4387 editore.

1204 4480 1410 4488 ------

554 4751 592 4815 2.
614 4751 758 4819 Jolvunm'
779 4753 863 4818 dicto
889 4752 982 4839 Ii’uffo
999 4755 1186 4839 providetur
1208 4756 1246 4820 de
1275 4756 1418 4839 beneficio
1447 4762 1598 4823 vocaturo
1632 4780 1702 4823 cam
1731 4757 1778 4822 ccl
1808 4759 1875 4823 sinc
1907 4779 1983 4822 curu
2020 4759 2063 4823 ud

876 4857 1073 4923 collationem
1096 4860 1234 4943 episcopi
1256 4866 1286 4926 et
1308 4862 1442 4946 capitali
1472 4862 1737 4927 Vrutisluciensis.

598 5047 707 5113 Gratis
730 5067 788 5129 pro
812 5050 881 5114 deo.
1563 5052 1725 5127 Aoiaiooe,
1749 5055 1836 5117 1342
1860 5053 1944 5118 Moii
1966 5057 2018 5119 22.

658 5242 696 5306 D.
719 5240 741 5306 f.
764 5241 903 5305 Johanui
926 5242 1012 5307 dicto
1036 5241 1136 5321 Rullo,
1160 5242 1276 5308 clerico
1300 5243 1576 5308 Wratislauiensis
1608 5244 1756 5323 diocesis,
1780 5263 1805 5308 s,
1830 5250 1890 5309 etc.
1921 5245 2063 5326 Exigunt

553 5351 609 5408 tue
632 5346 746 5409 merita
768 5347 951 5427 probitatiS,
976 5371 1064 5426 super
1086 5353 1192 5427 quibus
1214 5352 1293 5425 apud
1317 5371 1371 5412 nos
1401 5354 1547 5429 fidediguo
1581 5354 1749 5413 testimonio
1784 5354 2007 5429 commendaris,
2033 5361 2063 5412 ut

554 5456 608 5515 tibi
632 5456 790 5515 reddamur
812 5457 849 5514 ad
873 5458 1001 5529 graciam
1024 5458 1171 5516 liberales.
1199 5448 1282 5514 Hinc
1307 5457 1365 5528 cst,
1391 5452 1474 5531 quod
1498 5471 1564 5531 noe,
1589 5452 1732 5516 volentes
1754 5453 1813 5516 tibi
1836 5452 2062 5533 premissorum

554 5554 737 5618 urcritorum
761 5555 879 5619 intuitu
903 5573 1024 5619 necnon
1048 5555 1307 5619 consideracione
1335 5555 1364 5619 d.
1388 5556 1409 5619 f.
1434 5575 1453 5618 ιι
1487 5555 1652 5633 lobannis
1677 5557 1779 5620 sancti
1800 5555 1912 5637 Angcli
1937 5555 2060 5620 diaconi

555 5657 737 5733 cardinalis,
760 5677 817 5738 pro
843 5666 884 5735 te,
915 5658 1065 5722 furniliari
1097 5677 1164 5736 suo,
1196 5658 1287 5721 nobis
1319 5660 1351 5722 in
1385 5658 1445 5722 lrac
1480 5666 1571 5740 parte
1605 5658 1767 5723 humiliter
1802 5659 2023 5740 supplicantis,
2040 5660 2062 5740 ι)

553 5762 692 5842 graciam
715 5762 822 5826 facere
845 5762 1027 5843 specialem,
1052 5762 1239 5850 beneficium
1263 5762 1516 5851 ecclesiasticum
1538 5782 1607 5827 cum
1624 5781 1701 5827 cura
1717 5762 1766 5826 vel
1783 5764 1851 5826 sinc
1868 5780 1955 5841 cura,
1972 5764 2062 5828 cuius
