5184 7050
1885 812 1947 880 601

437 1017 562 1083 1083.
583 993 735 1093 Jobouni,
757 1018 832 1080 noto
854 1015 962 1080 clarae
983 1016 1151 1082 memoriae
1172 1014 1342 1095 Julianus,
1364 1016 1449 1097 repis
1466 1016 1646 1095 Babemiae,
1663 1016 1737 1082 duci
1754 1016 1951 1098 Corinthiae,

438 1119 657 1202 respondetur,
683 1141 808 1202 popam
830 1119 959 1201 benipne
981 1119 1141 1183 audieisse
1163 1142 1210 1199 ca,
1233 1141 1314 1200 quoe
1338 1120 1490 1185 Nicolaus
1513 1121 1551 1184 dc
1573 1121 1719 1201 Brnnna,
1747 1122 1953 1205 praepositus

439 1224 592 1288 ecelesiae
624 1225 796 1304 Propensis
831 1228 861 1288 et
894 1224 1106 1289 cancellarius
1138 1223 1254 1298 Caroli,
1289 1225 1373 1305 repis
1405 1227 1627 1301 Roeeonarum,
1660 1227 1806 1307 perman-i
1838 1226 1951 1309 ipsius,

438 1329 629 1408 exposuerit,
660 1331 691 1392 et
719 1329 828 1392 omnio
853 1329 984 1409 secisse,
1006 1349 1088 1411 quoe
1116 1329 1266 1411 poluerit.
1312 1329 1366 1407 ,D.
1390 1327 1545 1394 Aninione
1576 1331 1619 1395 VI
1639 1330 1704 1394 leol.
1728 1329 1896 1395 Februarii
1919 1351 1950 1393 o.

1195 1433 1201 1444 ”
1264 1437 1271 1466 l

1119 1437 1260 1515 septimo·
1380 1518 1543 1596 Aninione,
1566 1521 1652 1585 1349
1674 1520 1831 1587 Jauuorii
1852 1523 1905 1586 27.

549 1672 697 1728 Clementis
716 1673 753 1726 VI
773 1673 805 1726 V.
826 1679 874 1727 142
894 1677 975 1744 (secr.
994 1692 1018 1729 a
1037 1673 1101 1739 VII)
1119 1672 1139 1726 f.
1160 1678 1207 1726 131
1227 1691 1253 1728 n.
1272 1678 1331 1728 668.
1358 1707 1375 1715 -
1415 1674 1481 1743 Reg.
1503 1674 1670 1745 Weransky,
1688 1675 1828 1744 Excerpta
1845 1691 1872 1729 n.
1893 1680 1952 1729 211.

441 2056 564 2123 1084.
587 2056 751 2123 Jouauues
773 2057 932 2140 quandam
954 2057 1119 2139 Nicolai·)
1144 2056 1182 2120 de
1203 2058 1314 2138 Propo
1336 2055 1455 2121 Maiori
1476 2056 1645 2141 suppl-icat,
1662 2060 1817 2139 eumenus
1839 2055 1900 2120 sibi
1916 2056 1954 2120 de

441 2160 587 2243 beneficia
618 2161 827 2225 ecclesiastica
856 2163 924 2225 sinc
952 2183 1039 2238 curo,
1063 2162 1107 2226 ad
1129 2161 1325 2226 collationem
1349 2160 1577 2244 arcirimiscapi
1598 2166 1629 2224 et
1652 2161 1785 2244 capituli
1806 2160 1953 2225 ecclesiae

441 2265 619 2344 Propensis
640 2270 810 2348 spectante,
833 2266 967 2347 siquod
989 2269 1083 2329 cocat
1105 2265 1329 2349 adpraesens,
1353 2265 1400 2329 ecl
1423 2267 1657 2349 quamprimum
1680 2266 1849 2339 siccaverit,
1876 2284 1953 2348 pra-

442 2368 601 2443 rideotur,
631 2374 667 2432 nt
695 2370 730 2434 in
755 2373 879 2450 scruto.
904 2371 989 2448 ,Fiat
1013 2372 1044 2434 e
1044 2419 1179 2437 .....
1213 2372 1253 2434 D.
1284 2370 1441 2435 Aniniane
1463 2370 1528 2434 leot.
1553 2370 1721 2434 Februarii
1744 2392 1774 2435 o.
1799 2371 1951 2453 septimo‘

1393 2507 1557 2588 Aninianc,
1580 2509 1667 2573 1349
1689 2508 1857 2573 Februarii
1878 2512 1909 2575 1.

552 2646 678 2714 ligatum
697 2661 791 2700 errore
810 2645 845 2700 nd
865 2647 1013 2702 Clementis
1033 2645 1069 2700 v1
1087 2647 1114 2701 S.
1132 2646 1203 2717 111)1
1221 2651 1259 2713 (t)
1281 2647 1299 2701 t.
1320 2651 1376 2699 1³3.
1404 2677 1434 2685 -
1462 2648 1485 2714 κ)
1505 2646 1656 2715 ,Nicholny‘
1675 2645 1701 2700 S.

1098 2858 1302 2870 .-—-—

442 3029 565 3095 1085.
597 3027 739 3109 Carolus,
764 3031 978 3094 Renionorum
1001 3033 1030 3092 et
1053 3027 1224 3093 Balcerniae
1254 3050 1320 3104 reu,
1350 3028 1522 3111 supplicat,
1547 3034 1701 3110 qnatenus
1723 3050 1793 3094 cum
1816 3031 1953 3095 chrico

442 3132 571 3208 Ondcti,
598 3134 759 3198 Ileneemis
781 3133 924 3213 diocesis,
948 3134 982 3198 in
1004 3134 1127 3198 ortibus
1149 3132 1313 3197 licenciolo
1336 3132 1580 3215 Aurelianisque
1609 3135 1644 3198 in
1673 3135 1741 3198 iure
1772 3134 1858 3199 civili
1886 3139 1953 3199 stu·

441 3237 540 3317 denti,
566 3239 598 3301 in
621 3240 720 3302 XXII
738 3239 855 3302 natatis
878 3259 961 3302 anno
983 3239 1160 3311 constituta,
1183 3238 1390 3323 dispensetur,
1413 3242 1449 3300 nt
1470 3237 1651 3302 huiusmodi
1672 3238 1797 3323 defectu
1820 3260 1881 3305 uon
1903 3239 1953 3303 ab·

439 3345 549 3405 stante
571 3364 667 3406 unum
691 3343 870 3424 beneficium
892 3342 1140 3407 ecclesiasticum
1163 3363 1234 3407 cum
1250 3363 1337 3420 curo,
1353 3343 1383 3405 si
1398 3343 1427 3406 ei
1442 3343 1589 3407 canonice
1607 3347 1801 3423 conseratur,
1817 3344 1954 3408 obtinere

435 3446 553 3530 possit.
578 3448 663 3521 ,Fiat
688 3448 737 3510 Je‘
766 3485 799 3492 -
827 3448 904 3510 Item
925 3446 1097 3531 supplicat,
1121 3451 1275 3529 quotenus
1296 3448 1461 3528 Stesonus,
1478 3447 1610 3512 clericus
1627 3448 1789 3512 Remeusis
1812 3447 1952 3523 diocesis,

440 3551 480 3614 in
501 3551 689 3615 neoiroclium
712 3552 896 3615 neaniastcrii
918 3551 956 3615 de
979 3551 1051 3616 Alta
1083 3550 1205 3631 Villori,
1229 3552 1350 3616 ordinis
1375 3552 1481 3617 sancti
1503 3551 1676 3631 Benedicti,
1702 3552 1864 3619 liciniensis
1887 3551 1953 3616 dio-

438 3656 532 3733 cesis,
557 3656 656 3738 recipi
682 3656 859 3720 incendetur.
906 3655 990 3734 ,Fiat
1024 3656 1060 3719 ll.
1192 3657 1232 3720 D.
1257 3656 1415 3721 Aninione
1443 3656 1507 3721 cat.
1531 3656 1705 3720 Februarii
1735 3678 1764 3720 o.
1796 3657 1949 3740 septimo‘

1292 3824 1294 3829 ·
1394 3795 1558 3870 Aninione,
1581 3797 1668 3860 1349
1691 3794 1858 3860 Februarii
1878 3797 1910 3861 1.

551 3897 678 3965 Ligatum
698 3912 792 3953 errore
811 3899 845 3953 nd
865 3898 1014 3954 Clementis
1032 3899 1069 3952 vl
1087 3899 1114 3954 S.
1133 3899 1199 3969 111s1
1222 3903 1260 3966 (6)
1279 3897 1296 3952 f.
1321 3905 1376 3952 135.
1914 3918 1918 3928 ’

444 4285 568 4355 1086.
604 4281 744 4361 Carolus,
777 4283 990 4346 Romanarum
1019 4286 1050 4346 et
1080 4282 1251 4347 Babemioe
1283 4302 1348 4355 reo,
1370 4280 1543 4364 supplicat,
1566 4285 1720 4364 quatenus
1746 4279 1902 4361 sundotio
1924 4284 1955 4344 et

443 4388 567 4455 detritio
582 4388 756 4451 decanatus
771 4391 801 4449 et
816 4388 885 4450 XI!
896 4387 1162 4470 praebendorum,
1184 4408 1259 4468 quas
1274 4386 1450 4466 Barnim,·)
1473 4386 1538 4450 dun
1552 4385 1751 4465 Stetinensis,
1767 4384 1803 4448 in
1823 4383 1955 4449 ecclesio

443 4497 559 4559 beatae
586 4492 724 4572 l'iryinis
747 4490 885 4569 Mariae,
910 4491 994 4555 beati
1019 4492 1143 4555 Oltam-is
1165 4491 1356 4571 confessoris
1378 4496 1407 4555 et
1433 4491 1580 4554 Omnium
1602 4491 1790 4555 Sanctorum
1813 4488 1848 4552 iu
1876 4487 1955 4552 cillo

442 4597 618 4666 bletinensi
639 4596 788 4673 instituit,
812 4600 841 4659 et
862 4616 994 4676 quorum
1010 4594 1206 4660 collationem
1224 4616 1285 4680 pro
1301 4616 1334 4659 sc
1348 4594 1417 4677 ipso
1432 4599 1462 4658 et
1476 4594 1703 4659 successoribus
1721 4593 1790 4657 suis
1812 4592 1954 4670 retinuit,

442 4704 657 4785 confirmetur.
704 4701 789 4774 ,Fiat
812 4700 850 4763 de
871 4699 1109 4780 confirmacione
1139 4704 1168 4763 et
1199 4700 1237 4763 de
1266 4699 1433 4763 collacione
1459 4699 1702 4782 prebendarum,
1733 4698 1788 4761 sed
1817 4697 1954 4761 decanus

441 4812 566 4872 creetur
584 4828 645 4889 per
667 4804 846 4868 eleccionem
862 4807 912 4868 ll!
925 4805 1058 4867 -Item
1072 4802 1243 4886 supplicat,
1259 4808 1412 4884 quatenus
1428 4803 1629 4868 visitantibus
1645 4802 1774 4867 eandem
1791 4802 1955 4866 ecclesiam

442 4911 660 4991 imlulqentiac
682 4909 900 4973 concedantur.
942 4907 1030 4983 ,Fiot
1063 4909 1096 4972 in
1122 4911 1210 4988 sesto
1243 4906 1350 4972 saneti
1386 4910 1510 4974 Ottonis
1544 4908 1582 4972 de
1615 4928 1676 4972 una
1709 4927 1792 4972 anno
1826 4911 1856 4971 et
1887 4927 1953 4972 uno

635 5014 843 5096 quadrupeno
866 5015 904 5077 ll.
930 5063 1012 5077 ....
1037 5013 1078 5077 D.
1102 5012 1259 5077 Auinione
1280 5010 1345 5076 bol.
1370 5012 1537 5077 Februarii
1560 5034 1589 5077 o.
1612 5012 1765 5094 septimo!

1396 5168 1560 5245 Arinione,
1585 5170 1668 5235 1349
1691 5166 1858 5232 Februarii
1881 5167 1910 5229 1.

550 5325 678 5393 Ligntum
697 5340 791 5379 errore
811 5323 846 5379 ad
865 5324 1014 5379 Clementis
1033 5322 1071 5376 VI
1090 5323 1116 5377 S.
1135 5323 1202 5395 mm
1225 5325 1263 5394 (6)
1282 5323 1302 5377 f.
1323 5326 1390 5378 135'.
1410 5354 1442 5363 -
1470 5324 1492 5390 ⁸)
1512 5323 1649 5393 ,Barnym‘
1667 5320 1694 5375 S.

1099 5605 1303 5614 *—
