5184 7050
1854 875 1917 942 441

412 1082 506 1149 736.
539 1079 720 1159 Jooaoeae,
750 1077 897 1144 dammae
918 1077 1081 1154 Austrv'aa,
1111 1077 1270 1158 saeco,
1301 1078 1565 1162 dispareationem
1595 1100 1690 1163 stipor
1722 1083 1924 1147 matrimonio

409 1190 580 1261 contracto,
602 1205 700 1267 quma
718 1185 867 1268 patiant,
890 1203 1069 1248 concessam
1091 1203 1165 1263 esse,
1188 1182 1344 1265 omae
1366 1187 1507 1264 reparo,
1527 1189 1681 1264 quatenus
1703 1187 1808 1250 vinam
1830 1206 1922 1251 suom

408 1289 554 1370 inducat,
576 1293 614 1352 ut
637 1288 759 1368 Cardo,
781 1289 818 1352 iri
838 1308 941 1370 repom
967 1289 1179 1353 Roomoomm
1200 1286 1304 1361 electo,
1329 1287 1504 1353 adhaereat
1525 1292 1555 1352 et
1577 1289 1815 1354 matrimonium
1839 1291 1924 1356 ioter

685 1391 795 1475 filim
816 1411 908 1456 mm
930 1396 961 1455 ot
974 1390 1085 1474 filiam
1107 1391 1186 1455 osai
1207 1391 1290 1472 repis
1313 1390 1465 1475 complere
1482 1398 1640 1477 procuret.

1362 1583 1526 1664 Aoiamroe,
1548 1587 1636 1650 1346
1661 1584 1805 1651 Octobris
1828 1587 1880 1653 18.

519 1776 646 1841 Dilecte
668 1776 701 1839 in
725 1774 852 1840 Christo
874 1773 939 1840 filie
962 1774 1059 1840 nobili
1089 1774 1215 1840 mulieri
1248 1774 1405 1854 Jobanne,
1441 1775 1567 1841 ducisse
1602 1777 1742 1842 Austris.
1788 1777 1921 1844 Litteris

410 1881 591 1946 nobilitatis
612 1885 678 1959 tue,
701 1885 810 1944 nostro
832 1898 934 1961 nuper
956 1879 1149 1962 apostolatui
1179 1879 1421 1962 presentatis,·)
1452 1879 1546 1944 solite
1569 1881 1776 1963 benignitatis
1799 1879 1916 1946 affectu

409 1986 553 2068 receptis
576 1990 610 2050 et
632 1985 790 2049 contentis
813 1983 845 2048 in
868 1983 916 2048 eis
939 1982 1127 2066 diligencius
1150 1982 1323 2049 intellectis
1345 1983 1544 2049 nobilitatem
1567 1989 1654 2051 tuam
1685 1983 1829 2050 volumus
1860 2002 1923 2050 non

412 2088 528 2170 latere,
551 2089 647 2172 qnod,
670 2088 747 2153 licet
770 2087 955 2170 dispensare
978 2105 1076 2170 super
1096 2087 1156 2152 toli
1179 2106 1266 2166 casu,
1288 2087 1412 2173 [snper]
1425 2085 1452 2169 l)
1475 2107 1538 2171 quo
1561 2107 1619 2172 per
1648 2095 1682 2154 te
1712 2108 1769 2172 per
1795 2089 1923 2153 easdem

412 2193 543 2259 litteras
575 2194 755 2275 petebatur,
791 2197 864 2275 post
897 2196 1094 2257 contractum
1125 2191 1164 2256 de
1187 2192 1272 2257 facto
1294 2193 1434 2256 scienter
1456 2198 1489 2256 et
1511 2193 1543 2256 in
1566 2193 1617 2257 dei
1640 2193 1792 2259 offensam
1816 2193 1924 2259 matri-

413 2298 556 2363 monium
589 2315 791 2380 nequaquam
824 2297 893 2362 sine
926 2296 1063 2361 maximo
1097 2315 1194 2361 causa
1223 2301 1257 2360 et
1286 2295 1426 2360 evidenti
1449 2296 1642 2363 necessitate
1665 2297 1924 2363 consueverimus

418 2403 535 2485 quovis
557 2401 660 2480 modo,
684 2405 789 2466 tamen
812 2405 869 2466 tua
892 2405 925 2466 et
947 2400 978 2464 d.
1001 2399 1023 2465 f.
1046 2399 1162 2465 nobilis
1184 2401 1244 2465 viri
1268 2399 1401 2478 Alberti,
1425 2399 1515 2464 ducis
1538 2403 1678 2480 Austris,
1702 2402 1762 2466 viri
1777 2401 1835 2479 tui,
1852 2419 1924 2465 con·

412 2506 613 2571 sideracione
645 2506 778 2588 petitam
812 2505 1087 2587 dispensacionem
1122 2504 1268 2569 dommus
1303 2504 1342 2567 de
1376 2504 1508 2586 speciali
1541 2506 1648 2587 gracia
1678 2504 1923 2582 concedendam,

413 2610 551 2676 eandem
584 2609 783 2675 nobilitatem
816 2614 903 2675 tuam
937 2612 1085 2692 rogantes
1100 2611 1125 2689 ⁰)
1158 2614 1290 2687 attente,
1325 2615 1484 2691 quatenus
1514 2628 1533 2673 a
1562 2609 1681 2675 talibus
1715 2609 1924 2691 procurandis

411 2714 633 2793 matrimoniis,
658 2715 768 2796 utique
791 2712 977 2798 periculosis
1000 2732 1062 2779 nou
1076 2713 1243 2790 modicum,
1260 2718 1293 2777 et
1308 2714 1469 2796 prebendo
1486 2732 1672 2780 consensum
1688 2713 1925 2796 quomodolibet

413 2838 514 2902 super
535 2819 602 2884 illis
625 2817 763 2884 desistas
785 2819 922 2897 omnino,
938 2823 971 2883 et
986 2817 1208 2883 nichilominus
1223 2817 1257 2881 iu
1271 2817 1443 2883 devocione
1467 2819 1592 2882 sincera
1614 2817 1750 2883 ecclesie
1773 2817 1924 2895 Romane,

411 2924 527 2989 matris
549 2927 615 3000 tue,
638 2927 823 2987 constanter
844 2929 878 2988 te
905 2928 1029 3001 tenens,
1053 2941 1080 2988 c.
1103 2923 1137 2987 in
1160 2921 1216 2987 Ch.
1240 2922 1261 2987 f.
1286 2941 1317 2986 u.
1341 2921 1466 3000 Garolo,
1489 2921 1607 2987 illustri
1630 2922 1697 3004 regi
1720 2922 1859 3001 Boemie,
1891 2921 1921 2986 in

412 3045 522 3111 regem
544 3026 757 3092 Romanorum
780 3026 892 3105 electo,
915 3027 1076 3091 favoribus
1099 3025 1255 3091 adhereas
1278 3028 1454 3109 oportunis,
1479 3026 1565 3092 illius
1585 3026 1745 3109 dampnati
1761 3044 1819 3109 pro
1835 3025 1925 3090 dolor

412 3138 448 3197 et
469 3131 588 3214 perditi
610 3130 746 3196 hominis
768 3130 924 3195 Ludouici
948 3130 987 3195 de
1010 3131 1159 3210 Bouaria,
1181 3130 1317 3195 heretici
1339 3136 1371 3195 et
1401 3131 1573 3195 scismatici
1603 3129 1774 3204 manifesti,
1798 3129 1925 3195 adhesi-

412 3255 508 3301 onem
539 3241 692 3317 mnquam
726 3235 937 3317 periculosam
971 3235 1065 3300 nimis
1100 3241 1132 3299 et
1165 3235 1359 3300 mortiferam
1390 3236 1518 3317 penitus
1550 3233 1721 3299 devitando
1745 3239 1779 3298 et
1802 3232 1925 3299 adhoc

416 3341 502 3406 idem
526 3339 646 3407 dictum
668 3339 771 3404 virum
794 3344 893 3417 tuum,
917 3340 967 3404 cui
990 3356 1087 3420 super
1101 3339 1160 3404 hoc
1176 3339 1353 3417 scribimus,
1370 3339 1557 3404 inducendo.
1580 3338 1679 3404 Porro
1694 3342 1819 3420 gratum
1834 3339 1926 3403 nobis

413 3445 570 3510 existeret
592 3449 626 3509 et
648 3442 727 3509 utile
749 3442 920 3527 plurimum
943 3448 1004 3508 etc.
1029 3447 1066 3507 ut
1087 3461 1185 3525 supra
1199 3443 1223 3525 ¹)
1246 3462 1348 3525 usque
1372 3444 1403 3507 in
1427 3441 1530 3508 finem.
1576 3442 1616 3509 D.
1643 3448 1679 3508 ut
1703 3461 1727 3507 s.
1751 3441 1924 3526 [tuicione

413 3549 473 3616 XV
496 3549 560 3614 kal.
584 3548 774 3614 Novembris
796 3567 824 3614 a.
848 3548 983 3631 quinto]
997 3548 1022 3628 ²)

520 3737 672 3793 Clemenb‘s
691 3737 728 3792 Vl
746 3738 777 3792 V.
798 3743 847 3790 110
866 3740 946 3807 (seor.
966 3752 990 3791 ιι.
1011 3737 1044 3803 V)
1064 3736 1082 3789 l.
1104 3743 1152 3790 lot
1171 3752 1197 3792 ιι.
1217 3742 1274 3791 662.
1295 3769 1328 3777 -
1348 3736 1417 3791 Vide
1436 3736 1603 3806 Werunsky,
1623 3735 1761 3807 Excerpta
1779 3754 1805 3791 n.
1821 3743 1878 3790 137.
1893 3768 1920 3777 -

413 3831 440 3891 Ι)
458 3828 654 3895 ,presentatas‘
672 3823 705 3879 V.
733 3824 758 3889 b)
776 3823 855 3879 deest
872 3825 901 3878 in
919 3823 961 3891 V.,
980 3824 1070 3893 suppl.
1090 3824 1125 3879 ab
1144 3823 1258 3878 editore.
1286 3826 1308 3890 s)
1328 3828 1458 3891 ‚rogante‘
1477 3824 1511 3878 V.
1528 3855 1554 3863 -
1577 3826 1596 3891 ¹)
1616 3830 1646 3877 ut
1664 3824 1692 3877 iu
1710 3823 1744 3877 V.
1764 3829 1813 3876 140
1831 3822 1849 3876 f.
1865 3824 1924 3876 lbl'

414 3930 442 3967 n.
463 3917 524 3978 tol,
543 3911 618 3981 apud
637 3927 687 3966 nos
706 3928 779 3966 nom.
799 3917 857 3965 737.
877 3912 899 3978 ¹)
915 3918 945 3965 ut
963 3911 991 3965 in
1009 3910 1042 3964 V.
1063 3917 1113 3965 110
1131 3910 1149 3965 i.
1171 3914 1228 3965 161Ι
1247 3927 1274 3964 n.
1294 3916 1353 3964 ool.

412 4506 507 4574 ter.
539 4504 805 4590 Aretiepisoopas
839 4504 1011 4586 Propensie
1044 4510 1075 4569 et
1107 4503 1205 4570 abbas
1238 4504 1424 4569 nonasterii
1452 4506 1487 4569 io
1512 4504 1689 4588 Opatooica,
1702 4504 1725 4584 ¹)
1751 4502 1924 4584 diaporesis

412 4609 558 4687 doceas,
581 4629 620 4673 ac
641 4609 780 4674 &ramos
802 4608 949 4674 cadmiae
969 4608 1228 4673 Vratislaoiensis
1250 4610 1481 4673 constituantur
1504 4613 1736 4674 conservatores
1756 4606 1881 4672 abbatis
1896 4610 1927 4670 et

411 4717 582 4779 menese
613 4713 800 4778 mometerii
833 4714 871 4777 de
900 4715 1067 4794 Kameaaa,
1092 4713 1310 4779 (iciacensis
1339 4712 1470 4788 ordinis,
1501 4711 1761 4777 Vratislooieosis
1783 4711 1925 4786 dmeesia

412 4838 513 4900 ueqroe
544 4818 582 4883 io
612 4818 793 4884 tricinium.
839 4818 892 4898 ‚D.
916 4817 1074 4883 Auioione
1098 4818 1176 4882 IIII
1203 4817 1268 4882 eol.
1293 4818 1478 4882 Novembris
1509 4839 1539 4883 a.
1570 4817 1698 4899 auimo}
1746 4817 1862 4881 ebena
1890 4818 1929 4879 at

475 4955 503 5009 X
1090 4922 1127 4987 1·ss
1148 4943 1179 4987 ii.
1203 4924 1255 4987 92.

458 5027 520 5150 ..ξ
1365 5026 1529 5106 Actaeae,
1551 5026 1639 5090 1346
1664 5024 1808 5090 Octobris
1829 5027 1882 5090 29.

517 5232 670 5288 Clementis
688 5231 726 5286 Vl
744 5234 776 5286 Α.
796 5232 848 5301 Vlb
866 5233 922 5299 (89)
936 5231 954 5285 l.
967 5236 1018 5285 289
1037 5248 1064 5286 n.
1082 5236 1124 5298 27,
1144 5230 1179 5284 de
1197 5231 1410 5285 conservatoriis
1428 5247 1474 5299 qu.
1493 5238 1554 5284 1:
1566 5230 1600 5285 V.
1620 5235 1669 5284 176
1688 5230 1707 5285 l.
1726 5236 1759 5284 39
1784 5247 1809 5284 n.
1829 5235 1871 5283 27.
1890 5259 1925 5269 -

417 5320 477 5391 fleg.
497 5322 526 5375 in
546 5318 648 5374 ZVGA
668 5318 825 5373 Schlseiens
843 5319 929 5386 XXV,
941 5324 1001 5373 300.
1019 5350 1051 5359 —
1074 5320 1093 5386 ¹)
1112 5317 1302 5388 ,Oppatuvitz‘
1321 5322 1353 5372 A.
1372 5317 1522 5388 Opatovice
1540 5319 1568 5372 in
1586 5334 1673 5387 regno
1691 5317 1849 5382 Bohemiae
1869 5332 1925 5369 uon

418 5417 504 5464 sutem
525 5406 699 5475 ,operosior
716 5405 761 5460 bei
780 5405 931 5473 Beotheu“‚
951 5413 981 5460 ut
999 5421 1050 5475 per
1068 5421 1190 5459 errorem
1209 5405 1308 5459 dicitur
1327 5406 1355 5460 iu
1373 5403 1472 5459 ZVGA
1491 5404 1655 5460 Schlesieos.
