5184 7050
663 817 728 884 318

659 1023 777 1106 prelati
799 1021 954 1089 Ludonici
977 1024 1018 1088 de
1040 1023 1178 1089 Banaria
1194 1022 1361 1105 copulares
1391 1022 1676 1099 matrimonialiter,
1707 1025 1744 1085 ut
1766 1019 1884 1086 forcior
1915 1024 2027 1086 contra
2050 1020 2162 1086 dictum

660 1148 769 1212 regern
790 1132 923 1211 propter
944 1127 1003 1192 hoc
1026 1128 1191 1206 existeres,
1226 1132 1386 1193 tractatus
1418 1127 1543 1209 aliquos
1573 1125 1724 1204 habuisti,
1758 1125 1904 1208 quamvis
1926 1129 2086 1192 tractatus
2108 1125 2164 1209 ipsi

660 1234 701 1299 ad
727 1231 875 1300 ellectum
898 1231 1044 1315 perducti
1067 1250 1129 1297 non
1152 1232 1281 1311 luerint,
1311 1236 1344 1295 et
1366 1236 1447 1310 esto,
1470 1230 1555 1313 quod
1578 1229 1786 1295 consummati
1810 1228 1946 1295 luissent
1969 1230 2060 1295 etin
2083 1228 2168 1295 domo

660 1335 816 1403 Ludouici
839 1335 975 1417 predicti
998 1334 1115 1399 multas
1137 1338 1212 1401 tuas
1235 1333 1319 1400 filias
1341 1333 1619 1401 matrimonialiter
1640 1334 1840 1412 collocasses,
1863 1338 1997 1416 propter
2018 1333 2081 1399 hoc
2103 1351 2168 1398 curn

659 1441 730 1522 ipso
752 1459 811 1506 nec
834 1458 905 1505 curn
928 1438 1034 1521 aliquo
1059 1437 1121 1503 alio
1145 1436 1265 1503 infideli
1289 1441 1346 1502 ant
1369 1437 1481 1503 rebelli
1498 1442 1531 1502 et
1546 1435 1670 1519 hostel)
1693 1436 1836 1502 eiusdem
1851 1436 1988 1503 ecclesie
2011 1441 2046 1502 to
2069 1455 2163 1521 eppo

660 1563 753 1611 neres
776 1543 1012 1627 quomodolibet
1035 1546 1145 1608 contra
1168 1561 1248 1621 earn,
1272 1561 1331 1608 nec
1353 1542 1507 1625 predictis
1530 1542 1720 1610 scismaticis
1750 1542 1930 1624 prestitisti,
1961 1544 2092 1624 prestas
2122 1540 2167 1605 vel

661 1654 823 1731 prestares
848 1647 1001 1713 adversus
1025 1645 1216 1711 christianos
1240 1647 1393 1712 auxilium
1416 1646 1466 1712 vel
1489 1647 1640 1726 favorem,
1663 1647 1740 1730 quin
1761 1647 1884 1729 pocius,
1907 1647 1936 1711 si
1952 1645 2167 1712 dissensiones

661 1753 745 1819 inter
766 1757 801 1817 te
822 1752 1006 1835 dictumque
1039 1769 1145 1834 regem
1176 1750 1307 1816 Boemie
1338 1755 1501 1817 cessarent
1530 1757 1563 1816 et
1592 1770 1716 1834 guerre,
1750 1757 1884 1833 paratus
1910 1767 2001 1816 esses
2024 1749 2169 1817 dimone

666 1856 863 1922 Ludouicum
886 1855 1064 1938 predictum
1086 1861 1119 1921 et
1141 1874 1290 1920 exercere
1312 1862 1422 1922 contra
1452 1856 1555 1921 dictos
1573 1856 1770 1922 scismaticos
1792 1857 1877 1921 vires
1899 1859 1984 1922 tuas.
2007 1854 2103 1932 Saue,
2126 1853 2167 1919 lili

661 1959 878 2038 dilectissime,
901 1959 978 2025 licet
999 1959 1091 2024 uobis
1113 1959 1213 2025 multa
1234 1960 1338 2025 relata
1359 1959 1479 2027 fuerint
1501 1961 1541 2026 de
1564 1961 1737 2044 premissis,
1761 1979 1819 2026 nos
1833 1966 1941 2025 tamen
1965 1958 2169 2024 attendentes

663 2064 837 2146 puritatem
860 2063 1043 2129 devocionis
1066 2069 1121 2128 tue
1144 2069 1177 2129 et
1207 2065 1273 2145 illa,
1297 2084 1359 2148 que
1381 2070 1415 2130 te
1437 2066 1477 2131 ad
1501 2084 1540 2130 ea
1563 2064 1758 2149 exequenda,
1792 2083 1855 2146 que
1877 2062 2117 2146 beneplacitum
2139 2068 2169 2128 et

663 2167 814 2233 honorem
835 2173 1029 2233 concernunt
1044 2169 1186 2233 eiusdem
1202 2169 1347 2248 ecclesie,
1359 2170 1478 2235 debent
1493 2170 1647 2237 suadente
1663 2168 1868 2252 gratitudinis
1882 2167 1993 2234 debito
2007 2167 2167 2245 inducere,

662 2271 821 2336 attencius
843 2271 1046 2351 meditantes,
1070 2272 1223 2353 predictis
1250 2272 1389 2338 sinistris
1419 2273 1574 2340 relatibus
1603 2275 1698 2356 plene
1727 2273 1927 2355 nequivimus
1957 2271 2035 2337 dare
2066 2267 2167 2336 fidem.

662 2375 901 2456 Subsequenter
923 2380 1030 2441 autem
1060 2376 1152 2443 nobis
1181 2377 1337 2459 predictis
1366 2378 1431 2443 tuis
1460 2378 1578 2444 litteris
1605 2379 1798 2461 presentatis
1821 2381 1854 2442 et
1876 2375 2038 2443 contentis
2068 2375 2168 2440 ineis

663 2478 829 2545 intellectu
852 2480 945 2562 pleno
968 2479 1111 2546 collectis
1133 2481 1269 2546 letamur
1299 2487 1332 2546 et
1362 2482 1560 2549 consolamur
1590 2483 1622 2548 in
1646 2483 1770 2555 domino
1793 2501 1889 2565 super
1912 2481 1970 2562 eis,
2001 2479 2166 2547 credentes

668 2583 886 2650 verisimiliter
909 2585 1028 2667 scripta
1050 2590 1107 2650 tua
1117 2585 1207 2668 regia
1229 2585 1411 2652 huiusmodi
1432 2587 1509 2653 lacti
1532 2588 1667 2654 veritate
1688 2586 1804 2653 fulciri.
1834 2587 1932 2653 Porro
1954 2591 2045 2651 tuam
2068 2583 2168 2650 excel·

660 2688 806 2766 lanciam,
829 2687 874 2752 lili
897 2688 1115 2769 dilectissime,
1138 2708 1199 2754 non
1223 2690 1382 2756 credimus
1404 2691 1560 2775 ignorare,
1584 2711 1655 2757 cunr
1677 2693 1709 2757 in
1725 2692 1870 2758 omnibus
1884 2689 1994 2756 mundi
2010 2688 2164 2771 partibus,

659 2793 692 2859 in
715 2792 830 2875 quibus
852 2792 1008 2859 catholice
1031 2793 1105 2860 fidei
1128 2795 1215 2877 viget
1236 2795 1352 2875 cultus,
1375 2801 1442 2861 tam
1463 2816 1522 2880 per
1542 2798 1667 2864 litteras
1679 2803 1713 2862 et
1726 2813 1897 2880 processus
1920 2793 2047 2877 aliquos
2071 2811 2163 2876 quam

659 2895 741 2962 alias
763 2895 889 2979 publice
911 2896 1009 2964 fuerit
1031 2898 1236 2982 divulgatum,
1259 2901 1344 2981 quod
1367 2901 1472 2968 dictus
1488 2902 1669 2968 Ludouicus
1685 2903 1725 2967 de
1740 2900 1887 2979 Bouaria,
1910 2898 1986 2964 olim
2009 2897 2044 2963 in
2059 2915 2164 2980 regem

659 3000 872 3066 Romanorum
895 3001 1026 3081 electus,
1061 3008 1191 3087 propter
1220 3024 1333 3087 graves
1356 3024 1506 3072 excessus
1540 3012 1574 3072 et
1603 3006 1793 3072 detestanda
1821 3003 1961 3083 crimina,
1984 3002 2167 3084 peripsum

661 3110 772 3172 contra
795 3105 889 3170 deum
912 3111 946 3170 et
968 3108 1102 3173 eandem
1124 3109 1297 3175 Romanam
1321 3112 1490 3177 ecclesiam
1509 3110 1666 3193 fidemque
1690 3110 1879 3176 catholicam
1901 3112 2100 3191 perpetrata,
2124 3104 2167 3169 di·

662 3210 765 3276 versis
788 3212 1149 3279 excommunicacionum
1172 3217 1344 3281 sentenciis
1365 3217 1537 3282 innodatus
1559 3235 1597 3281 ac
1620 3216 1764 3281 omnibns
1794 3215 1885 3282 bonis
1911 3218 1945 3279 et
1966 3211 2084 3290 feudis,
2107 3229 2166 3292 qne

663 3315 704 3380 ab
726 3315 837 3380 eadem
859 3315 1001 3381 Romana
1018 3316 1068 3382 vel
1085 3318 1249 3400 quibusvis
1266 3319 1338 3386 aliis
1354 3320 1499 3387 ecclesiis
1515 3327 1572 3386 aut
1586 3321 1719 3403 imperio
1734 3318 1972 3403 quomodolibet
1993 3315 2166 3392 obtinebat,

663 3439 701 3485 ac
724 3420 803 3499 iure,
827 3421 854 3484 si
877 3421 961 3502 quod
984 3421 1013 3485 ci
1036 3422 1076 3487 ad
1099 3442 1229 3504 regnum
1253 3426 1304 3489 vel
1327 3426 1494 3508 imperinm
1517 3426 1692 3491 Ronlanum
1708 3424 1944 3508 quomodolibet
1959 3419 2166 3503 competebat,

662 3526 808 3608 privatus
831 3545 869 3591 ac
890 3526 1053 3608 tandem⁰)
1076 3529 1116 3593 de
1139 3530 1274 3595 diversis
1296 3530 1463 3597 heresibus
1487 3537 1519 3597 ct
1542 3532 1754 3610 scismatihus,
1777 3549 1839 3612 que
1861 3529 1894 3593 in
1915 3528 2020 3593 tocius
2044 3524 2168 3592 christi·
2206 3553 2239 3568 -

663 3630 793 3695 enitatis
816 3635 849 3694 et
872 3636 1056 3696 cunctorum
1080 3638 1171 3699 cetus
1194 3633 1335 3700 fidelium
1355 3635 1578 3702 contumeliam
1594 3642 1627 3701 ct
1643 3636 1844 3719 opprobrium
1860 3631 2056 3716 nequissime
2071 3629 2167 3696 susci·

661 3738 787 3799 taverat
810 3739 843 3798 et
865 3740 1107 3817 perpetraverat
1129 3755 1228 3820 seque
1251 3740 1316 3805 illis
1339 3740 1583 3823 dampnabiliter
1612 3741 1797 3817 involverat,
1830 3738 1959 3821 publice
1984 3755 2024 3801 ac
2047 3734 2167 3800 notorie

661 3837 746 3902 iusto
769 3837 887 3903 iudicio
910 3840 1017 3904 extitit
1040 3840 1299 3925 condempnatus
1323 3863 1402 3927 quas
1426 3845 1552 3928 quidem
1573 3846 1752 3911 sentencias
1769 3864 1838 3908 cum
1853 3842 1963 3907 inultm
1985 3837 2167 3923 aggravam-

661 3940 784 4021 onibus‚
807 3948 873 4006 tam
896 3943 1049 4010 adversus
1073 3964 1144 4011 eum
1167 3966 1262 4029 quam
1285 3950 1413 4031 quosvis
1443 3950 1594 4030 fautores,
1618 3968 1774 4031 sequaces
1804 3954 1838 4012 et
1868 3946 2062 4011 adherentes
2084 3958 2167 4018 suos,

661 4051 756 4127 pmut
778 4047 1014 4114 racionabiliter
1036 4055 1069 4114 et
1091 4050 1175 4115 iuste
1198 4050 1266 4116 fieri
1289 4055 1417 4135 poterit,
1441 4055 1631 4134 subsecutis,
1655 4073 1713 4135 per
1734 4053 1828 4136 longa
1849 4058 1994 4132 tempora
2015 4055 2166 4130 tauquam

662 4148 799 4214 inlidelis
822 4169 953 4217 aversus
976 4173 996 4217 a
1019 4153 1078 4218 deo
1101 4160 1134 4219 et
1157 4156 1188 4219 in
1211 4157 1402 4238 profundum
1423 4159 1579 4224 malorum
1603 4160 1767 4224 demersus
1788 4155 1937 4241 prodolor
1959 4153 2115 4219 sustinuit
2136 4155 2170 4214 et

663 4253 776 4332 adhuc,
799 4254 875 4319 licet
898 4274 955 4320 nos
977 4276 1146 4339 processus
1169 4260 1329 4342 predictos
1352 4264 1600 4345 recensendos‘)
1634 4264 1665 4329 in
1697 4261 1882 4328 consistorio
1909 4264 2018 4325 nostro
2042 4256 2166 4340 publico

661 4359 854 4437 duxerimus,
878 4361 981 4424 animo
1005 4362 1141 4428 sustinet
1164 4364 1408 4447 dampnabiliter
1431 4368 1586 4433 indurato.
1622 4368 1763 4449 Ideoque
1785 4373 1842 4431 tua
1865 4364 1984 4448 regalis
2007 4360 2165 4428 serenitas

660 4460 767 4526 videat
789 4468 823 4527 et
845 4465 1000 4547 recogitet
1022 4465 1201 4549 diligenter,
1236 4470 1263 4534 si
1294 4471 1433 4553 regalem
1462 4473 1644 4555 prosapiam
1675 4473 1715 4538 de
1741 4473 1833 4537 domo
1856 4468 2015 4535 catholica
2038 4467 2165 4533 descen·

662 4566 790 4630 dentem
813 4567 926 4632 deceat
949 4589 1019 4634 cum
1049 4571 1174 4637 homine
1205 4573 1250 4638 sic
1281 4575 1452 4658 dampnato
1475 4595 1511 4641 ac
1534 4596 1554 4640 a
1577 4577 1636 4642 deo
1667 4582 1700 4641 et
1722 4575 1901 4641 hominibus
1922 4572 2096 4656 reprobato
2118 4566 2165 4633 vel

661 4670 729 4734 eius
753 4670 851 4753 prole,
876 4678 1007 4754 propter
1030 4675 1147 4740 crimen
1170 4677 1237 4742 lese
1260 4679 1439 4745 maiestatis
1462 4680 1567 4745 divine
1593 4681 1722 4760 infecta,
1745 4680 1851 4745 lacere
1867 4677 2076 4762 parentelam,
2092 4681 2126 4742 et
2141 4675 2166 4740 si

659 4774 734 4839 talis
751 4780 784 4839 et
802 4781 892 4840 tanta
914 4778 1047 4857 macula,
1072 4798 1134 4861 que
1157 4789 1329 4863 poneretur
1344 4804 1382 4849 ex
1398 4784 1457 4849 hoc
1473 4786 1582 4868 procul
1595 4787 1691 4852 (lubio
1711 4786 1742 4851 in
1758 4785 1858 4869 gloria
1881 4783 1969 4866 regie
1991 4780 2167 4865 diguitatis,

661 4878 700 4943 de
723 4878 809 4944 iacili
833 4886 942 4961 posset
965 4883 1115 4966 abstergi.
1140 4884 1219 4951 Cum
1241 4893 1348 4953 autern
1371 4908 1428 4954 nos
1451 4891 1589 4955 intente
1613 4891 1794 4972 dictumque
1817 4907 1924 4972 regern
1946 4887 2080 4954 Boemie
2102 4903 2169 4950 rnu-

662 4988 749 5047 tuam
783 4984 992 5065 concordiam,
1027 4988 1111 5053 sicut
1145 5009 1201 5073 per
1235 4990 1316 5057 alias
1349 4994 1408 5058 tihi
1439 4995 1606 5059 scribimus
1636 4995 1771 5073 litteras,
1804 4992 1973 5060 relormari
1999 4989 2170 5057 desideriis

663 5093 809 5170 optemus
832 5088 965 5154 intensis
988 5096 1021 5155 et
1043 5098 1213 5176 propterea
1235 5102 1377 5163 nostrum
1397 5099 1569 5182 specialem
1591 5100 1740 5165 nuncium
1756 5099 1796 5164 ad
1811 5104 1845 5164 te
1860 5098 2043 5179 dictumque
2061 5113 2170 5178 regem

661 5197 695 5256 et
717 5197 828 5274 partes
855 5192 928 5258 illas
957 5197 1187 5276 providerimus
1221 5201 1454 5283 destinandum,
1489 5204 1708 5270 celsitudinem
1742 5222 1890 5287 rogamus
1918 5201 2043 5284 regiam
2072 5205 2109 5265 et
2139 5200 2170 5265 in

661 5295 787 5360 domino
811 5299 969 5363 attencius
993 5301 1206 5382 exhortamur,
1237 5310 1395 5387 quatenus
1425 5310 1589 5390 premissis
1612 5310 1695 5375 intra
1719 5308 1885 5393 precordia
1906 5307 1997 5390 regia
2020 5305 2173 5388 prudenti

661 5407 694 5465 et
717 5407 842 5466 matura
865 5403 1097 5470 deliberacione
1120 5407 1274 5475 discussis
1296 5430 1366 5476 cum
1390 5414 1500 5478 eodem
1524 5415 1687 5480 Ludouico
1710 5416 1759 5480 vel
1783 5415 1850 5480 suis
1871 5415 2031 5478 tractatus
2059 5409 2174 5476 huius·

661 5506 755 5585 modi,
778 5507 833 5588 qui
856 5514 987 5589 possent
1010 5510 1041 5574 in
1063 5530 1212 5594 inagnum
1241 5520 1331 5579 tuum
1364 5517 1544 5584 redundare
1575 5520 1784 5603 dispendium,
1816 5537 1877 5584 non
1900 5515 2063 5593 admittas,
2089 5521 2125 5582 et
2148 5515 2174 5581 si

661 5611 768 5675 forsan
802 5611 947 5693 predicta
980 5632 1041 5678 non
1072 5617 1241 5682 advertens
1275 5620 1451 5701 admiseris,
1486 5624 1525 5687 ab
1556 5623 1619 5688 illis
1649 5624 1775 5689 resilias
1805 5622 2015 5700 festinantem
2039 5621 2176 5690 difficile

661 5715 787 5797 quidem
811 5716 861 5783 vel
885 5717 1018 5783 forsitan
1052 5719 1257 5803 impossibile,
1292 5725 1319 5789 si
1342 5727 1579 5808 procederetur,
1614 5728 1697 5809 quod
1724 5728 1817 5807 absit,
1852 5726 1892 5792 ad
1915 5733 2076 5794 tractatus
2101 5749 2177 5795 con·
