5184 7050
649 861 713 931 332

648 1070 742 1137 549.
765 1066 892 1131 Alherto
926 1066 964 1130 dc
992 1063 1158 1131 Facem
1187 1072 1368 1132 reservatur
1395 1066 1615 1150 parrochialis
1646 1022 1777 1133 cocheio
1807 1068 1842 1133 in
1871 1069 1992 1149 Velina,
2020 1068 2161 1150 quaein

642 1173 790 1256 proximo
811 1192 926 1237 vacare
947 1174 1106 1253 speratur.
1152 1170 1535 1236 obmutuissem
1556 1171 1759 1254 inpunitas
1781 1172 1907 1237 amasis
1929 1192 2002 1237 cam
2029 1192 2115 1238 nam.
2140 1173 2162 1235 6

759 1326 795 1340 -
1317 1274 1494 1341 accedat.

762 1364 798 1378 “
1576 1361 1740 1438 dulciore,
1762 1364 1849 1428 1345
1874 1363 2060 1428 Noocrnhris
2082 1366 2114 1428 5.

695 1431 739 1484 .X
766 1430 808 1484 X.

755 1555 794 1619 D.
818 1554 840 1619 f.
864 1553 995 1618 Alheito
1019 1553 1058 1617 de
1081 1552 1261 1631 Falhenovv,
1284 1552 1435 1617 canonico
1458 1551 1594 1619 ecclesie
1615 1553 1874 1633 Boleslauiensis,
1897 1554 2070 1638 Pragensis
2095 1554 2162 1619 dio

653 1659 746 1737 aesia,
770 1676 795 1722 S.
820 1663 880 1723 etc.
924 1657 1100 1724 Laudabile
1126 1656 1352 1738 testimouium,
1376 1664 1452 1736 quod
1475 1663 1530 1721 tibi
1554 1665 1673 1724 devita
1694 1665 1867 1738 perhibetur
1889 1670 1920 1724 et
1941 1666 2085 1741 moribus,
2108 1682 2163 1724 noa

651 1769 775 1842 inducit,
799 1773 831 1824 ut
853 1784 1007 1841 personam
1030 1773 1109 1826 tuam
1131 1767 1320 1841 prerogativa
1342 1766 1479 1840 specialis
1503 1766 1613 1827 favoris
1635 1774 1666 1827 et
1688 1770 1786 1843 gracie
1808 1786 2031 1843 prosequamur.
2078 1762 2159 1828 Cum

651 1866 759 1948 itaque
781 1865 987 1948 parrochialis
1008 1866 1146 1930 ecclesia
1169 1865 1201 1929 in
1216 1863 1351 1939 Walina,
1368 1866 1537 1948 Pragensis
1560 1863 1769 1953 [diocesis],·)
1791 1885 1887 1948 quam
1910 1867 1940 1930 d.
1956 1866 1980 1932 f.
1995 1866 2163 1934 lohannes

652 1969 756 2034 dictus
785 1968 965 2048 Paduanus,
994 1975 1099 2035 rector
1129 1967 1270 2034 eiusdem
1301 1967 1447 2046 ecclesie,
1470 1987 1529 2050 per
1551 1968 1602 2033 dd.
1626 1969 1657 2035 ii.
1681 1970 1855 2052 capitulum
1878 1970 2015 2036 ecclesie
2037 1970 2162 2035 Wisse-

651 2073 815 2155 gradensis
844 2092 943 2155 prope
973 2074 1115 2155 Pragam,
1139 2073 1180 2137 ad
1201 2073 1374 2138 Romanam
1397 2073 1566 2140 ecclesiam
1589 2074 1675 2137 nullo
1697 2074 1801 2140 medio
1823 2074 2024 2156 pertinentis,
2048 2075 2083 2141 in
2106 2076 2162 2144 da·

652 2195 764 2242 canum
786 2177 928 2242 eiusdem
951 2177 1085 2242 ecclesie
1108 2176 1381 2259 wissegradensis
1404 2176 1536 2254 electus,
1560 2178 1692 2259 obtinet,
1715 2179 1946 2261 quamprimum
1973 2179 2160 2245 huiusmodi

654 2280 824 2346 eleccionis
847 2279 1117 2346 confirmacionem
1141 2281 1314 2346 obtinuerit
1329 2300 1366 2346 ac
1381 2282 1554 2348 decanatus
1570 2282 1712 2348 eiusdem
1728 2283 2000 2366 wissegradensis
2024 2283 2163 2350 ecclesie

652 2386 883 2470 possessionem
905 2382 1068 2467 pacificam
1090 2384 1188 2455 luerit
1211 2389 1387 2464 assecutus,
1411 2385 1444 2449 in
1466 2386 1608 2469 proximo
1624 2406 1738 2453 vacare
1753 2393 1918 2470 speretur:
1941 2405 1999 2453 nos
2015 2387 2163 2454 volentes

652 2490 711 2555 tibi
733 2489 959 2572 premissorum
989 2489 1172 2552 meritorum
1205 2493 1332 2554 tuorum
1361 2489 1478 2553 intuitu
1509 2491 1647 2571 graciam
1677 2491 1783 2556 facere
1813 2491 1993 2574 specialem,
2019 2492 2162 2558 eandem

653 2593 880 2677 parrochialem
903 2592 1079 2673 ecclesiam,
1102 2612 1174 2657 cum
1196 2593 1300 2674 ipsam
1322 2594 1475 2677 premisso
1495 2594 1545 2658 vel
1561 2595 1624 2660 alio
1640 2614 1828 2679 quocunque
1842 2596 1936 2661 modo
1953 2601 2160 2679 preterquam

652 2718 709 2782 per
739 2699 839 2782 ipsius
869 2698 989 2763 obitum
1018 2716 1132 2763 vacare
1163 2698 1341 2779 contigerit,
1372 2698 1594 2764 conferendam
1623 2700 1682 2765 tibi
1714 2720 1784 2767 cum
1810 2701 1955 2768 omnibus
1977 2701 2102 2767 iuribus
2124 2707 2161 2765 et

655 2803 861 2886 pertinenciis
898 2804 966 2866 suis
1003 2802 1169 2866 donaciani
1207 2801 1381 2884 apostolice
1418 2821 1627 2884 reservamus,
1665 2811 1833 2870 districtius
1871 2811 2041 2870 inhibentes
2074 2829 2101 2870 v.
2136 2810 2161 2870 f.

651 2934 681 2975 n.
706 2959 738 2974 ..
761 2914 984 2988 archiepiscopo
1014 2913 1157 2987 Pragensi
1188 2930 1240 2972 seu
1270 2913 1314 2972 illi
1344 2915 1389 2972 vel
1413 2914 1483 2989 illis,
1505 2916 1542 2972 ad
1565 2932 1650 2988 quem
1679 2917 1724 2974 vel
1757 2916 1794 2974 ad
1825 2933 1898 2989 quos
1928 2915 2059 2975 eiusdem
2089 2933 2159 2989 par·

653 3019 794 3078 rochialis
817 3018 940 3077 ecclesie
964 3018 1098 3092 collacio,
1120 3017 1251 3091 provisio
1274 3036 1325 3075 seu
1349 3019 1449 3090 quevis
1472 3018 1531 3077 alia
1554 3019 1714 3093 disposicio
1736 3020 1866 3093 pertinet
1899 3020 2091 3079 communiter
2114 3021 2162 3079 vel

653 3123 777 3198 divisim,
801 3140 837 3181 ne
860 3124 895 3181 de
919 3123 998 3181 dicta
1021 3122 1201 3196 parrochiali
1224 3122 1349 3181 ecclesia
1372 3128 1475 3182 contra
1498 3125 1729 3183 reservationem
1752 3128 1884 3183 nostram
1909 3124 2076 3183 huiusmodi
2099 3124 2162 3181 dis·

652 3245 761 3301 ponere
795 3228 999 3300 quoquomodo
1028 3231 1208 3301 presumant,
1230 3244 1265 3284 ac
1289 3227 1481 3285 decernentes
1504 3268 1587 3286 ....
1611 3229 1796 3302 attemptari3
1820 3240 1883 3286 non
1904 3222 2116 3300 obstantibuS,
2133 3227 2161 3284 si

651 3332 741 3404 aliqui
765 3349 853 3405 snper
874 3330 1096 3405 provisionibus
1116 3331 1173 3389 sibi
1195 3328 1338 3389 faciendis
1362 3331 1397 3389 de
1420 3331 1586 3390 huiusmodi
1608 3332 1844 3405 parrochialibus
1868 3332 2001 3391 ecelesiis
2023 3334 2069 3391 vel
2088 3332 2159 3390 aliis

654 3434 804 3494 beneficiis
835 3434 1044 3493 ecelesiasticis
1073 3436 1103 3492 in
1133 3434 1193 3493 illis
1223 3413 1357 3508 partibus
1388 3436 1530 3509 speciales
1562 3437 1605 3494 vel
1636 3437 1787 3510 generales
1817 3437 1896 3495 sedis
1925 3437 2088 3510 apostolice
2111 3437 2160 3494 vel

654 3542 815 3616 legatorum
845 3541 908 3599 eius
1047 3540 1153 3613 quibus
1182 3541 1317 3599 omnibus
1347 3546 1377 3600 te
1406 3540 1437 3600 iu
1469 3541 1659 3601 assecucione
1693 3543 1770 3602 dicte
1803 3541 1999 3616 parrochialis
2032 3542 2161 3601 ecclesie

654 3646 786 3704 volumus
812 3643 965 3718 anteferri,
988 3644 1040 3703 sed
1071 3645 1180 3703 nullum
1209 3663 1263 3719 per
1293 3646 1350 3704 hoc
1379 3645 1422 3704 eis
1446 3646 1540 3718 quoad
1563 3647 1780 3707 assecutionem
1804 3647 1994 3705 ecclesiarum
2017 3651 2047 3704 et
2070 3646 2161 3705 bene-

657 3749 790 3808 ficiorum
811 3749 936 3806 aliorum
957 3747 1150 3821 preiudicium
1172 3749 1317 3823 generari,
1340 3755 1392 3807 aut
1410 3750 1435 3807 si
1462 3751 1556 3808 eidem
1588 3751 1810 3825 archiepiscopo
1843 3751 1888 3810 vel
1919 3750 2070 3824 quibusvis
2092 3751 2164 3809 aliis

655 3854 846 3912 communiter
875 3854 920 3911 vel
952 3852 1067 3910 divisim
1097 3853 1135 3911 ab
1165 3852 1265 3911 eadem
1297 3853 1336 3911 sit
1365 3855 1435 3912 sede
1458 3854 1612 3929 indultum,
1635 3856 1712 3927 quod
1735 3855 1773 3913 ad
1796 3856 1998 3929 receptionem
2021 3856 2066 3914 vel
2089 3873 2162 3929 pro·

654 3958 795 4016 visionem
817 3957 943 4016 alicuius
965 3957 1082 4014 minime
1104 3962 1260 4016 teneantur
1283 3959 1372 4017 etad
1395 3959 1425 4016 id
1448 3959 1581 4031 compelli
1605 3976 1663 4016 nen
1685 3960 1810 4035 possint,
1833 3960 1968 4032 quodque
1999 3960 2035 4019 de
2057 3960 2162 4019 huius-

655 4063 732 4122 modi
762 4062 895 4120 ecelesiis
925 4062 970 4119 vel
1000 4061 1067 4118 aliis
1096 4060 1246 4119 beneficiis
1276 4063 1486 4120 ecclesiasticis
1516 4064 1553 4120 ad
1583 4080 1683 4122 eorum
1714 4064 1914 4139 collacionem,
2045 4065 2162 4123 mencio

655 4166 801 4240 specialis,
835 4178 892 4224 seu
926 4158 1010 4240 quod
1044 4158 1261 4223 canonicatum
1296 4164 1330 4223 et
1362 4160 1554 4242 prebendam
1588 4160 1620 4224 in
1650 4161 1787 4226 ecclesia
1807 4161 2050 4243 Boleslauiensi,
2074 4162 2163 4227 dicte

656 4263 800 4343 diocesia,
834 4265 975 4328 nosceris
1007 4264 1161 4328 obtinere.
1205 4271 1287 4328 Nulli
1322 4288 1390 4344 ergo
1424 4277 1481 4331 etc.
1516 4277 1616 4330 nostre
1650 4272 1874 4348 reservaeionis,
1908 4273 2098 4333 iuhibicionis
2130 4279 2162 4331 et

655 4375 816 4433 voluntatis
838 4374 998 4448 infringere
1022 4380 1079 4433 etc.
1103 4369 1141 4432 D.
1165 4368 1323 4433 huinioue
1346 4388 1416 4433 non.
1441 4369 1627 4435 Novembris
1652 4389 1679 4433 a.
1704 4375 1827 4452 quarto.

759 4473 796 4537 ln
812 4491 839 4536 e.
855 4492 896 4536 m.
913 4472 965 4535 dd.
988 4472 1018 4537 ii.
1039 4471 1078 4536 da
1094 4473 1236 4536 Pomunk
1252 4478 1285 4537 et
1309 4524 1315 4536 .
1334 4524 1340 4537 .
1364 4474 1405 4538 de
1420 4474 1528 4556 Tepla,
1544 4474 1714 4556 Pragensis
1731 4474 1877 4554 diocesis,
1893 4476 2160 4541 monasteriorum

655 4576 824 4640 abbatibus
842 4596 879 4640 ac
894 4575 1031 4640 iohanni
1047 4576 1087 4640 de
1102 4577 1248 4656 Pistoris,
1265 4579 1414 4643 canonico
1430 4578 1630 4657 Beluacensi,
1647 4597 1671 4642 s.
1689 4585 1748 4643 ete.
1771 4587 1932 4645 Laudabile
1947 4587 2162 4663 testimonium,

655 4690 732 4762 (quod
755 4691 783 4749 d.
808 4688 828 4748 f.
853 4689 975 4748 hiberto
999 4691 1033 4748 de
1057 4690 1206 4749 Falkenov
1228 4695 1285 4748 ete.
1310 4707 1400 4762 usque
1427 4691 1560 4748 noscitur
1590 4690 1666 4748 idem
1688 4680 1865 4765 hibertusl)
1889 4692 2033 4750 obtinere.
2080 4693 2162 4765 Quo·

655 4795 734 4852 cirea
756 4795 934 4866 mandamus,
958 4799 1101 4865 quatenus
1124 4811 1175 4851 vos
1198 4795 1242 4852 vel
1267 4794 1323 4852 duo
1347 4800 1399 4852 aut
1421 4811 1496 4852 unus
1519 4801 1648 4853 vestrum
1670 4811 1723 4866 per
1745 4812 1796 4853 vos
1819 4795 1865 4854 vel
1887 4795 1978 4853 alium
2001 4812 2053 4854 seu
2083 4796 2163 4854 alios

655 4901 775 4958 eandem
808 4898 1021 4972 parrochialem
1054 4898 1218 4973 ecelesiam,
1252 4916 1306 4971 per
1339 4916 1392 4956 nes
1406 4894 1430 4973 ⁰)
1464 4905 1497 4956 ut
1529 4897 1679 4972 prefertur
1709 4904 1897 4973 reservatam,
1921 4916 1985 4957 cum
2008 4900 2102 4972 ipsam
2126 4906 2162 4957 ut

654 5004 836 5076 premittitur
858 5020 963 5062 vacare
986 5001 1153 5076 contigerit,
1176 5003 1270 5061 eidem
1293 5003 1416 5061 Alberto
1440 5020 1505 5062 cum
1528 5003 1660 5062 omnibus
1683 5004 1798 5061 iuribus
1821 5009 1851 5061 et
1873 5004 2065 5076 pertinenciis
2097 5005 2161 5061 suis

655 5108 832 5166 auctoritate
855 5113 957 5165 nostra
980 5104 1116 5165 conferre
1133 5112 1162 5164 et
1177 5108 1328 5179 assignare
1345 5107 1464 5182 curetis,
1480 5108 1652 5166 inducentes
1668 5107 1762 5180 ipsum
1777 5109 1822 5165 vel
1838 5114 2059 5180 procuratorem
2075 5126 2162 5165 suum

655 5211 845 5270 eiusnomine
862 5213 891 5268 in
915 5212 1096 5284 corporalem
1118 5212 1333 5283 possessionem
1356 5213 1553 5285 parrochialis
1575 5213 1708 5286 ecclesie,
1731 5213 1838 5269 iurinm
1860 5218 1891 5270 et
1912 5212 2163 5285 pertinentiarum

655 5315 854 5387 predictorum
870 5321 900 5372 et
918 5313 1108 5373 defendentes
1124 5315 1284 5390 inductum,
1301 5321 1398 5374 amoto
1415 5316 1451 5374 ab
1468 5333 1503 5374 ea
1518 5316 1651 5388 (quolibet
1667 5317 1829 5390 (fetentem,
1845 5333 1880 5374 uc
1891 5314 2033 5374 facientes
2050 5316 2107 5374 sibi
2124 5317 2162 5375 de

655 5418 748 5491 ipsius
770 5419 964 5492 parrochialis
988 5420 1111 5478 ecclesie
1134 5417 1291 5494 fructibus,
1388 5420 1622 5479 contradictores
1637 5421 1814 5479 auctoritate
1830 5426 1933 5479 nostra
1948 5426 2005 5479 etc.
2030 5415 2068 5479 D.
2083 5421 2119 5477 ut
2135 5434 2162 5479 S.

759 5583 905 5638 Clementis
923 5583 960 5637 VI
980 5586 1012 5636 Α.
1032 5584 1098 5653 ivis
1117 5587 1172 5654 (83)
1192 5584 1210 5639 f.
1229 5591 1280 5638 act
1305 5601 1330 5637 n.
1358 5591 1414 5652 loe,
1440 5585 1474 5640 de
1498 5586 1640 5641 beneficiis
1663 5584 1800 5639 vacaturis
1825 5602 1869 5654 qn.
1888 5591 1952 5639 4:
1966 5584 1997 5638 V.
2020 5590 2069 5638 168
2088 5585 2106 5639 f.
2127 5592 2164 5639 le

655 5687 682 5724 n.
712 5676 767 5724 loe.
786 5702 818 5709 —
846 5674 869 5736 ι)
894 5671 972 5725 deest
990 5671 1018 5725 in
1037 5672 1078 5737 A,
1098 5671 1187 5740 suppl.
1214 5671 1248 5725 ab
1267 5671 1380 5725 editore.
1408 5673 1432 5739 l³)
1451 5673 1531 5739 ,idem
1550 5673 1690 5726 hibertus‘
1708 5673 1798 5741 suppl.
1818 5688 1903 5740 supra
1925 5675 1959 5725 Δ.
1986 5674 2009 5737 ⁶)
2035 5674 2166 5741 sequitur

655 5764 695 5826 ,ut
713 5773 763 5826 per
781 5763 849 5825 nos‘,
868 5775 923 5812 uon
942 5759 1121 5813 cancellatum
1142 5765 1174 5814 Δ.

1306 5852 1511 5860 ———
