5184 7050
1860 823 1923 888 655

516 1022 590 1088 mat
612 1027 645 1089 et
667 1023 888 1106 dispensamus
910 1023 948 1089 Β.
983 1023 1058 1092 Sine
1081 1025 1145 1091 alia
1167 1025 1318 1092 leccione.
1355 1027 1429 1093 Fiat
1450 1029 1487 1093 Β.
1533 1028 1573 1094 Ι).
1597 1029 1754 1095 Auiniorm
1777 1031 1827 1096 llI
1850 1049 1922 1096 nou.

410 1123 580 1193 Februarii
604 1145 633 1193 a.
657 1133 778 1194 octavo.

518 1262 667 1319 Clementis
685 1264 724 1318 VI
743 1263 769 1318 S.
788 1264 881 1333 Vlllll
902 1267 957 1332 (18)
976 1265 994 1320 1.
1015 1267 1082 1319 lbl'.
1101 1298 1134 1306 -
1162 1269 1185 1333 ⁸)
1204 1269 1251 1333 ,in‘
1268 1267 1304 1335 S,
1323 1284 1392 1322 corr.
1412 1269 1446 1324 ab
1466 1268 1580 1324 editore.
1607 1269 1632 1337 b)
1652 1269 1778 1339 sequitur
1799 1277 1835 1337 ,et
1860 1287 1919 1339 pro·

412 1349 489 1403 ximo
512 1349 688 1418 precedente,
715 1351 825 1420 qnando
850 1351 875 1406 S.
900 1353 932 1406 V.
958 1353 1069 1409 lucrant
1095 1369 1180 1423 super
1204 1355 1255 1409 boc
1279 1355 1371 1412 littere
1392 1357 1467 1425 regie
1485 1359 1661 1426 presentate‘,
1686 1356 1735 1411 sed
1760 1356 1873 1413 cancell.
1898 1359 1924 1416 S.

1067 1569 1270 1576 —————--

413 1752 537 1820 1218.
561 1751 703 1835 Carales,
728 1756 942 1820 Rornanorum
964 1761 995 1822 et
1016 1756 1188 1823 Bobemiae
1209 1777 1275 1836 ren,
1299 1756 1469 1841 supplicat,
1499 1762 1653 1839 amenus
1685 1755 1819 1822 lllicoiao
1842 1756 1925 1822 dicto

416 1858 524 1921 Tener
544 1855 584 1920 dc
605 1856 750 1940 beneficio
778 1859 848 1924 sine
877 1881 957 1924 crura
987 1860 1030 1925 ad
1061 1860 1259 1926 collationem
1289 1860 1472 1926 abbatissae
1493 1867 1523 1925 et
1545 1865 1712 1927 conventus
1740 1861 1925 1927 manasterii

413 1961 520 2026 sancti
544 1961 674 2044 Georgii
695 1964 868 2047 Progenie
891 1969 921 2030 et
950 1964 1115 2032 Vencesiao
1140 1966 1267 2031 Ottonis
1296 1965 1335 2031 de
1358 1966 1548 2032 canonicatu
1577 1965 1726 2032 ecciesiae
1754 1963 1925 2047 Vyssepra-

726 2067 833 2133 aas
854 2067 911 2133 urb
934 2070 1150 2152 expectatione
1165 2068 1370 2155 praebendae
1389 2069 1610 2155 provideatur.

1362 2208 1526 2285 Aninione,
1549 2212 1637 2276 1350
1659 2207 1828 2275 Februarii
1850 2210 1881 2275 3.

516 2363 682 2447 Supplicat
704 2364 735 2431 S.
759 2363 797 2428 V.
822 2364 955 2431 devotus
977 2365 999 2430 f.
1023 2385 1051 2430 v.
1076 2365 1225 2447 Karolus,
1248 2367 1462 2432 Romammm
1478 2371 1511 2431 et
1525 2366 1657 2432 Boemie
1681 2383 1746 2444 rex,
1764 2369 1922 2448 quatenus

412 2469 475 2534 sibi
486 2470 520 2535 in
531 2485 700 2551 personam
713 2467 821 2534 dilecti
834 2469 896 2535 sibi
908 2469 937 2535 N
939 2468 1043 2549 icolai,
1054 2472 1121 2536 uati
1133 2470 1210 2536 dicti
1221 2473 1293 2553 [sic]
1305 2471 1419 2549 Tener,
1436 2470 1543 2536 clerici
1560 2470 1599 2535 de
1614 2470 1727 2551 Plaga,
1743 2469 1915 2552 specialem

412 2572 554 2655 graciam
577 2571 741 2652 iacientes,
765 2571 805 2637 de
827 2571 981 2638 beneficio
1004 2572 1055 2638 vel
1078 2573 1183 2639 officio
1205 2575 1424 2640 ecclesiastico
1447 2575 1516 2639 sine
1540 2592 1625 2652 cura,
1649 2578 1816 2656 spectante
1839 2592 1922 2638 com·

413 2678 553 2742 munitor
586 2675 636 2740 vel
667 2675 794 2742 divisim
825 2677 865 2742 ad
896 2676 1110 2757 collusionem,
1141 2679 1363 2761 provisionem,
1394 2680 1668 2762 presentacionem
1699 2697 1756 2745 seu
1780 2678 1925 2760 quamvis

414 2781 512 2847 aliam
535 2780 781 2863 disposicionem
811 2782 974 2849 abbatisse
1005 2787 1038 2847 et
1069 2787 1243 2848 conventus
1272 2784 1455 2849 monasterii
1486 2784 1589 2848 sancti
1622 2783 1731 2849 Georii
1762 2784 1794 2847 iu
1818 2788 1924 2847 castro

415 2884 580 2969 Pragensi,
599 2903 671 2950 cum
687 2884 841 2952 clausulis
856 2893 889 2952 et
900 2906 963 2952 non
978 2887 1178 2952 obstantibus
1194 2888 1359 2970 oportunis
1377 2894 1411 2954 et
1422 2888 1647 2954 executoribus
1667 2886 1837 2971 dignemini
1853 2905 1925 2969 pro-

415 2990 536 3055 videre.

518 3095 593 3161 Fiat
616 3099 677 3160 etc.
700 3094 737 3160 R.

519 3217 601 3282 ltem
616 3216 786 3300 supplicat,
802 3224 960 3301 quatenus
975 3220 1166 3287 Wenceslao
1183 3220 1322 3299 Ottonis,
1339 3220 1454 3285 clerico
1469 3219 1641 3302 Prsgeusis
1657 3219 1806 3296 diocesis,
1824 3217 1924 3301 [de]·)

414 3321 602 3387 canonicatu
625 3320 761 3388 ecclesie
776 3321 1049 3406 wissegradensis
1072 3344 1141 3392 cnm
1163 3325 1387 3391 reservacione
1409 3324 1570 3407 prebende
1595 3325 1626 3388 in
1650 3341 1690 3388 ea
1712 3323 1859 3387 vacantis
1874 3321 1924 3386 vel

413 3432 576 3504 vacature,
599 3427 823 3510 acceptacione
845 3434 905 3493 etc.
930 3430 1102 3513 dignemini
1133 3429 1311 3511 providere,
1342 3447 1412 3494 cum
1443 3429 1588 3494 omnibus
1620 3426 1774 3492 clausulis
1805 3433 1839 3491 et
1861 3445 1924 3490 non

414 3532 617 3598 obstantibus
640 3534 806 3614 oportunis
828 3552 866 3599 ac
889 3535 1121 3600 executoribus.

516 3654 590 3718 Fiat
612 3654 649 3719 Β.
673 3656 717 3721 Et
740 3674 769 3737 q.
792 3661 816 3720 t.
840 3674 864 3721 s.
889 3674 917 3719 a.
941 3655 973 3733 l.,
997 3661 1030 3720 et
1052 3655 1216 3720 remittere
1236 3656 1283 3719 eis
1299 3654 1471 3737 dignemini
1495 3673 1627 3720 examen
1649 3657 1781 3736 propter
1802 3655 1924 3719 viarum

417 3760 601 3824 discrimina
617 3764 650 3823 et
665 3778 773 3826 earum
790 3760 1027 3842 longitudinem.
1051 3759 1124 3824 Fiat
1138 3758 1175 3824 Β.
1192 3759 1231 3824 Ι).
1247 3760 1406 3824 Aninione
1422 3758 1470 3824 ΙΙΙ
1486 3777 1559 3823 non.
1575 3758 1742 3823 Februarii
1757 3776 1784 3822 a.
1801 3763 1924 3822 octavo.

415 3939 419 3945 ·
520 3913 671 3968 Clementis
691 3914 729 3967 Vl
747 3914 774 3968 S.
792 3914 884 3980 lllllsl
906 3917 961 3982 (18)
980 3914 1000 3969 f.
1020 3917 1088 3968 lbl'.
1108 3943 1139 3954 -·
1167 3916 1190 3982 r)
1210 3915 1287 3969 deest
1305 3915 1334 3967 in
1352 3916 1387 3981 S,
1406 3914 1497 3983 suppl.
1516 3914 1550 3968 ab
1570 3914 1684 3969 editore.

411 4314 533 4381 1219.
565 4313 698 4379 Nieoiao
727 4313 810 4379 dicto
843 4315 956 4395 Tener,
987 4315 1099 4381 clerico
1122 4316 1293 4397 Prageusis
1320 4313 1461 4387 diocesis,
1484 4318 1664 4379 reservatur
1697 4313 1741 4378 ad
1762 4312 1923 4397 strpptica·

411 4419 528 4482 tiouem
564 4418 681 4501 Caroli,
717 4421 931 4484 Romanorum
964 4424 994 4483 et
1028 4419 1198 4484 Bobeniae
1230 4419 1324 4501 repis,
1359 4417 1537 4500 beneficium
1568 4418 1635 4481 siue
1664 4438 1752 4496 cura,
1775 4417 1873 4494 etiam
1893 4416 1925 4480 si

412 4522 559 4606 officium
580 4522 716 4606 sinrptea
738 4524 864 4599 existat,
889 4528 1066 4588 consuetum
1091 4523 1130 4586 ab
1153 4522 1228 4587 otim
1249 4522 1372 4588 clericis
1393 4521 1612 4587 saecularibus
1638 4521 1810 4602 assipnari,
1834 4522 1924 4587 cuius

403 4630 540 4706 fructu
561 4630 605 4692 18
627 4647 810 4692 marcarum
833 4628 958 4707 arpenti
979 4648 1006 4692 s.
1029 4631 1052 4691 t.
1076 4628 1106 4691 d.
1130 4626 1267 4692 calmem
1290 4647 1432 4691 annuum
1454 4646 1515 4691 non
1541 4626 1702 4704 accedant,
1724 4626 1755 4689 si
1775 4626 1858 4709 quod
1880 4623 1924 4690 ad

410 4730 610 4797 auctionem
632 4730 813 4796 abbatissae
835 4735 866 4795 et
887 4736 1052 4796 conventus
1074 4731 1258 4794 monasterii
1275 4730 1381 4795 sarrcti
1399 4729 1563 4811 &corgitu
1586 4730 1620 4793 in
1636 4733 1741 4794 castro
1759 4729 1921 4811 Praperni,

410 4834 537 4900 ordinis
575 4836 681 4901 sancti
716 4835 890 4910 Benedicti,
929 4840 1033 4911 vacat
1071 4834 1119 4899 net
1156 4855 1226 4899 eum
1262 4834 1432 4899 emacuit.
1479 4834 1532 4911 ,D.
1566 4831 1723 4897 Aninione
1760 4832 1822 4898 ΙΙΙ
1852 4851 1922 4896 non.

410 4938 586 5005 Februarii
615 4961 645 5004 a.
675 4944 800 5005 odana·
832 4977 876 4988 —
906 4941 946 5005 In
975 4962 1000 5003 e.
1023 4960 1064 5004 m.
1089 4938 1206 5004 acan
1228 4938 1334 5003 sancti
1356 4936 1467 5020 Epidii
1488 4935 1662 5017 Hapensis
1684 4941 1714 5001 et
1735 4935 1922 5001 scholastico

531 5044 705 5124 bragensis
729 5063 767 5107 ac
789 5044 948 5108 sacristae
970 5042 1191 5107 Acinionmsis
1213 5040 1428 5106 ecclesiarum.
1472 5041 1589 5105 Forma
1612 5040 1704 5105 utin
1726 5062 1756 5106 n.
1779 5044 1810 5105 2.

484 5213 492 5286 Ι
519 5144 556 5282 ·.:¹
1362 5213 1525 5292 Aninione,
1548 5217 1636 5280 1350
1658 5212 1826 5279 Februarii
1846 5214 1876 5277 3.

454 5300 502 5355 ‘x
517 5300 667 5443 benensis
685 5386 722 5441 VI
741 5392 775 5442 A.
792 5389 887 5458 Vlllss
905 5395 977 5455 (tol)
995 5389 1013 5442 t.
1032 5390 1102 5455 344',
1120 5387 1154 5443 de
1173 5386 1315 5443 beneficiis
1334 5404 1395 5442 cum
1414 5388 1456 5442 vel
1476 5388 1534 5443 siue
1554 5402 1619 5441 cura
1641 5402 1684 5455 qu.
1704 5392 1766 5439 a:
1779 5386 1811 5438 V.
1834 5391 1882 5439 194
1901 5384 1920 5438 f.

408 5482 462 5531 172
482 5491 511 5528 u.
530 5479 591 5529 est.
617 5479 641 5541 ι)
659 5475 772 5542 ,Georii‘
790 5478 823 5528 A.
