5184 7050
1970 821 2034 890 aba

526 1031 951 1100 euanesceretque
988 1031 1026 1095 de
1064 1031 1190 1094 vacceia
1218 1029 1404 1112 providetur
1433 1029 1471 1094 do
1500 1027 1644 1109 beneficio
1668 1049 1738 1092 oum
1771 1028 1819 1092 ael
1846 1028 1916 1093 siue
1945 1050 2033 1108 curo,

526 1137 623 1199 eiam
647 1136 677 1201 si
699 1136 841 1217 ‹liquitus
871 1139 929 1199 etc.
952 1136 1080 1209 11111111,
1113 1139 1247 1198 aucam
1277 1132 1325 1196 vel
1354 1138 1515 1207 vocaturo,
1551 1132 1594 1196 ud
1623 1131 1819 1196 collationem
1845 1132 1983 1216 episcopi
2003 1137 2034 1197 et

655 1254 663 1327 Ι
897 1238 1031 1322 copitruli
1055 1238 1280 1303 Olomucensis.
1304 1237 1421 1307 Forma
1443 1242 1479 1301 ut
1500 1238 1535 1301 in
1556 1259 1586 1302 a.
1612 1236 1663 1302 76.

637 1345 686 1499 {
1499 1391 1663 1468 lasau,
1685 1394 1774 1458 rere
1797 1392 1914 1457 maros
1934 1393 1987 1458 oo.

573 1324 613 1428 1

557 1445 605 1500 .x

634 1587 671 1650 l).
694 1585 716 1651 f.
740 1587 887 1664 Hinconi,
911 1592 986 1652 nato
1004 1586 1034 1650 d.
1050 1585 1072 1651 f.
1090 1585 1247 1665 Smilonis,
1270 1585 1392 1664 militis,
1416 1585 1534 1650 domini
1557 1585 1596 1649 de
1618 1585 1767 1662 Verania,
1790 1583 1942 1649 canonico
1956 1583 2035 1648 Pra-

522 1691 625 1772 gensi,
650 1708 675 1755 s.
699 1697 761 1755 etc.
784 1691 920 1755 Generis
942 1691 990 1755 tui
1013 1690 1163 1754 nobilitas
1185 1740 1192 1754 .
1211 1740 1218 1753 .
1235 1741 1242 1754 .
1261 1739 1268 1753 .
1289 1690 1440 1755 Volentes
1463 1689 1572 1772 itaque
1593 1689 1653 1753 tibi
1674 1689 1902 1770 premissorum
1916 1688 2034 1752 intuitu

522 1795 666 1876 graciam
696 1794 803 1859 facere
833 1795 1013 1876 specialem,
1047 1793 1235 1859 beneficium
1269 1793 1522 1860 ecclesiasticum
1556 1811 1627 1857 cum
1657 1810 1734 1858 cura
1763 1791 1814 1856 vel
1845 1793 1915 1856 sine
1946 1810 2032 1871 cura,

522 1898 627 1962 eciam
651 1898 679 1962 si
702 1897 840 1981 dignitas
862 1897 912 1963 vel
935 1903 1123 1980 personatus
1153 1903 1209 1962 aut
1238 1897 1377 1964 officium
1407 1902 1440 1962 et
1469 1899 1502 1961 in
1532 1896 1668 1962 ecclesia
1698 1893 1873 1960 cathedrali
1907 1897 2033 1973 existat,

523 2007 676 2084 spectans
699 2019 726 2066 c.
750 2002 799 2066 vel
824 2003 853 2066 d.
877 2003 919 2067 ad
941 2001 1155 2079 collacioncm,
1177 2021 1266 2084 prov.
1282 2001 1334 2066 vel
1348 2020 1432 2085 pres.
1457 2019 1513 2067 scu
1536 2021 1567 2083 q.
1590 2020 1618 2065 a.
1641 2000 1672 2064 d.
1695 2019 1724 2064 v.
1748 1999 1770 2064 i.
1794 2018 1824 2063 n.
1841 2050 1848 2065 .
1867 2050 1874 2064 .
1890 2001 2035 2082 episcopi

524 2113 559 2170 et
585 2105 638 2170 dd.
661 2106 692 2171 li.
717 2156 724 2169 .
749 2156 756 2170 .
781 2107 903 2185 (lncani,
936 2107 1154 2188 ..prepositi
1189 2113 1221 2172 et
1256 2106 1388 2189 capituli
1422 2104 1652 2185 Olomucensis
1687 2105 1715 2170 si
1748 2104 1832 2186 quod
1865 2111 1961 2171 vacat
1994 2105 2034 2169 ad

522 2228 669 2292 presens,
692 2210 743 2274 vel
767 2230 838 2274 cum
872 2213 1033 2275 vacaverit
1057 2261 1064 2274 .
1090 2261 1096 2275 .
1121 2262 1128 2276 .
1154 2261 1161 2274 .
1186 2211 1411 2276 conferendum
1426 2210 1486 2274 tibi
1510 2260 1592 2274 ....
1615 2209 1645 2275 d.
1670 2228 1697 2273 a.
1715 2227 1914 2273 reservamus
1931 2260 1937 2273 .
1957 2259 1964 2272 .
1982 2259 1989 2273 .
2007 2228 2033 2288 ,3

523 2334 589 2379 non
612 2315 815 2380 obstantibus
839 2365 846 2378 .
871 2365 877 2378 .
904 2365 910 2378 .
937 2366 943 2379 .
968 2334 1025 2380 seu
1048 2316 1132 2398 quod
1155 2318 1187 2380 in
1209 2316 1361 2398 Pragensi
1385 2315 1521 2380 ecclesia
1544 2315 1761 2381 canonicatum
1781 2315 1839 2379 sub
1855 2314 2034 2396 expectaci·

522 2438 585 2482 one
609 2419 770 2500 prebende
793 2421 934 2485 nosceris
957 2420 1109 2498 obtinere,
1134 2425 1190 2484 aut
1212 2420 1296 2501 quod
1321 2422 1441 2502 pateris
1464 2420 1497 2483 in
1520 2422 1604 2483 etate
1628 2417 1797 2497 deiectum,
1814 2418 1846 2482 in
1867 2418 1963 2483 etatis
1977 2423 2034 2483 tue

522 2540 609 2587 arrno
632 2521 857 2586 terciodecimo
881 2523 1082 2601 constitutae,
1108 2541 1204 2604 super
1223 2543 1285 2604 quo
1316 2523 1443 2604 quidem
1475 2522 1602 2588 deiectu
1625 2521 1719 2586 bodie
1741 2525 1857 2600 tecum,
1882 2526 1917 2586 ut
1937 2521 2034 2586 bene·

524 2623 632 2690 ficium
663 2625 924 2705 ecclesiasticum,
959 2629 1060 2691 eciam
1090 2629 1118 2692 si
1149 2628 1288 2709 dignitas
1319 2627 1369 2692 vel
1400 2631 1589 2708 personatus
1623 2630 1678 2690 aut
1708 2624 1846 2690 officium
1881 2626 2035 2691 existeret

524 2737 557 2794 et
583 2750 691 2794 curam
715 2733 891 2796 animarum
915 2732 1055 2809 haberet,
1091 2731 1258 2796 duuunodu
1288 2733 1369 2796 alias
1399 2733 1459 2796 tibi
1486 2731 1635 2795 canonice
1658 2729 1865 2809 conferretur,
1873 2732 1898 2812 ¹)
1922 2731 2034 2795 eodem

525 2834 655 2899 ‹lelectu
678 2853 798 2900 necnon
821 2835 980 2917 generalis
1004 2835 1128 2899 concilii
1160 2842 1193 2899 ut
1215 2835 1412 2916 quibuslibet
1442 2835 1514 2899 aliis
1544 2834 1728 2916 apostolicis
1750 2835 2034 2899 constitucionibus

525 2958 563 3002 ac
595 2939 726 3002 statutis
757 2944 789 3002 et
819 2939 1103 3003 consuetudinibus
1134 2938 1349 3018 ecclesiarum,
1383 2941 1415 3004 in
1446 2939 1560 3020 quibus
1590 2936 1778 3002 beneficium
1809 2939 1911 3019 ipsum
1940 2938 2033 3017 foret,

525 3042 695 3106 contrariis
717 3062 917 3125 nequaquam
940 3044 1150 3121 obstantibus,
1182 3043 1282 3108 libere
1312 3044 1455 3125 recipere
1487 3047 1519 3107 et
1541 3041 1627 3106 licite
1658 3042 1797 3106 retinere
1819 3041 1953 3121 valeres,
1977 3061 2035 3125 per

524 3151 654 3210 nostras
684 3145 809 3211 litteras
839 3148 1030 3212 auctoritate
1059 3148 1204 3229 predicta
1233 3147 1380 3212 duximus
1411 3148 1451 3211 de
1481 3144 1613 3228 speciali
1642 3145 1750 3227 gracia
1777 3145 2032 3226 dispensandum,

525 3251 665 3331 proviso,
689 3250 773 3331 quod
796 3250 976 3315 huiusmodi
1000 3250 1197 3329 beneficium,
1221 3251 1306 3332 qnod
1321 3251 1513 3315 auctoritate
1536 3249 1737 3331 presencium
1755 3250 1884 3331 assequi
1906 3254 1939 3314 te
1963 3269 2037 3315 con·

524 3355 639 3437 tinget,
675 3354 789 3418 debitis
813 3374 874 3418 non
897 3356 1063 3420 fraudetur
1093 3356 1254 3437 obsequiis
1284 3360 1318 3419 et
1347 3356 1521 3420 animamm
1552 3372 1637 3431 cura,
1673 3353 1699 3416 si
1727 3371 1790 3434 qua
1812 3352 1859 3417 illi
1883 3354 2035 3435 imminet,

524 3458 712 3524 nullatenus
755 3458 942 3541 negligatur,
979 3459 1125 3541 quodque
1156 3464 1201 3538 tu,
1236 3459 1466 3541 quamprimum
1500 3458 1540 3523 ad
1570 3462 1688 3521 etatem
1717 3459 1905 3539 perveneris
1934 3458 1974 3523 ad
2002 3458 2035 3524 id

524 3570 644 3646 aptam,
668 3570 700 3627 te
723 3563 823 3628 facias
846 3564 887 3627 ad
910 3564 1048 3642 ordinae,
1073 3569 1166 3645 prout
1190 3565 1291 3645 ipsius
1314 3562 1460 3628 beneficii
1483 3582 1561 3628 onus
1584 3563 1735 3644 requiret,
1760 3564 1890 3628 statutis
1912 3566 2035 3646 tempo·

524 3669 615 3733 ribus
639 3669 827 3748 promoveri.
852 3719 859 3730 .
884 3718 891 3732 .
918 3719 925 3732 .
951 3719 957 3731 .
983 3670 1021 3732 1).
1045 3669 1203 3732 Auinione
1226 3669 1292 3733 llll
1317 3668 1379 3733 kal.
1403 3667 1523 3749 Aprilis
1546 3686 1573 3730 a
1599 3670 1722 3748 quarto.

631 3771 669 3836 In
691 3791 719 3837 e.
743 3792 783 3836 m.
807 3772 859 3837 dd.
878 3771 909 3837 ff.
934 3823 967 3837 ..
992 3772 1098 3837 abbati
1122 3772 1412 3837 Zabardouicensis
1435 3778 1468 3837 ct
1491 3823 1523 3837 ..
1547 3772 1709 3854 preposito
1733 3769 1951 3851 (ibunicensis,
1975 3791 2034 3854 per

525 3876 725 3957 prepositum
747 3876 833 3940 soliti
856 3877 1036 3958 gubernari,
1059 3877 1332 3956 monasteriorum,
1368 3876 1587 3943 Olomucensis
1610 3875 1754 3954 diocesis,
1778 3893 1816 3939 ac
1839 3926 1846 3940 .
1872 3926 1879 3941 .
1903 3877 2035 3941 sacriste

525 3980 664 4044 ecclesie
687 3980 911 4045 Auinioueusis
935 3999 960 4044 s.
985 3986 1045 4045 etc.
1070 4030 1077 4044 .
1101 4031 1109 4044 .
1135 4030 1142 4043 .
1166 4032 1173 4045 .
1198 3982 1237 4045 Ι).
1261 3985 1298 4045 ut
1321 4000 1346 4047 s.

631 4167 780 4223 Clementis
798 4169 837 4221 Vl
855 4171 888 4222 A.
907 4168 973 4235 1vse
992 4173 1048 4238 (84)
1067 4168 1085 4224 1.
1104 4174 1162 4235 313,
1182 4169 1215 4223 de
1235 4169 1376 4224 beneficiis
1394 4186 1455 4223 cum
1474 4168 1517 4223 vel
1536 4170 1596 4224 sine
1612 4186 1678 4225 cura
1690 4186 1736 4238 qu.
1749 4175 1766 4222 4
1780 4186 1811 4220 :-
1825 4170 1858 4224 V.
1879 4175 1926 4223 171
1946 4167 1965 4222 f.
1985 4174 2035 4223 180

525 4271 551 4307 n.
570 4260 637 4321 3273
656 4255 803 4322 registrata
828 4256 911 4310 etiam
929 4256 957 4309 in
976 4257 1009 4309 A.
1028 4256 1095 4324 ll'fl
1114 4259 1168 4324 (81)
1187 4254 1205 4308 1.
1224 4262 1266 4322 81,
1285 4256 1406 4310 omnium
1430 4256 1579 4311 formarum
1603 4273 1647 4325 qn.
1672 4262 1696 4323 1,
1725 4254 1773 4312 sed
1801 4256 1951 4311 cancellata
1975 4273 2035 4311 cum

527 4347 607 4394 nom:
635 4340 803 4404 ,cancellata
821 4348 849 4395 et
866 4341 931 4396 alibi
952 4348 994 4395 est
1012 4342 1138 4410 scriptn“.
1153 4340 1347 4396 -118011111,
1367 4343 1418 4397 Vll
1437 4360 1463 4396 n.
1482 4348 1541 4410 810,
1565 4342 1894 4397 ΒΒΜ.Ι1111.1681.-
1921 4344 1945 4412 ⁸)
1963 4359 2036 4412 ,con-

527 4428 674 4482 sereretur
693 4428 726 4480 A.

1180 4625 1288 4632 -.-
1303 4625 1384 4631 ,-

526 4951 620 5018 598.
646 4950 754 5014 Priori
774 4949 917 5031 pemati
938 4954 968 5013 et
983 4950 1150 5029 frutribus
1173 4950 1295 5015 ordinis
1316 4949 1426 5015 beatae
1442 4950 1573 5015 Mariae
1587 4950 1624 5014 de
1639 4952 1747 5016 Monte
1771 4948 1908 5016 eamus·
1929 4946 2032 5014 indul-

525 5060 626 5136 petor,
649 5058 686 5118 ut
708 5054 744 5118 in
766 5054 894 5119 civitate
915 5054 963 5118 vel
977 5054 1135 5118 suburbiis
1152 5054 1366 5136 Properas-ibus
1380 5075 1478 5118 uuum
1492 5053 1594 5119 loetum
1615 5053 1752 5138 recipere
1773 5058 1804 5117 ei
1821 5054 1857 5118 iu
1878 5073 1912 5117 eo
1926 5073 2033 5117 osonu-

1030 5160 1162 5223 saeuum
1184 5162 1363 5223 corteto-uere
1381 5160 1517 5243 possiet.

569 5262 630 5386 ..Ξ
1503 5298 1666 5375 Aoiuiom,
1688 5301 1776 5365 1346
1798 5298 1917 5364 Martii
1938 5300 1990 5363 29.

630 5489 694 5555 Dd.
717 5488 797 5555 11..
814 5491 913 5572 priori
927 5490 1068 5574 generali
1092 5496 1124 5554 et
1139 5490 1292 5556 fratribus
1308 5492 1428 5557 ordinis
1451 5491 1567 5557 Sancte
1590 5490 1693 5556 Marie
1717 5490 1756 5556 de
1772 5489 1882 5555 Monte
1898 5488 2035 5555 Carmeli

523 5614 548 5660 s.
565 5601 628 5661 etc.
646 5595 744 5661 Sacre
758 5601 865 5661 vestre
880 5596 1052 5678 religionis,
1079 5596 1111 5659 in
1127 5615 1189 5677 qua
1204 5596 1352 5661 devotum
1377 5596 1436 5660 deo
1453 5596 1609 5660 exhibetis
1625 5596 1820 5677 obsequium,
1832 5598 2033 5676 promeretur

522 5701 689 5780 honestas,
714 5703 749 5763 ut
770 5700 852 5764 votis
874 5701 991 5765 vestris
1014 5701 1046 5765 in
1061 5700 1123 5764 biis
1147 5700 1325 5782 presertim,
1349 5719 1413 5782 que
1428 5699 1527 5764 divini
1551 5700 1655 5765 cultus
1678 5704 1881 5782 augmentum
1903 5702 1937 5763 et
1959 5696 2038 5762 fide-
