5184 7050
547 866 612 933 384

544 1071 637 1138 647.
661 1070 763 1147 Petro,
788 1067 896 1132 abbati
917 1066 1103 1130 manasterii
1127 1065 1246 1130 Montis
1277 1065 1363 1138 Sion,
1398 1068 1429 1128 ct
1450 1065 1678 1129 successoribus
1708 1064 1776 1129 aises
1807 1064 1998 1139 comeditur,
2021 1071 2057 1127 td

545 1174 713 1238 dimidiam
744 1192 888 1235 marcam
919 1170 994 1234 anri
1015 1170 1185 1234 dumtaxat
1217 1170 1355 1250 simpatia
1384 1168 1519 1233 bienniis
1550 1190 1694 1233 camerac
1724 1168 1917 1251 apostolicae
1937 1168 2057 1232 solvere

1217 1277 1394 1338 teneantur.

1573 1358 1847 1438 Aoinione,1346
1870 1359 1957 1425 Maii
1979 1363 2012 1425 6.

606 1345 630 1396 ll

591 1414 650 1468 .X.

650 1537 688 1600 D.
712 1535 734 1599 f.
758 1536 863 1613 Petro,
888 1535 995 1598 abbati
1016 1533 1200 1598 monasterii
1224 1534 1342 1598 Montis
1366 1534 1459 1615 Syon,
1493 1533 1797 1598 Premonstratensis
1819 1532 1950 1612 ordinis,
1976 1534 2054 1598 Pra-

546 1640 653 1723 gensis
676 1639 821 1717 diocesis,
845 1658 870 1702 s.
895 1643 955 1702 etc.
990 1638 1180 1702 Devocionis
1213 1642 1268 1702 tuo
1300 1638 1422 1717 merita,
1455 1657 1548 1719 quam
1572 1636 1613 1701 ad
1635 1655 1693 1701 nos
1716 1641 1749 1700 et
1771 1636 1945 1702 Romanam
1968 1638 2054 1719 geris

547 1744 723 1822 ecclesiam,
747 1762 809 1806 non
831 1741 958 1824 indigne
982 1745 1152 1819 morentur,
1176 1746 1212 1806 ut
1234 1742 1410 1824 peticiones
1432 1747 1514 1818 tuas,
1538 1746 1691 1822 quantum
1707 1759 1778 1805 eum
1797 1740 1856 1806 deo
1873 1759 2056 1822 possumus,

547 1848 587 1913 ad
610 1847 825 1912 eraudicionis
848 1846 986 1927 graciam
1009 1845 1222 1911 admittamus,
1245 1844 1374 1909 Dudum
1397 1844 1553 1926 siquidem
1576 1863 1633 1926 pro
1657 1849 1749 1927 parte
1771 1849 1827 1909 tua
1842 1845 1934 1908 nobis
1958 1863 2056 1927 erpo·

548 1954 619 2031 sito,
644 1950 727 2032 quod
750 1955 784 2014 tu
808 1950 915 2029 plures
938 1948 1087 2012 abbacias
1110 1947 1257 2012 solennes
1280 1954 1314 2011 et
1329 1948 1471 2012 membra
1494 1948 1613 2012 nobilia
1628 1947 1820 2013 monasterio
1834 1952 1891 2012 tuo
1907 1948 2056 2013 subiecta

548 2056 696 2133 habebas,
713 2058 883 2134 essentque
899 2054 930 2117 in
947 2052 1064 2116 diocesi
1081 2052 1234 2133 Prageusi
1250 2051 1390 2115 nonnulli
1413 2051 1468 2116 alii
1491 2052 1633 2127 abbates,
1649 2053 1798 2117 abbacias
1821 2056 1855 2117 et
1878 2052 2057 2134 urembra·)

548 2157 730 2223 huiusmodi
760 2175 822 2220 non
844 2157 1000 2221 habentes
1022 2175 1059 2220 ac
1081 2159 1114 2220 te
1137 2155 1230 2237 longe
1258 2157 1407 2234 minores,
1438 2157 1492 2237 qui
1523 2161 1615 2220 erant
1644 2156 1789 2239 insigniis
1818 2154 2056 2238 pontificalibus

548 2263 699 2344 insigniti,
722 2278 789 2339 noa,
814 2266 848 2324 ut
870 2265 905 2323 tu
929 2265 961 2323 et
991 2278 1192 2325 successores
1214 2260 1271 2338 tui,
1299 2259 1431 2324 abbates
1461 2259 1537 2324 dicti
1561 2260 1754 2339 monasterii,
1785 2260 1840 2342 qui
1863 2265 1974 2325 essent
1997 2279 2053 2342 pro

548 2371 702 2447 ternpore,
733 2366 965 2446 imperpetuum
995 2363 1079 2428 iulra
1109 2369 1141 2428 et
1172 2370 1262 2429 extra
1292 2364 1410 2428 dictum
1429 2364 1665 2442 monasterium,
1692 2365 1845 2445 quociens
1869 2363 2056 2429 solemniter

550 2469 767 2547 celebraretis,
780 2468 880 2533 infula
895 2486 952 2532 seu
967 2469 1070 2546 mitra,
1087 2468 1239 2532 sandaliis
1255 2473 1288 2531 et
1303 2467 1374 2532 aliis
1390 2469 1535 2549 insigniis
1559 2473 1590 2531 et
1606 2469 1800 2533 ornamentis
1819 2468 2055 2551 episcopalibus

551 2574 596 2637 uti
620 2577 653 2638 et
675 2573 738 2638 frui
760 2573 861 2636 libere
884 2577 917 2636 et
938 2572 1026 2636 licite
1049 2572 1211 2650 valeretis,
1234 2572 1292 2636 tibi
1309 2578 1342 2636 et
1357 2571 1478 2636 eisdem
1503 2573 1740 2637 successoribus
1763 2573 1955 2638 auctoritate
1980 2592 2055 2655 apo

551 2678 663 2743 stolica
685 2696 742 2760 per
765 2682 889 2741 nostras
913 2678 991 2741 certi
1021 2676 1142 2740 tenoris
1171 2676 1298 2740 litteras
1329 2675 1476 2740 duximus
1495 2676 1729 2758 indulgendum,
1752 2676 1911 2742 voluimus
1937 2683 2054 2755 autern,

550 2787 587 2845 ut
608 2787 643 2845 tu
667 2786 700 2845 et
721 2781 816 2845 iidem
839 2798 1040 2845 successores
1064 2798 1187 2844 camere
1211 2779 1385 2862 apostolice
1416 2799 1509 2845 unam
1532 2782 1691 2846 marcham
1718 2782 1787 2846 auri
1810 2781 1944 2863 siugulis
1966 2781 2055 2846 bieu-

550 2886 611 2950 niis
634 2885 758 2949 solvere
779 2885 978 2962 teneremini,
994 2884 1135 2965 alioquin
1158 2884 1315 2948 indultum
1330 2884 1510 2949 huiusmodi
1526 2892 1614 2950 esset
1636 2886 1760 2949 irritum
1783 2890 1816 2950 et
1839 2886 1943 2963 inane,
1961 2890 2054 2967 prout

550 2990 582 3053 iu
606 2988 700 3052 dictis
723 2988 839 3052 litteris
861 2987 988 3069 plenius
1011 2989 1201 3053 continetur.
1213 2987 1238 3070 ¹)
1262 2987 1342 3053 Cum
1366 2990 1483 3070 itaque,
1505 2990 1588 3054 sicut
1611 3008 1649 3054 ex
1671 2994 1783 3054 tenore
1806 2989 1975 3071 peticionis
1998 3008 2054 3071 pro

550 3098 641 3176 parte
664 3097 720 3157 tua
741 3093 832 3157 nobis
854 3111 956 3175 nuper
977 3093 1083 3157 oblate
1093 3091 1119 3179 ²)
1154 3094 1364 3173 percepimus,
1381 3092 1557 3175 predictum
1581 3094 1806 3159 monasterium
1832 3094 1913 3158 adeo
1935 3093 1979 3158 sit
2002 3093 2055 3156 de-

551 3197 688 3262 solatum
711 3201 743 3260 et
766 3196 972 3275 destructum,
1008 3196 1091 3278 quod
1122 3196 1162 3260 de
1192 3196 1277 3260 facili
1310 3197 1359 3260 rel
1392 3198 1525 3261 imbrevi
1554 3200 1729 3263 restaurari
1758 3218 1820 3264 non
1849 3203 1968 3281 potest,
1999 3215 2054 3261 uos

550 3301 653 3365 cidem
674 3302 869 3365 monasterio
893 3303 944 3383 pio
967 3305 1001 3365 ct
1022 3308 1154 3383 patemo
1178 3302 1209 3365 in
1232 3301 1293 3364 hac
1317 3306 1407 3382 parte
1431 3302 1666 3382 compacientcs
1690 3303 1814 3381 affectu,
1844 3304 1911 3367 tuis
1934 3301 2054 3385 suppli-

551 3405 732 3469 cacionibus
755 3404 906 3483 inclinati,
941 3410 976 3468 ut
998 3411 1033 3468 tu
1057 3410 1091 3468 ct
1113 3422 1315 3468 successores
1345 3406 1392 3469 tui
1423 3406 1556 3487 predicti
1581 3406 1649 3471 loco
1674 3408 1774 3490 ipsius
1796 3406 1935 3486 marche,
1958 3426 2052 3489 quam

551 3509 674 3575 solvere
697 3509 888 3574 tenebamini
913 3513 948 3571 ut
970 3508 1138 3591 prefertur,
1170 3528 1231 3573 non
1254 3508 1315 3572 nisi
1339 3509 1501 3575 dimidiam
1523 3510 1683 3576 marcham
1710 3512 1780 3576 auri
1803 3510 1968 3576 dumtaxat
1991 3512 2054 3576 sin·

551 3615 634 3696 gulis
663 3614 799 3678 bienniis
832 3613 975 3696 predicte
1010 3631 1133 3676 camere
1163 3612 1286 3677 solvere
1317 3615 1498 3692 teneamini,
1529 3615 1619 3679 vobis
1650 3615 1850 3680 concedimus
1881 3615 1920 3680 de
1947 3614 2053 3698 gracia

551 3718 699 3798 speciali;
724 3717 807 3799 quod
830 3719 859 3781 si
880 3716 988 3783 forsan
1012 3718 1043 3781 in
1066 3716 1227 3781 solucione
1250 3716 1380 3782 dimidie
1409 3719 1536 3783 marche
1562 3718 1743 3784 huiusmodi
1765 3719 1959 3800 defeceritis,
1984 3739 2054 3802 pre·

551 3822 652 3886 fatum
683 3822 838 3886 indultum
870 3841 926 3902 per
957 3821 1116 3902 predictas
1153 3827 1279 3885 nostras
1314 3821 1437 3886 litteras
1468 3823 1556 3886 robis
1590 3841 1774 3887 concessum
1807 3823 1875 3888 fore
1910 3823 2053 3889 volumus

551 3928 675 3991 irritum
698 3931 731 3990 et
754 3928 855 3990 hume.
880 3925 966 3989 Nulli
989 3945 1064 4006 argo
1088 3931 1147 3989 etc.
1172 3931 1278 3989 nostre
1302 3927 1515 3990 concessionis
1539 3933 1571 3991 et
1593 3928 1765 3992 uoluntatis
1797 3928 1969 4010 infringere
1992 3934 2050 3993 ete.

552 4033 590 4095 D.
615 4031 771 4094 Auinione
795 4030 827 4094 ll
851 4051 921 4094 nou.
945 4030 1024 4093 hlaii
1047 4050 1075 4093 a.
1100 4037 1221 4112 quarto.

656 4219 803 4273 (ss'lernentis
823 4220 909 4272 VIA.
934 4218 999 4287 IV,b
1023 4219 1067 4285 (V.
1091 4225 1152 4285 uls)
1181 4218 1198 4271 i.
1223 4226 1273 4271 302²
1299 4236 1324 4272 u.
1351 4225 1408 4285 568,
1435 4220 1602 4274 diversarum
1627 4221 1839 4288 formarumqu.
1860 4222 2050 4275 11:V.168

552 4305 570 4359 f.
589 4312 638 4358 309
658 4323 683 4359 ιι.
704 4310 763 4359 568.
783 4337 815 4344 -
843 4316 865 4370 Ι·)
885 4307 1015 4372 ,menbra‘
1034 4308 1068 4358 h.
1087 4337 1120 4345 -
1142 4308 1159 4371 ¹)
1179 4305 1240 4360 vide
1260 4324 1333 4360 num.
1352 4314 1410 4359 371.
1431 4308 1538 4372 ²)l1aec
1557 4309 1720 4376 supplicatio
1739 4324 1794 4361 uon
1813 4315 1995 4378 estreperta.

553 4899 645 4964 648.
677 4945 692 4975 „
707 4899 911 4961 l'isitardibus
949 4897 1110 4962 ‹eccles-mm
1147 4898 1231 4961 baruti·
1263 4899 1325 4961 l'ili
1360 4898 1504 4961 arrartiris
1535 4898 1703 4978 I'rapcmsis
1734 4899 1928 4980 irmlulycucie
1957 4900 2054 4982 larpi·

1023 5004 1177 5081 aratror‚¹)“
1204 5005 1318 5066 l‘brma
1341 5007 1375 5065 ut
1397 5004 1431 5065 iu
1454 5025 1484 5067 n.
1507 5006 1580 5067 261.

1578 5142 1740 5216 Asinium,
1763 5145 1850 5206 1346
1873 5144 1961 5208 Maii
1982 5147 2013 5210 6.

659 5334 804 5398 l'lemcns
828 5335 1007 5413 episcopus,
1039 5353 1063 5398 s.
1095 5353 1120 5397 s.
1152 5335 1191 5411 d,
1225 5334 1381 5397 urrirersis
1413 5333 1532 5398 Christi
1559 5332 1715 5411 fidelihus,
1739 5337 1906 5413 presentes
1933 5335 2056 5399 litteras

559 5439 760 5519 inspecturis,
784 5460 809 5502 s.
834 5444 865 5501 et
888 5458 915 5502 a.
941 5439 969 5500 h.
1002 5437 1157 5518 Splendor
1180 5444 1312 5519 paterne
1335 5438 1444 5518 glorie,
1469 5438 1522 5517 qui
1546 5458 1603 5501 sua
1627 5438 1775 5501 rnuudum
1800 5436 1958 5503 illuminat
1979 5440 2058 5504 inel-

555 5543 641 5606 labili
665 5540 821 5620 claritate,
847 5545 897 5622 piu
922 5549 994 5606 vota
1018 5543 1167 5619 bdelium,
1199 5543 1238 5606 de
1262 5543 1509 5605 clementissima
1533 5542 1632 5622 ipsius
1656 5543 1823 5605 maiestate
1846 5544 2055 5623 sperancium,

554 5654 628 5711 tunc
652 5649 802 5729 precipue
825 5647 960 5726 benigno
976 5646 1082 5710 farore
1100 5647 1310 5726 prosequitur,
1328 5666 1397 5709 cnm
1414 5646 1527 5709 devota
1544 5646 1681 5725 ipsorum
1699 5645 1860 5710 humilitas
1875 5653 2054 5711 sanctornm

554 5752 676 5814 inuritis
700 5756 731 5815 ct
755 5751 902 5831 precibus
925 5751 1103 5814 mliuratur.
1128 5751 1302 5831 Cupientes
1326 5750 1432 5832 igitur,
1449 5756 1484 5812 ut
1503 5750 1640 5814 ecclesia
1665 5751 1843 5831 l'ragensiS,
1859 5750 1920 5815 sub
1939 5751 2055 5815 honore
