5184 7050
692 854 755 917 164

689 1060 775 1123 tibus
798 1078 836 1122 ea
859 1059 992 1123 tractari
1016 1065 1048 1123 et
1071 1058 1179 1138 perfici
1205 1060 1327 1140 possint
1350 1059 1401 1122 dei
1425 1060 1534 1137 gracia
1556 1060 1677 1140 previa,
1701 1078 1762 1139 que
1785 1059 1850 1122 sint
1873 1059 1966 1123 utilia
1990 1064 2022 1122 et
2044 1058 2198 1124 honesta:

689 1164 890 1228 nobilitatem
913 1168 1003 1227 tuam
1025 1181 1173 1242 rogamus
1189 1168 1222 1225 et
1236 1162 1401 1227 hortamur
1424 1164 1592 1241 atteneius,
1616 1163 1768 1244 quatinus
1791 1163 1981 1243 quantocius
2004 1162 2045 1227 ad
2066 1162 2200 1226 eandem

690 1273 830 1332 nostram
854 1266 1062 1347 presenciam,
1087 1271 1123 1329 ut
1138 1265 1221 1331 infra
1245 1267 1368 1332 instans
1392 1267 1507 1332 lestum
1531 1267 1770 1332 Purilicacionis
1792 1267 1886 1331 beate
1902 1266 2006 1331 Mario
2028 1265 2164 1347 virginis
2178 1264 2199 1335 'l

691 1372 737 1435 sis
758 1371 932 1448 nobiscum,
957 1370 997 1434 ad
1013 1370 1138 1452 longius
1162 1369 1305 1435 conferre
1322 1376 1355 1435 te
1371 1389 1523 1453 properes
1547 1376 1580 1435 et
1602 1371 1762 1454 disponas.
1787 1372 1826 1436 Ι).
1851 1370 2009 1435 Auiuione
2034 1368 2111 1435 VIII
2135 1368 2198 1434 kal.

692 1475 877 1539 Decembris
899 1494 927 1538 a.
952 1475 1101 1540 secundo.

797 1664 946 1718 Clementis
964 1664 1002 1716 Vl
1020 1663 1053 1716 V.
1074 1669 1121 1716 137
1142 1669 1221 1726 (secr.
1245 1664 1336 1731 all.)
1363 1664 1382 1718 i.
1402 1670 1450 1718 147
1475 1682 1502 1717 n.
1520 1671 1581 1719 513.
1616 1665 1658 1719 Ex
1683 1661 2199 1735 Raynaldi,Auu.eccl.ada.1343,

691 1747 777 1802 ΚΒΜ.
796 1748 834 1801 lv
853 1766 879 1802 n.
900 1754 975 1803 1356.
996 1780 1025 1788 -
1047 1750 1066 1818 ¹)
1088 1753 1154 1800 1344
1173 1748 1317 1804 Februarii
1336 1756 1361 1804 2.

694 2254 784 2318 270.
829 2252 1002 2328 Jclcunncs,
1037 2274 1094 2317 rec
1127 2254 1296 2318 Bolcerninc
1326 2260 1356 2317 ct
1386 2275 1486 2319 comes
1517 2255 1806 2336 anonrbnrpcnsis,
1839 2254 2010 2338 supplicat,
2044 2258 2201 2335 qwtenns

688 2356 904 2439 parrochialis
922 2358 1052 2421 ccclesia
1069 2358 1107 2421 dc
1124 2360 1221 2436 Oss,⁸)
1247 2359 1427 2423 leodiensis
1444 2360 1585 2435 diocesis,
1608 2361 1799 2425 rncmrsterio
1815 2360 2056 2443 Epternaccnsi,
2079 2358 2201 2423 ordinis

691 2461 797 2525 saneti
812 2461 985 2539 Benedicti,
1002 2461 1058 2524 srcb
1071 2462 1161 2526 cuins
1170 2466 1349 2544 patronatu
1363 2463 1430 2527 ianr
1446 2465 1563 2539 existit,
1581 2463 1801 2547 incorporetur.
1816 2462 1903 2538 ,Fiet
1915 2485 1973 2546 per
1988 2464 2201 2535 dioccsunnm,

691 2568 815 2628 retentu
846 2566 970 2629 vicario
1002 2586 1139 2646 corrprnu
1166 2567 1324 2648 porcione,
1355 2571 1385 2631 et
1416 2567 1502 2632 clius
1524 2569 1559 2632 in
1574 2573 1687 2649 smnio
1712 2569 1765 2632 n.
1783 2618 1790 2631 .
1809 2618 1840 2632 ..
1887 2568 1929 2632 D.
1955 2566 2112 2631 Aninionc
2144 2568 2204 2631 Vll

1193 2670 1258 2734 lccl.
1283 2672 1466 2736 Decembris
1490 2693 1520 2736 u.
1544 2672 1701 2737 secundo!

1599 2862 1763 2938 Acinionc,
1786 2864 1873 2930 1343
1896 2861 2084 2928 Novembris
2106 2864 2159 2928 25.

798 2995 947 3052 Clementis
966 2997 1004 3051 vl
1022 2996 1040 3051 S
1059 2997 1111 3065 llll
1134 3001 1172 3061 (3)
1193 2996 1211 3052 i.
1230 3000 1281 3052 ὅδ’.
1301 3027 1328 3038 -
1361 3000 1384 3063 ΙΙ)
1404 2998 1459 3065 ,Os‘
1478 2999 1505 3053 S.

769 3556 861 3621 271.
886 3555 1078 3618 dlormstcrio
1102 3555 1333 3636 Epterncccnsi
1354 3526 1576 3638 incorporctnr
1593 3557 1812 3639 parrochialis
1833 3556 1964 3622 ccclesia
1987 3557 2026 3622 (lc
2051 3563 2123 3623 Osa.

750 3729 798 3885 i.
1597 3755 1761 3831 Aornum,
1787 3757 1870 3821 (343
1894 3756 2155 3823 somensac.

799 3973 859 4037 Dd.
883 3969 963 4034 (1...
987 3970 1093 4034 abbati
1117 3975 1149 4033 ct
1173 3972 1338 4034 conuentui
1355 3972 1537 4035 monasterii
1558 3971 1815 4052 Eptemacensis
1832 3974 1952 4037 ordinis
1976 3975 2077 4037 sancti
2101 3975 2199 4038 Bene-

696 4079 782 4154 dicti,
812 4075 1017 4141 Trete-ensis
1049 4075 1193 4151 (licensis,
1218 4092 1242 4137 s.
1267 4074 1393 4138 Meritis
1423 4080 1529 4138 vestre
1560 4076 1740 4140 (locucionis
1771 4078 1956 4155 inducimur,
1989 4090 2020 4142 ut
2052 4085 2121 4158 biis,
2147 4102 2199 4157 quc

695 4193 822 4246 nestram
838 4193 866 4243 et
889 4185 1016 4258 predicti
1039 4185 1210 4242 monasterii
1233 4186 1324 4243 vestri
1347 4186 1577 4258 Epternacensis
1600 4187 1763 4258 respiciunt
1786 4189 1978 4246 necessitates
1994 4194 2024 4246 et
2041 4189 2200 4261 commoda,

696 4291 898 4350 favorabiliter
920 4306 1090 4349 corruamus.
1137 4280 1216 4346 Cum
1239 4283 1347 4364 itaque
1370 4301 1427 4363 pro
1450 4288 1541 4364 parte
1564 4289 1671 4347 restra
1692 4285 1783 4349 nobis
1810 4284 1907 4349 fuerit
1936 4285 2100 4351 humiliter
2129 4304 2201 4368 sup·

698 4391 857 4473 plicitum,
882 4393 917 4451 ut
939 4386 1168 4467 parrochialem
1191 4385 1357 4450 ecclesiam
1380 4387 1419 4450 de
1436 4387 1491 4466 Os,
1507 4387 1694 4452 Leodieusis
1710 4388 1854 4466 diocesis,
1871 4388 1910 4452 de
1926 4389 1996 4452 iure
2016 4394 2201 4471 patronatus

697 4495 793 4559 restri
824 4494 906 4557 sicut
935 4492 1078 4555 asseritis
1108 4492 1306 4570 existentem,
1338 4492 1369 4556 in
1399 4498 1602 4573 augimentum
1631 4493 1811 4557 reddituum
1842 4493 1942 4574 ipsius
1964 4494 2149 4557 rnonasterii
2171 4497 2203 4556 et

697 4597 874 4662 relevamen
897 4596 1084 4674 debitorum,
1108 4596 1221 4675 ‹prilrus
1245 4596 1322 4659 illud
1346 4596 1488 4660 asseritis
1511 4598 1703 4678 pergravari,
1721 4597 1781 4678 ipsi
1804 4597 1994 4661 rrronasierio
2018 4599 2110 4661 unire
2133 4616 2202 4678 per-

698 4709 792 4784 petuo
816 4708 848 4766 et
870 4706 1039 4766 annectere
1063 4701 1277 4781 (lignaremum
1314 4719 1370 4764 nos
1404 4701 1578 4781 eripientes,
1613 4702 1697 4781 quod
1727 4703 1950 4766 rrronasterium
1980 4702 2085 4782 ipsum
2109 4722 2128 4765 a
2150 4701 2203 4764 ‹le-

698 4809 833 4871 bitorum
865 4804 1024 4869 relevetur
1054 4805 1202 4867 orreribus
1236 4810 1269 4868 et
1303 4824 1362 4885 per
1395 4810 1595 4885 arrgrnentnm
1630 4806 1811 4869 reddituum
1844 4806 1947 4869 cultus
1977 4807 2008 4870 in
2040 4825 2078 4870 eo
2109 4805 2204 4869 (lirini

698 4913 831 4978 norninis
862 4916 1025 4992 augeatur,
1050 4909 1207 4973 karissimi
1234 4928 1360 4990 «parcique
1384 4909 1414 4971 in
1438 4907 1495 4972 Clr.
1519 4909 1540 4972 f.
1565 4928 1594 4971 n.
1617 4908 1781 4987 dolramris,
1805 4910 1889 4991 regis
1910 4909 2041 4973 Boemie
2063 4908 2206 4992 illustris,

698 5019 751 5099 (riri
783 5017 900 5079 dietum
932 5016 1155 5078 monasterium
1186 5015 1216 5077 in
1248 5014 1398 5076 cornitatu
1430 5030 1488 5073 suo
1518 5012 1786 5095 lucemburgensi
1816 5014 1967 5076 situatum
1989 5012 2058 5077 iore
2081 5013 2206 5079 assent,

698 5121 788 5185 nobis
812 5138 908 5201 snper
929 5120 989 5182 lme
1011 5119 1173 5182 humiliter
1196 5117 1404 5199 supplicantis
1434 5116 1612 5196 uestrisque
1643 5117 1929 5197 supplicacionibus
1958 5117 2112 5194 inclinati,
2136 5136 2206 5200 pre·

698 5226 813 5289 (lictum
837 5223 1257 5305 parrochialemecclesiam
1283 5241 1354 5285 curn
1378 5222 1522 5285 erunibus
1555 5221 1675 5285 iuribus
1709 5227 1742 5285 et
1775 5220 1980 5303 pertinenciis
2013 5221 2081 5284 suis
2104 5220 2206 5285 eidem

699 5330 890 5393 nronasten'o
913 5328 1104 5392 auctoritate
1127 5325 1301 5407 apmtolica
1323 5326 1560 5406 incorporamus
1582 5345 1618 5389 ac
1642 5332 1796 5407 perpetuo
1811 5325 2007 5388 annectimus
2023 5329 2057 5388 et
2072 5327 2206 5402 unimus,

698 5442 740 5498 ita
763 5440 840 5512 quod
872 5439 994 5496 cedente
1024 5439 1069 5496 rel
1100 5437 1259 5494 decedente
1282 5443 1398 5495 rectore
1421 5438 1513 5510 ipsius
1536 5437 1582 5494 rel
1605 5437 1678 5493 alias
1702 5454 1736 5495 eo
1757 5437 1850 5508 ipsam
1873 5435 2027 5493 ecclesiam
2049 5437 2208 5508 quomodo—

697 5545 770 5602 libet
794 5544 958 5601 dimittente
981 5543 1070 5600 liceat
1092 5542 1176 5600 robis
1198 5542 1377 5599 auctoritate
1397 5542 1517 5615 propria
1532 5558 1585 5614 per
1599 5558 1652 5599 ros
1668 5542 1713 5598 rel
1728 5534 1819 5597 alium
1835 5557 1886 5598 seu
1902 5539 1976 5597 alios
1991 5539 2208 5611 possessionem

699 5649 881 5721 corporalem
912 5648 1005 5720 ipsius
1029 5647 1153 5705 ecclesie
1177 5645 1268 5704 libere
1291 5646 1511 5718 apprehendere
1542 5651 1572 5704 ct
1606 5646 1685 5703 licite
1708 5645 1849 5718 retinere,
1866 5687 1898 5701 ..
1922 5643 2074 5702 diocesani
2097 5644 2156 5703 loci
2178 5650 2209 5702 et

699 5754 896 5824 cuiuscunque
926 5751 1050 5809 alterius
1081 5750 1204 5808 licencia
1234 5749 1350 5807 minime
1377 5749 1529 5823 repulsita,
1553 5754 1703 5808 reservata
1726 5755 1820 5807 tamen
1843 5747 1979 5821 primitus
2003 5752 2035 5806 et
2056 5748 2209 5824 assignata
