5184 7050
541 842 606 909 bl?

542 1049 605 1115 hiis
637 1047 844 1133 responsione
877 1052 987 1113 nostro
1018 1048 1160 1128 redierit,
1184 1067 1254 1115 cum
1278 1049 1398 1115 eisdem
1421 1048 1539 1133 prelati
1562 1049 1718 1116 Ludouici
1741 1047 1817 1116 filiis
1841 1049 1881 1115 de
1905 1068 1985 1135 pace
2004 1049 2049 1115 sel

543 1152 712 1220 concordia
745 1171 815 1219 cum
849 1153 928 1235 ipsis
961 1151 1107 1218 habenda
1140 1158 1311 1219 tractatum
1335 1153 1472 1236 aliquem
1494 1173 1556 1220 non
1579 1172 1787 1221 consummes.
1833 1155 1873 1221 D.
1900 1155 2049 1220 Aninione

543 1258 605 1327 kal.
629 1258 826 1342 Septembris
848 1277 877 1321 a.
901 1258 1045 1341 septimo.

648 1395 797 1451 Clementis
815 1394 852 1450 Vl
870 1395 903 1450 V.
924 1401 971 1449 los
1001 1398 1081 1465 (secr.
1110 1412 1134 1450 a
1163 1396 1225 1464 llll)
1253 1395 1271 1449 Ι.
1296 1397 1339 1450 46¹
1365 1413 1391 1452 n.
1417 1402 1477 1452 201.
1495 1429 1528 1438 -
1546 1397 1612 1469 ng.
1630 1396 1659 1453 in
1678 1397 1764 1453 GDM.
1782 1397 1837 1453 llll
1854 1413 1882 1453 n.
1903 1402 1964 1451 842.
2001 1396 2048 1451 sb-

543 1482 719 1554 hsndlungen
746 1482 797 1538 der
819 1483 905 1539 baier.
925 1483 1078 1538 Akademie
1098 1484 1127 1536 B.
1147 1484 1181 1538 ll.
1204 1490 1212 1535 1
1235 1483 1346 1552 Abthlg.
1364 1483 1389 1538 S.
1410 1490 1450 1538 74.
1486 1484 1617 1552 Menken,
1636 1484 1790 1555 Scriptores
1811 1484 1861 1552 ΙΙΙ,
1880 1487 1959 1538 2028.
1988 1483 2046 1537 Err.

542 1570 570 1627 in
600 1571 736 1641 Rsynaldi
763 1572 886 1627 Annales
914 1570 1093 1627 ecclesiastici
1120 1571 1186 1625 XVI
1212 1587 1274 1641 pag.
1302 1577 1361 1627 278.
1398 1571 1493 1626 Hubar
1520 1578 1571 1629 ὑοῦ
1596 1590 1622 1628 ιι.
1641 1577 1682 1628 20.
1706 1604 1733 1614 -
1762 1573 1786 1639 ⁸)
1806 1570 2004 1639 ‚satisfaciens
2021 1571 2046 1623 l'.

543 1658 573 1724 ι))
591 1659 796 1725 ‚excellenciam
814 1665 888 1713 tuam
908 1658 1004 1714 deceat
1022 1659 1139 1727 pristine
1158 1658 1311 1727 pertinacia
1328 1658 1550 1728 persistentibus⁴
1569 1660 1611 1726 V..
1629 1676 1699 1715 corr.
1718 1660 1754 1714 ab
1773 1659 1890 1715 editore.

1195 1856 1204 1862 ..
1213 1855 1399 1863 .——-——

544 2046 665 2114 1016.
697 2043 839 2125 merolus,
869 2064 927 2110 rec
953 2046 1174 2124 Romanorum,
1204 2048 1346 2128 reputer,
1376 2047 1412 2108 ut
1435 2064 1497 2128 pro
1526 2043 1711 2110 liberatione
1738 2045 1930 2131 principum
1952 2047 2049 2129 reples

1033 2149 1144 2213 ‹lmuas
1167 2147 1299 2215 Siciliae
1320 2169 1354 2212 se
1377 2148 1565 2231 interpomrt.

1465 2269 1628 2352 Actaeone,
1652 2272 1739 2336 1348
1761 2270 1959 2356 Septembre
1981 2273 2010 2339 1.

652 2427 687 2496 G.
712 2429 748 2501 in¹
767 2427 824 2495 ch.
841 2427 862 2494 Ι.
879 2428 1007 2508 Karolo,
1030 2430 1097 2512 regi
1121 2429 1334 2494 Romanorum
1356 2427 1485 2508 illustri,
1501 2446 1525 2493 s.
1543 2435 1603 2494 etc.
1627 2427 1854 2495 Liberseiones
1869 2428 2050 2495 dilectorum

546 2532 682 2599 liliorum
705 2534 858 2599 nobilium
880 2534 1020 2600 virorum
1042 2534 1196 2616 regalium
1220 2533 1332 2599 domus
1354 2532 1462 2599 Sicilie
1485 2532 1744 2598 consideracione
1772 2533 1949 2616 multiplici
1972 2535 2049 2617 cupi·

548 2644 648 2716 entes,
673 2638 703 2703 d.
734 2638 755 2704 Ι.
786 2636 925 2703 lohanni
955 2637 996 2702 de
1026 2638 1166 2717 Boemia‚
1196 2636 1317 2703 ordinis
1346 2636 1596 2718 Predlcatorunr,
1627 2637 1742 2703 nuncio
1764 2643 1833 2715 tuo,
1860 2636 1958 2704 latori
1987 2656 2050 2721 pre

547 2743 697 2822 seucium,
722 2741 830 2825 aliqua
852 2761 949 2826 super
972 2760 1010 2808 ea
1031 2742 1090 2808 tibi
1112 2742 1280 2807 referenda
1303 2748 1452 2807 oretenus
1476 2743 1622 2808 duximus
1652 2742 1854 2827 imponenda.
1904 2741 2050 2821 Quocirca

545 2848 751 2913 serenitatem
780 2853 868 2913 tuam
898 2853 1020 2913 attente
1050 2864 1208 2929 rogamus
1239 2851 1399 2927 quatenus
1429 2846 1498 2911 eius
1528 2865 1626 2929 super
1656 2844 1716 2911 hoc
1745 2865 1804 2930 pro
1832 2852 1929 2931 parte
1951 2852 2051 2913 nostm

548 2951 702 3018 relatibus
732 2951 884 3018 adhibens
914 2951 1040 3035 plenam
1070 2950 1174 3030 fidem,
1198 2970 1255 3035 pro
1280 2951 1473 3017 liberacione
1503 2950 1683 3017 huiusmodi
1706 2970 1764 3035 pro
1785 2953 1977 3017 reverencia
1996 2951 2051 3030 dei,

544 3060 652 3121 nosue
676 3056 920 3122 intervencionis
943 3057 1075 3122 obtentu
1098 3062 1131 3120 et
1152 3061 1208 3121 tue
1231 3073 1358 3138 quoque
1381 3055 1639 3122 consideracione
1658 3055 1772 3122 salutis
1787 3061 1823 3122 te
1839 3054 2051 3125 favorabiliter

546 3164 580 3225 et
600 3157 775 3226 efficaciter
798 3161 989 3245 interponas.
1013 3161 1053 3227 D.
1076 3160 1235 3227 Aninione
1258 3159 1322 3225 lral.
1345 3159 1541 3242 Septembris
1563 3178 1591 3226 a.
1615 3161 1761 3244 septimo.

651 3314 800 3373 Clementis
818 3314 857 3370 Vl
875 3313 908 3371 V.
928 3321 977 3370 142
996 3319 1076 3386 (secr.
1095 3331 1120 3371 a
1138 3314 1203 3385 vn)
1220 3315 1239 3370 Ι.
1259 3320 1289 3369 ul
1310 3331 1337 3370 n.
1356 3321 1415 3370 217.

547 3707 668 3775 1017.
691 3703 861 3785 leodulfus,
884 3702 950 3769 duc
967 3702 1138 3785 sacratae,
1154 3704 1242 3770 sacri
1257 3704 1395 3770 Romani
1408 3702 1536 3788 imperii
1551 3703 1873 3788 archimarsclrsleus,
1888 3703 2050 3792 suppleo

547 3815 701 3894 quatenus
716 3807 887 3891 somniari
906 3828 964 3874 seco
986 3807 1084 3873 nobili
1104 3808 1222 3885 ΟΙΙοηΙ,
1246 3807 1368 3889 clerico,
1382 3808 1457 3892 filio
1482 3809 1616 3886 Ottoum
1639 3809 1825 3893 barppraur'i
1846 3809 1888 3876 de
1910 3810 2049 3889 Wb‘)

549 3915 754 3982 canonicatus
786 3935 857 3980 essm
886 3913 1070 3998 praebenda
1100 3914 1216 3979 nsaiori
1243 3913 1279 3978 ia
1307 3913 1438 3979 ecclesie
1468 3915 1635 3995 Misneasc',
1665 3915 1712 3994 ‚ln
1739 3935 1803 3998 psa
1834 3915 1941 3981 winus
1961 3914 2049 3980 elder

550 4017 697 4103 weit)
720 4019 864 4085 domm
888 4017 1030 4098 darum,
1055 4020 1268 4084 Recurrnorum
1293 4039 1360 4097 rea,
1387 4019 1566 4103 porrexerit
1589 4019 1771 4103 primarias
1794 4025 1933 4104 preces‘,
1954 4021 2049 4099 corpsc-

709 4128 834 4190 rantar.
858 4125 945 4200 ,blot
968 4125 1006 4189 R.
1026 4175 1032 4188 .
1051 4174 1057 4188 .
1076 4173 1108 4190 ..
1133 4125 1174 4188 D.
1198 4122 1356 4189 Attalea
1377 4122 1442 4188 bal.
1466 4122 1658 4206 Septembris
1681 4144 1712 4188 a.
1735 4124 1892 4209 septimo!

1470 4260 1634 4342 Actaeae,
1655 4264 1743 4328 1348
1764 4262 1963 4347 smmum
1983 4266 2012 4329 r.

654 4402 802 4459 Clementis
820 4401 858 4458 Vl
877 4402 903 4457 S.
923 4402 1000 4471 Vllll
1021 4405 1078 4470 (it)
1096 4402 1114 4455 Ι.
1133 4403 1203 4460 216’.
1222 4432 1254 4441 -
1281 4404 1306 4469 ·)
1324 4399 1465 4471 ,Wsytlin‘
1483 4401 1518 4470 S,
1536 4416 1606 4456 corr.
1625 4414 1660 4455 ex
1676 4399 1817 4472 ,Wsylint
1844 4400 1869 4468 b)
1889 4400 2006 4472 ,Olbeni‘
2025 4399 2048 4455 S

549 4754 670 4823 1018.
685 4753 801 4834 odoni,
814 4756 889 4817 asto
901 4775 931 4819 a.
942 4775 971 4819 a.
987 4752 1122 4829 moab,
1134 4750 1319 4835 barpprcuit
1329 4749 1367 4817 de
1382 4750 1532 4832 werria-t
1542 4750 1729 4835 providear
1739 4749 1784 4818 ad
1793 4750 2049 4838 emmelim

551 4857 667 4941 Caroli,
692 4859 906 4923 Romanorum
928 4861 959 4923 et
981 4855 1151 4923 Bebemiue
1173 4855 1265 4938 repis,
1289 4855 1328 4921 de
1349 4855 1537 4922 canonicatu
1558 4855 1707 4922 eeclesiae
1728 4857 1905 4924 Mummio
1926 4857 1984 4925 rab
2003 4875 2049 4922 es·

543 4963 724 5048 pedatiam
737 4962 869 5027 senioris
885 4961 1021 5027 alieuius
1038 4960 1250 5045 praebendae.
1275 4961 1328 5040 ,D.
1344 4958 1502 5025 Aas'ar'one
1519 4960 1584 5027 bal.
1600 4959 1791 5043 Septembris
1807 4982 1839 5027 a.
1850 4963 2049 5048 septime!-

551 5069 589 5131 In
611 5088 637 5134 e.
660 5086 701 5131 m.
724 5064 959 5150 archiepiscopo
982 5064 1138 5146 Prapeass'
1160 5067 1190 5128 et
1211 5064 1249 5130 de
1271 5065 1370 5129 Porta
1394 5063 1615 5149 Apostolorum»
1638 5084 1677 5129 aa
1705 5065 1741 5129 ia
1772 5065 1874 5132 Ossak
1903 5067 2049 5132 monum

671 5201 678 5275 Ι
772 5171 892 5235 moram
914 5169 1090 5250 abbatibas,
1115 5168 1287 5251 Prapeasr’s
1310 5167 1453 5235 diocesis.
1498 5170 1614 5234 lbrma
1635 5173 1673 5234 at
1694 5169 1730 5236 in
1751 5192 1782 5235 a.
1805 5171 1838 5235 6.

593 5358 636 5414 ,χ
662 5358 702 5414 χ,
1472 5324 1635 5403 reem,
1658 5325 2011 5411 remsopemussr.

654 5481 803 5539 Clementis
821 5482 859 5537 Vl
877 5484 911 5537 A.
930 5482 1008 5553 Vllll
1036 5484 1091 5553 (99)
1110 5482 1129 5538 Ι.
1147 5483 1218 5551 422¹,
1239 5482 1359 5538 omnium
1377 5482 1526 5540 formarum
1545 5500 1590 5554 qu.
1609 5491 1640 5553 ξς
1657 5485 1686 5541 in
1701 5483 1735 5540 V.
1754 5485 1885 5556 quaterni
1902 5482 2047 5543 huiusmodi

549 5568 687 5627 deficiunt
708 5600 740 5613 ·-
767 5575 790 5635 ⁸)
807 5569 923 5639 ‚Wittin‘
942 5573 974 5625 A.
