5184 7050
1991 902 2054 970 set

572 1106 645 1173 572.
665 1103 813 1184 Jobaani,
837 1103 905 1184 repi
926 1101 1107 1178 Bobemiae,
1130 1109 1161 1167 et
1182 1104 1282 1168 simili
1304 1106 1394 1168 modo
1417 1104 1603 1185 quibasdam
1634 1106 1708 1171 aliis
1735 1106 1971 1172 conrmendafur
1995 1108 2055 1172 Ge-

879 1207 992 1273 roldus
1014 1207 1053 1271 de
1075 1211 1243 1289 Mapaaeo,
1267 1210 1396 1272 nuntias
1418 1209 1502 1272 sedis
1526 1209 1726 1293 apostolicae.

1505 1399 1668 1476 Aairrioae,
1690 1402 1777 1466 1346
1799 1402 1956 1469 Jaauarir'
1976 1407 2007 1469 2.

651 1590 685 1657 G.
709 1592 741 1657 in
765 1590 821 1655 Cb.
846 1590 867 1655 f.
891 1588 1038 1667 Iohanni,
1061 1588 1129 1671 regi
1151 1589 1282 1653 Boemie
1305 1588 1430 1656 illustri.
1457 1588 1536 1655 Gum
1555 1608 1611 1653 nos
1635 1590 1664 1653 d.
1688 1590 1709 1655 f.
1734 1592 1917 1674 magistrum
1940 1590 2055 1657 Geral·

561 1695 623 1760 dom
645 1695 684 1761 de
707 1696 872 1778 Magnaco,
907 1691 1162 1758 archidiaconum
1190 1693 1324 1758 Baltesii
1355 1694 1387 1757 in
1413 1694 1550 1757 ecclesia
1574 1693 1821 1773 constanciensi,
1857 1694 2056 1776 capellanum

556 1806 699 1879 nostrum,
722 1798 898 1881 apostolice
921 1797 1007 1861 sedis
1030 1798 1188 1875 nuncium,
1212 1797 1252 1862 de
1272 1798 1362 1861 cuius
1384 1796 1539 1862 fidelitate
1555 1816 1592 1861 ac
1608 1798 1902 1881 cfrcumspeccionis
1925 1801 2056 1864 maturi-

553 1908 615 1969 tate
636 1904 730 1986 plene
753 1901 950 1980 confidimus,
985 1899 1026 1964 ad
1048 1905 1135 1966 tuam
1165 1902 1364 1983 presenciam
1398 1920 1434 1965 ac
1465 1902 1637 1966 Brabantie
1668 1907 1701 1966 et
1732 1902 1877 1968 Hanonie
1912 1904 2055 1986 aliasque

551 2008 788 2073 cucumvicinas
819 2010 927 2088 partes
957 2023 1014 2086 pro
1044 2004 1232 2086 quibusdam
1262 2005 1410 2087 negociis,
1442 2023 1500 2087 per
1529 2024 1586 2070 nos
1617 2006 1720 2070 eidem
1747 2007 1913 2088 impositIs,
1937 2008 2052 2072 bonum

548 2116 665 2176 statum
687 2116 722 2175 et
744 2110 916 2176 utilitatem
938 2108 1080 2191 parcium
1109 2106 1322 2189 predictarum
1351 2107 1566 2188 tangentibus,
1601 2108 1805 2187 destInemus,
1829 2109 2054 2175 excellenciam

545 2234 695 2297 rogamus
718 2216 838 2298 regiam
859 2214 1018 2279 attencius
1042 2217 1074 2275 et
1097 2211 1267 2289 hortamur,
1302 2218 1458 2293 quatenus
1489 2213 1624 2277 eundem
1656 2214 1804 2278 nuncium
1838 2214 2056 2279 favorabiliter

545 2321 705 2402 recipiens
734 2323 769 2384 et
799 2319 933 2400 benigne
963 2316 1095 2381 audiens
1126 2334 1223 2397 super
1252 2316 1324 2393 hiis,
1356 2335 1417 2397 que
1450 2322 1505 2380 tue
1540 2317 1710 2398 prudencie
1745 2336 1801 2399 pro
1832 2323 1922 2400 parte
1946 2324 2055 2382 nostra

551 2424 681 2488 duxerit
703 2424 895 2489 verbotenus
919 2419 1114 2504 explicanda,
1149 2417 1242 2484 fidem
1273 2419 1426 2484 adhibeas
1456 2420 1618 2485 credulam
1648 2425 1681 2485 ct
1710 2421 1757 2484 als
1780 2421 1826 2486 sic
1848 2420 2058 2488 effectualiter

545 2528 735 2609 acquiescas
758 2533 792 2592 et
813 2530 969 2610 prompte,
1000 2523 1084 2605 quod
1107 2524 1181 2588 inde
1204 2523 1367 2588 commoda
1389 2524 1571 2589 desiderata
1592 2525 1689 2589 dante
1712 2524 1838 2591 domino
1860 2528 2056 2609 proveniant,

545 2638 585 2696 et
605 2650 661 2696 nos
684 2632 888 2696 devocionem
911 2632 944 2693 ct
965 2628 1169 2712 prudenciam
1199 2628 1319 2708 regiam
1350 2628 1602 2693 commendemus
1632 2629 1663 2693 in
1686 2628 1811 2695 dommo
1835 2649 1896 2695 non
1919 2631 2055 2714 indIgne.

545 2735 591 2800 Ι).
614 2736 770 2801 Aninione
793 2734 860 2801 IIII
882 2753 954 2798 non.
977 2732 1122 2797 Ianuarii
1145 2751 1173 2795 a.
1197 2737 1321 2813 quarto.

654 2841 735 2904 Item
759 2840 791 2903 in
813 2857 841 2904 e.
865 2857 905 2902 m
929 2836 1076 2915 Iohanni,
1100 2835 1174 2900 duci
1195 2835 1380 2914 Brabantie,
1403 2835 1509 2900 verbiS
1525 2843 1742 2919 competenter
1760 2839 1899 2903 mutatis.
1924 2840 1963 2902 D.
1981 2844 2016 2902 ut
2031 2856 2057 2902 s.

653 2945 735 3008 Item
757 2943 790 3007 in
813 2962 840 3006 e.
865 2961 905 3006 m.
927 2940 1065 3005 Jolranni
1088 2940 1128 3003 de
1151 2940 1284 3017 Ananis,
1310 2940 1415 3003 comiti
1440 2939 1668 3006 suessionensi.
1698 2942 1735 3007 D.
1760 2947 1796 3006 ut
1818 2960 1842 3006 s.

654 3047 735 3111 Item
758 3046 790 3110 iu
813 3064 841 3109 e.
864 3064 904 3108 m.
929 3094 935 3108 .
962 3092 969 3106 .
994 3041 1171 3119 Leodiensi,
1199 3094 1232 3108 ..
1265 3043 1496 3122 cameracensi,
1528 3095 1534 3108 .
1560 3096 1567 3109 .
1599 3046 1795 3111 Traiectensi
1825 3052 1859 3111 et
1881 3095 1913 3110 ..
1938 3046 2056 3111 Torna-

555 3152 640 3215 censi
663 3149 830 3233 episcopis,
854 3145 986 3227 singulis
1009 3143 1212 3226 singulariter
1234 3146 1339 3211 verbis
1355 3153 1570 3228 competenter
1592 3150 1731 3215 mutatis.
1755 3152 1793 3214 D.
1818 3155 1854 3213 ut
1876 3168 1901 3214 s.

655 3256 736 3319 Item
770 3254 802 3316 in
832 3270 860 3316 e.
890 3270 930 3314 m.
962 3250 1178 3314 communitati
1211 3249 1286 3315 ville
1317 3251 1357 3314 de
1388 3250 1601 3330 Valenchinis,
1636 3251 1875 3317 Cameracensis
1909 3252 2056 3317 diocesis.

554 3359 595 3424 D.
616 3363 652 3422 at
673 3376 699 3422 s.

652 3463 733 3528 ltem
756 3460 788 3525 in
811 3478 840 3524 e.
863 3477 902 3523 m.
927 3457 1142 3524 communitati
1165 3457 1241 3523 villa
1264 3457 1304 3524 de
1328 3458 1437 3524 Monte
1462 3460 1493 3523 ln
1517 3458 1671 3524 Hanania.
1696 3460 1734 3524 D.
1759 3465 1794 3524 ut
1816 3478 1841 3525 s.

654 3569 736 3634 Item
759 3566 792 3629 in
814 3584 843 3629 e.
866 3583 905 3628 m.
930 3564 959 3627 d.
983 3562 1004 3627 f.
1028 3562 1165 3626 Jobanni
1190 3565 1310 3645 Ilgreti,
1335 3564 1454 3627 ordinis
1477 3564 1610 3628 fratrum
1636 3564 1879 3629 Predicatorum.
1914 3565 1953 3630 D.
1976 3565 2054 3629 Aui-

556 3673 645 3738 nione
668 3673 736 3738 IIII
760 3689 831 3735 non.
854 3669 999 3734 Ianuarii
1024 3687 1054 3736 a.
1077 3673 1199 3748 quarto.

655 3879 805 3935 Clementis
824 3878 861 3930 VI
880 3876 911 3931 V.
932 3884 980 3931 139
998 3883 1077 3943 (secr.
1096 3889 1120 3926 a.
1139 3872 1187 3938 IV)
1206 3890 1233 3927 n.
1254 3879 1398 3928 llll-⁷70.

1193 4155 1395 4168 ’Ἁ-

559 4472 644 4538 673.
670 4471 830 4538 Garamas
845 4473 883 4537 de
899 4476 1057 4556 dfrryaaco
1071 4478 1241 4563 supplicat,
1258 4477 1411 4557 qautenus
1428 4467 1599 4534 Daeealeoai
1614 4466 1803 4533 Wlostiroais
1818 4467 1857 4531 de
1875 4467 2061 4531 cerrwnicata

558 4576 699 4642 sedeciae
731 4579 908 4662 Opdieaas
936 4581 992 4645 sab
1022 4585 1236 4667 expectatione
1259 4578 1460 4665 praebendae
1483 4574 1692 4659 provideatur
1721 4577 1751 4636 ei
1778 4572 1839 4636 sibi
1868 4572 1932 4655 ipsi
1958 4591 2061 4636 coace-

792 4682 900 4764 datar,
920 4689 958 4748 at
978 4708 1076 4750 anum
1100 4686 1145 4751 ool
1168 4687 1246 4751 daos
1269 4683 1410 4750 notarios
1428 4681 1570 4765 publicos
1592 4699 1700 4743 acore
1716 4676 1828 4760 possit.

1515 4869 1675 4945 Acinione,
1699 4870 1786 4932 1346
1807 4865 1964 4934 Jaauarr'i
1988 4867 2016 4930 7.

657 5065 823 5146 Supplicat
845 5069 876 5134 S.
900 5068 937 5134 V.
956 5069 1149 5135 humillimus
1165 5067 1350 5149 capellanus
1366 5072 1473 5130 vester
1488 5061 1646 5127 Geraldus
1662 5060 1701 5124 de
1717 5060 1880 5141 Magnaco,
1904 5061 2061 5140 quatenus

557 5170 615 5235 sibi
639 5172 670 5235 ln
693 5189 860 5253 personam
890 5174 1072 5253 Zetzlronis,
1107 5171 1379 5237 Wratislauiensis
1409 5168 1554 5245 diocesis,
1589 5163 1743 5248 capellani
1775 5163 1937 5239 Karimiri,
1972 5161 2061 5226 ducIs

556 5272 784 5356 Tbessinensis,
807 5277 978 5358 specialem
1000 5279 1138 5361 graciam
1161 5278 1325 5354 facientes,
1349 5275 1389 5338 de
1412 5273 1597 5338 canonicatu
1624 5275 1657 5334 et
1678 5267 1840 5350 prebenda
1859 5269 1993 5331 vacante
2009 5265 2061 5331 vel

556 5385 705 5446 vacatura
727 5381 760 5444 in
782 5380 948 5464 collegIata
971 5382 1106 5447 ecclesia
1129 5381 1302 5464 Opoliensi,
1326 5377 1468 5443 ciusdem
1491 5375 1637 5451 diocesis,
1666 5373 1751 5436 dicto
1774 5370 1930 5437 Zeczkoni
1953 5369 2062 5452 digne-

556 5484 628 5549 mini
651 5485 901 5552 misericorditer
923 5488 1099 5570 providere,
1124 5504 1194 5551 curn
1210 5484 1443 5566 acceptacione,
1461 5480 1661 5557 lnbibicione,
1681 5476 1910 5553 reservaoione,
1933 5474 2062 5539 decreto

557 5594 588 5652 et
609 5589 753 5655 clausula
775 5591 935 5672 anteferri,
969 5610 1032 5656 non
1063 5590 1220 5669 obstante,
1256 5588 1340 5670 quod
1371 5586 1454 5651 idem
1483 5583 1607 5648 Zeczko
1639 5580 1866 5665 parrochialem
1897 5578 2063 5644 ecclesium

557 5694 587 5759 iu
609 5695 727 5775 Belicz,
751 5694 1026 5763 WratislauIensis
1050 5696 1195 5775 diocesIs,
1218 5692 1360 5758 noscitur
1382 5690 1535 5768 othnere,
1559 5693 1685 5752 etcum
1709 5687 1825 5751 ceteris
1850 5703 1912 5748 non
1935 5683 2063 5750 obstan·

556 5801 640 5868 tibus
662 5809 697 5869 et
719 5802 872 5870 clausulis
894 5802 1059 5888 oportunis
1082 5805 1118 5897 et·
1137 5797 1368 5866 executoribus.
