5184 7050
1857 798 1921 865 399

408 1006 469 1070 boc
492 1005 577 1068 idem
601 1022 659 1084 per
682 1004 768 1084 ipsos
790 1021 897 1083 regem
928 1009 961 1067 et
982 1005 1196 1068 marchionem
1227 1003 1361 1068 velimus
1392 1002 1471 1082 lieri,
1501 1002 1676 1067 efficaciter
1705 1008 1738 1067 te
1761 1003 1919 1085 disponas.

408 1111 453 1174 Et
476 1110 552 1191 quia
574 1126 633 1190 pro
657 1107 794 1171 vitandis
817 1107 911 1171 dictis
935 1108 1084 1189 periculis
1108 1115 1140 1172 et
1163 1109 1262 1186 bouis,
1286 1127 1349 1189 que
1373 1107 1498 1188 utrique
1524 1107 1604 1187 parti
1632 1126 1669 1170 ae
1692 1108 1765 1171 fidei
1789 1115 1822 1172 et
1845 1109 1921 1172 lide-

407 1212 494 1277 libus
527 1214 668 1294 parcium
698 1211 823 1275 illarum
857 1231 896 1275 ex
927 1211 1158 1275 reformacione
1193 1212 1276 1276 dicte
1312 1212 1399 1292 pacis
1434 1211 1599 1291 provenire
1632 1215 1782 1292 poterunt
1815 1213 1922 1294 praela

408 1316 566 1398 largiente
590 1316 707 1393 divina,
731 1315 842 1379 eadem
865 1316 1052 1381 retonnaeio
1075 1317 1193 1380 insidit
1222 1315 1390 1379 admodum
1421 1315 1507 1378 cordi
1538 1320 1657 1392 nostro,
1685 1316 1713 1378 d.
1739 1315 1758 1378 f.
1784 1316 1919 1381 nobilem

409 1422 514 1484 cirrum
545 1421 737 1485 Guanretum
767 1420 807 1483 de
838 1421 953 1485 Sancto
984 1420 1108 1498 Albino,
1139 1421 1332 1484 seruientem
1363 1423 1503 1483 uestrum
1537 1438 1704 1496 annorum,
1740 1419 1780 1482 ad
1809 1425 1852 1497 te,
1877 1420 1919 1484 tili

408 1526 637 1603 amantissime,
661 1523 844 1607 specialiter
867 1524 1075 1600 destinamus,
1090 1530 1125 1589 ut
1140 1544 1198 1606 per
1213 1525 1317 1605 ipsum
1333 1523 1507 1589 efficiamur
1530 1523 1677 1587 celeriter
1700 1523 1740 1587 de
1758 1524 1920 1588 voluntate

409 1635 468 1694 tua
493 1629 674 1712 superbiis
698 1629 865 1693 cerciores.
891 1630 928 1695 Ι).
954 1629 1112 1694 Auinione
1135 1629 1181 1693 XI
1204 1627 1266 1692 kal.
1291 1627 1378 1692 Junii
1402 1648 1430 1691 a.
1455 1628 1574 1708 quinto.

518 1842 1921 1912 (Qmfflswvstw(wuavii8nmff-Edssmmffidmmsoemmfflm

409 1929 1920 2000 KwpmdfflssfflhtssudffldfflMquluaUMQaMRludemmbfflnt-

409 2016 1918 2087 &Qmmwmdmmmwmdbmwmhmmwfflmemmml

405 2631 504 2694 672.
528 2626 791 2708 eirctricpiscopus
817 2627 1009 2691 dimanant·
1031 2628 1212 2707 requiritur,
1243 2633 1398 2708 proculcans
1429 2627 1473 2690 ud
1498 2649 1611 2708 procetur
1642 2627 1724 2689 iuter
1751 2625 1917 2689 llebcutioe

653 2735 683 2793 ot
709 2729 855 2794 I'olouioe
877 2752 964 2810 repes
986 2731 1226 2811 rubricandum
1249 2730 1396 2794 laborare
1418 2752 1480 2795 awti
1497 2735 1678 2814 postponat.

1421 2902 1584 2982 Aoiuiouc,
1608 2907 1694 2968 1346
1718 2903 1801 2968 illati
1823 2910 1875 2967 22.

517 3095 553 3159 l'.
578 3095 598 3159 f.
624 3147 631 3158 .
658 3145 664 3158 .
688 3093 927 3176 archiepiscopo
958 3096 1148 3160 Gnenueusi.
1184 3097 1326 3160 Attentis
1356 3097 1506 3178 gravibus
1538 3096 1696 3176 periculis,
1732 3114 1794 3175 que
1828 3093 1919 3157 boste

409 3204 603 3282 procurante
627 3199 753 3263 lrurnani
776 3200 902 3277 genuus
926 3199 1141 3264 dissensiones
1164 3206 1198 3263 et
1220 3220 1343 3281 guare,
1369 3202 1452 3263 inter
1475 3202 1654 3265 carissimos
1682 3200 1713 3263 iu
1737 3198 1864 3262 Cluisto
1887 3198 1919 3263 ff.

409 3324 461 3368 nn.
489 3304 694 3379 Kasirnirum,
718 3303 856 3381 Polemo,
880 3310 913 3367 et
934 3303 1123 3382 dolraunem,
1154 3305 1285 3369 Bruuuie
1316 3325 1409 3386 reges
1439 3305 1590 3382 illustres,
1622 3324 1659 3368 ac
1682 3304 1712 3366 d.
1737 3304 1757 3367 i.
1781 3301 1918 3366 nobilem

409 3409 515 3472 rirum
538 3407 697 3485 Carnium,
722 3409 797 3472 alieti
824 3409 907 3487 regis
931 3409 1059 3472 Boeurie
1082 3410 1334 3490 primogenitum,
1365 3409 1578 3474 rnarcbioneru
1606 3407 1760 3485 Morauie,
1784 3407 1919 3470 inuicem

409 3513 579 3589 suscitate,
603 3534 709 3577 scauuu
734 3516 901 3577 traxerunt
922 3514 1077 3578 hacteuus
1104 3519 1136 3577 et
1157 3513 1294 3591 trabere,
1326 3514 1387 3578 nisi
1417 3514 1639 3596 provideretur
1668 3512 1770 3590 aliter,
1794 3510 1919 3575 conuul-

409 3622 539 3694 uantur,
564 3617 605 3680 ad
628 3618 819 3681 obviantium
843 3618 962 3680 eisrlem
987 3618 1136 3697 periculis
1160 3617 1296 3682 libenter
1326 3623 1359 3682 et
1388 3618 1585 3683 reiouuauda
1615 3617 1698 3681 iuter
1730 3616 1920 3680 dissidentes

408 3721 540 3785 ‹erisrlem
566 3727 674 3785 urruue
699 3722 785 3801 psus
808 3726 841 3784 et
865 3722 996 3785 unitatis
1032 3722 1140 3786 federa
1172 3722 1400 3803 intemenimus
1428 3721 1638 3786 solicitudinis
1662 3726 1768 3784 nostre
1799 3725 1916 3802 partes

407 3845 506 3906 quiam
531 3826 570 3888 eb
595 3845 661 3888 rem
684 3826 787 3890 eidem
811 3827 879 3908 regi
904 3825 1033 3913 l‘olouie
1059 3827 1129 3889 iude
1154 3827 1320 3890 scribimus
1337 3827 1425 3890 iuxta
1440 3828 1580 3903 forrmuu,
1597 3846 1693 3906 quirun
1715 3825 1829 3889 cedula
1848 3843 1920 3889 cou-

407 3930 494 3993 tinet
517 3931 719 4009 presentibus
743 3930 925 3994 interclusa.
953 3931 1091 4012 ideoque
1115 3930 1346 3995 fraternitatem
1373 3936 1460 3994 tuam
1490 3932 1681 4011 requirimus
1704 3935 1737 3993 et
1759 3929 1921 3992 hortamur

407 4038 535 4097 atteute
558 4033 681 4113 tibique
704 4033 926 4098 nicbilomiuus
951 4036 1159 4116 indulgentes,
1184 4040 1342 4116 quatenus
1366 4035 1604 4098 consideranter
1626 4034 1804 4109 aduertens,
1837 4033 1919 4113 qrrcul

407 4138 448 4200 ad
474 4136 523 4200 tui
549 4137 729 4217 presulatus
752 4144 876 4219 spectat
909 4139 1045 4202 officium
1082 4140 1165 4202 inter
1196 4139 1358 4202 discordes
1390 4140 1478 4220 praeis
1510 4139 1708 4203 cerrrordiam
1740 4157 1920 4219 procurare,

409 4248 441 4305 et
469 4240 692 4307 nichilominus
708 4243 791 4306 intra
807 4248 862 4306 tua
879 4243 1046 4324 precordia
1063 4242 1232 4324 diligenter
1255 4243 1431 4320 revolvens,
1440 4244 1465 4316 ⁸)
1490 4248 1566 4323 rprrut
1589 4243 1670 4305 bena
1694 4261 1733 4305 ex
1753 4242 1921 4306 eoncordia

408 4364 523 4425 regum
547 4351 581 4408 et
603 4346 792 4411 ruarcbienis
815 4347 1029 4427 predictorum
1055 4348 1180 4428 utrique
1210 4348 1293 4428 parti
1325 4367 1361 4411 ac
1385 4347 1459 4410 lidei
1490 4352 1522 4410 et
1546 4346 1692 4410 fidelibus
1719 4349 1751 4411 iu
1775 4345 1920 4426 partibus

408 4450 475 4514 illis
499 4450 689 4531 (legentibus
714 4452 879 4531 provenire
904 4456 1061 4531 poterunt,
1078 4452 1105 4514 si
1129 4470 1198 4515 eam
1222 4452 1349 4515 dederit
1367 4451 1567 4532 pausatur,
1584 4470 1689 4531 regem
1715 4457 1921 4514 memoratum

411 4554 554 4630 l'olonie,
579 4559 615 4617 ut
638 4556 754 4618 uostris
777 4556 808 4618 in
831 4555 891 4618 bac
916 4561 1004 4634 parte
1029 4554 1293 4635 requisieienilms
1309 4560 1342 4618 et
1359 4556 1485 4618 rrronitis
1508 4554 1688 4618 salubribus
1711 4555 1921 4619 effectualiter

411 4667 445 4721 et
470 4657 620 4721 celeriter
643 4660 834 4740 acquiescat,
858 4660 918 4721 riis
942 4666 974 4723 et
998 4660 1108 4736 modis,
1132 4659 1247 4739 ouibus
1270 4659 1383 4722 nudius
1407 4660 1526 4740 poteris
1550 4664 1582 4722 et
1604 4659 1661 4723 tibi
1687 4660 1845 4722 rittebitur
1868 4678 1920 4723 ex·

410 4762 557 4844 pediens,
581 4761 746 4826 elaborare
770 4762 856 4826 liclrdi
880 4770 912 4826 et
934 4763 1055 4826 sollerti
1086 4763 1229 4826 adbibita
1262 4762 1430 4845 diligencia
1460 4782 1522 4826 nou
1546 4769 1727 4845 postponas,
1751 4765 1841 4828 uobis
1864 4784 1922 4844 per

406 4869 436 4931 d.
463 4868 483 4930 l.
511 4866 649 4929 urdiilem
673 4868 772 4930 sirum
797 4868 987 4932 Guamotum
1011 4867 1050 4929 de
1074 4869 1190 4932 Saudo
1215 4866 1338 4943 Albino,
1375 4868 1563 4930 seruientem
1588 4873 1730 4931 nostrum
1753 4887 1919 4944 armorum,

404 4990 501 5053 quiem
528 4970 603 5034 illuc
625 4976 756 5052 prepter
779 4972 837 5036 boc
861 4971 1045 5053 specialiter
1067 4971 1231 5048 mittimus
1256 4971 1331 5051 (prud
1356 4976 1460 5034 actum
1485 4971 1568 5035 cirea
1584 4971 1642 5035 boc
1663 4973 1815 5048 extiterit,
1833 4992 1850 5034 e
1868 4992 1919 5036 re-

404 5077 503 5158 stigio
528 5076 752 5166 rescripturus.
781 5077 816 5141 l).
842 5083 877 5140 ut
900 5096 924 5139 s.
950 5077 1122 5158 {buinioue
1146 5076 1190 5140 XI
1214 5075 1276 5140 kal.
1301 5075 1390 5140 lunii
1414 5096 1441 5139 a.
1467 5076 1637 5160 qrduto.l¹)

511 5288 1921 5356 mmmmHbumwraWtffnw-ffimmfflRmbm—mummw

398 5373 858 5442 K-bmmduwwb
