5184 7050
644 865 686 930 92

643 1086 805 1151 humiliter
828 1080 1030 1147 intendentes
1061 1098 1098 1143 ac
1129 1078 1315 1144 exhibentes
1339 1078 1368 1142 ei
1393 1076 1609 1141 obedienciam
1633 1079 1666 1139 et
1696 1074 1912 1140 reverenciam
1945 1074 2089 1139 debitam
2118 1077 2148 1137 et

644 1191 801 1265 devotam,
825 1188 894 1250 eius
917 1184 1057 1248 salubria
1079 1183 1199 1247 monita
1222 1185 1255 1247 et
1277 1181 1428 1245 mandata
1456 1179 1641 1262 suscipiatis
1664 1180 1778 1243 devote
1800 1183 1834 1242 et
1855 1175 2030 1242 efficaciter
2053 1177 2148 1240 adim-

645 1294 734 1376 plere
753 1291 881 1367 curetis
906 1287 1047 1368 alioquin
1063 1286 1267 1365 sentenciam,
1291 1304 1387 1367 quam
1404 1285 1488 1349 idem
1504 1285 1625 1348 electus
1636 1285 1698 1348 rite
1710 1283 1822 1347 tulerit
1838 1282 1870 1345 in
1885 1281 2034 1361 rebelles,
2050 1285 2149 1344 ratam

645 1396 833 1461 habebimus
856 1397 890 1458 et
912 1392 1066 1457 faciemus
1089 1397 1219 1456 auctore
1242 1389 1368 1453 domino
1391 1406 1492 1470 usque
1509 1388 1549 1452 ad
1566 1387 1822 1452 satisfaccionem
1845 1385 2032 1468 condignam
2056 1385 2149 1449 invio·

645 1499 788 1564 labiliter
812 1495 984 1561 observari.
1007 1495 1046 1559 Ι).
1071 1499 1107 1557 ut
1130 1512 1155 1558 s.

669 1676 673 1682 ,
749 1604 785 1667 In
809 1620 836 1665 e.
860 1620 899 1663 ιιι.
925 1598 976 1662 dd.
1000 1597 1031 1664 ll.
1056 1598 1140 1662 clero
1164 1597 1305 1664 civitatis
1328 1600 1360 1659 et
1384 1595 1520 1661 diocesis
1544 1596 1713 1677 Pragensn
1736 1614 1760 1660 a.
1785 1600 1845 1660 ete.
1865 1645 1872 1659 .
1890 1645 1897 1659 .
1915 1644 1947 1658 ..
1973 1595 2012 1658 Ι).
2037 1597 2074 1657 ut
2095 1593 2149 1673 of)

750 1704 785 1769 ln
809 1723 837 1768 e.
861 1722 901 1766 m.
926 1701 977 1765 dd.
1000 1700 1031 1765 ff.
1056 1702 1173 1783 populo
1205 1699 1345 1765 civitatis
1376 1702 1409 1764 et
1432 1699 1568 1763 diocesis
1598 1700 1768 1782 Progensis
1790 1718 1815 1764 s.
1840 1705 1900 1765 eto.
1947 1699 1984 1764 ln
2008 1713 2152 1778 supreme

650 1828 751 1892 usque
767 1806 979 1873 incrementis.
1003 1805 1157 1883 Quocirca
1173 1805 1415 1869 universitatem
1431 1809 1572 1868 vestram
1586 1822 1743 1886 rogamus
1766 1822 1929 1868 monemus
1944 1807 1978 1867 et
1993 1801 2154 1866 hortamur

648 1917 772 1979 attente
801 1932 858 1995 per
891 1910 1068 1993 apostolica
1091 1910 1181 1974 vobis
1205 1909 1326 1990 scripto
1355 1908 1553 1987 mandantes,
1584 1912 1743 1990 quatenus
1767 1908 1900 1974 eundem
1924 1907 2063 1972 electum
2085 1912 2150 1970 tan·

648 2038 744 2099 quam
766 2020 899 2099 patrem
913 2019 946 2079 et
969 2018 1128 2096 pastorem
1152 2014 1327 2077 animarum
1351 2017 1527 2077 vestrarum
1551 2013 1664 2078 devote
1688 2012 1899 2094 suscipientes
1922 2030 1959 2075 ac
1976 2010 2086 2075 debita
2100 2009 2151 2073 ho-

649 2120 852 2186 norilieencia
876 2123 1105 2201 prosequentes
1129 2119 1198 2182 eius
1220 2118 1350 2181 monitis
1366 2121 1399 2181 et
1413 2116 1573 2183 mandatis
1597 2117 1779 2182 salubribus
1801 2115 1966 2181 humihter
1981 2113 2152 2179 intendatis

650 2226 706 2305 ita,
730 2224 813 2306 quod
838 2225 906 2306 ipse
930 2224 962 2287 iu
985 2222 1074 2287 vobis
1098 2220 1279 2285 devocionis
1304 2220 1387 2284 filios
1410 2227 1443 2285 et
1466 2240 1523 2286 vos
1545 2241 1603 2304 per
1625 2239 1822 2303 consequens
1845 2221 1876 2284 in
1900 2238 1937 2284 eo
1962 2224 2084 2300 patrem
2109 2219 2152 2281 in·

648 2330 775 2395 venisse
798 2328 978 2393 benivolum
1001 2325 1176 2407 gaudeatis.
1201 2323 1240 2387 Ι).
1266 2329 1302 2387 ut
1325 2343 1349 2389 s.

751 2434 788 2498 ln
805 2453 832 2498 e.
849 2452 889 2497 m.
907 2452 932 2497 c.
951 2432 982 2494 in
1000 2430 1055 2495 Ch.
1072 2430 1093 2494 f.
1111 2428 1259 2507 Jolranni,
1282 2430 1349 2510 regi
1373 2429 1503 2493 Boomie
1526 2428 1654 2508 illustri,
1678 2449 1702 2495 s.
1727 2435 1786 2494 etc.
1811 2430 1848 2494 In
1871 2448 1979 2494 amore
2002 2428 2154 2492 virtutum

650 2543 683 2604 et
705 2539 855 2622 operibus
879 2536 1023 2601 caritatis
1046 2534 1138 2598 <lecet
1170 2533 1392 2598 celsitudinem
1413 2534 1534 2615 regiam
1557 2533 1668 2599 haberi
1692 2535 1839 2599 continue
1873 2532 2061 2610 studiosam,
2091 2550 2155 2595 ma-

649 2643 733 2707 xime
756 2661 826 2706 eum
842 2661 881 2706 ex
897 2640 959 2704 hiis
982 2640 1040 2703 tibi
1064 2638 1173 2720 procul
1197 2638 1293 2703 dubio
1315 2637 1540 2703 retribucionis
1562 2643 1672 2703 eterne
1694 2639 1840 2703 bravium
1855 2636 2037 2702 ethumane
2053 2635 2155 2700 laudis

649 2747 832 2830 preconium
863 2746 1056 2826 acquiratur.
1103 2743 1231 2807 Dudum
1254 2743 1411 2824 siquidem
1434 2744 1463 2807 b.
1487 2761 1526 2806 m.
1551 2742 1705 2822 Johanne,
1730 2743 1879 2824 episcopo
1910 2742 2074 2824 Pragensi‚
2098 2745 2155 2805 etc.

649 2870 751 2933 usque
774 2849 918 2932 proficiet
941 2849 1153 2912 incrementis.
1196 2847 1278 2924 Quia
1302 2848 1409 2929 igitur,
1433 2846 1476 2911 fili
1502 2848 1675 2926 carissime,
1699 2849 1829 2911 virtutis
1852 2864 1933 2929 opus
1955 2864 2028 2911 esse
2051 2845 2156 2910 dinos-

652 2956 743 3033 citur,
766 2972 919 3036 personas
943 2952 1179 3017 eeelesiasticas
1203 2955 1236 3015 et
1257 2952 1425 3033 presertim
1461 2951 1651 3032 dignitatum
1685 2953 1789 3018 titulis
1819 2951 1988 3034 insignitas
2022 2950 2157 3031 benigue

651 3059 759 3125 favore
782 3057 932 3139 prosequi
956 3074 1075 3137 erasque
1099 3055 1205 3119 verbis
1228 3058 1261 3118 et
1283 3056 1434 3137 operibus
1457 3073 1513 3137 pro
1536 3056 1621 3136 regis
1644 3057 1745 3120 eterni
1769 3056 1870 3138 gloria
1892 3055 2047 3133 venerari,
2075 3071 2159 3118 sere

652 3164 786 3229 nitatem
809 3161 929 3243 regiam
952 3177 1099 3241 rogamus
1114 3164 1147 3223 et
1163 3159 1327 3223 hortamur
1347 3163 1479 3238 attente,
1504 3165 1662 3241 quatenus
1685 3160 1819 3225 eundem
1835 3160 2007 3224 Aruestum
2024 3159 2159 3223 electum

653 3268 834 3346 dictamque
858 3266 1049 3346 Pragensem
1073 3263 1241 3327 ecelesiam
1265 3281 1322 3328 sue
1346 3282 1421 3328 eure
1444 3265 1642 3329 commissam
1672 3264 1793 3329 habens
1816 3283 1873 3346 pro
1896 3264 2005 3328 divina
2027 3269 2061 3328 et
2084 3282 2159 3346 apo·

655 3371 768 3436 stolice
792 3369 877 3434 sedis
893 3368 1076 3433 reverencia
1099 3368 1288 3449 propensius
1305 3368 1550 3447 commendatos,
1575 3370 1659 3432 circa
1674 3368 1903 3451 recuperanda,
1926 3369 2161 3434 manutenenda

656 3481 689 3541 et
712 3474 895 3558 amplianda
929 3472 1011 3537 bona
1034 3477 1068 3537 et
1091 3473 1160 3537 iura
1184 3471 1307 3554 prefate
1337 3472 1472 3537 ecclesie
1494 3476 1527 3537 te
1549 3472 1716 3538 liberalem
1746 3473 1897 3540 exhibeas
1921 3479 1954 3541 et
1977 3475 2009 3540 in
2034 3474 2157 3539 eunctis

652 3579 923 3662 oportunitatibus
946 3578 1133 3659 graciosum,
1169 3578 1214 3641 ita
1237 3578 1320 3658 quod
1344 3578 1428 3642 idem
1451 3577 1573 3643 electus
1595 3580 1675 3660 regii
1698 3578 1817 3644 favoris
1840 3578 1940 3644 fultus
1963 3579 2106 3662 presidio
2128 3580 2160 3642 in

655 3684 820 3749 commissa
849 3682 993 3764 predicte
1025 3682 1159 3747 ecclesie
1190 3682 1251 3747 sibi
1274 3700 1352 3746 caira
1374 3684 1477 3763 possit
1510 3683 1639 3747 assidue
1662 3682 1721 3748 deo
1744 3685 1886 3767 propicio
1917 3684 2100 3767 prosperari
2124 3701 2160 3747 ac

653 3789 711 3853 tibi
736 3788 849 3852 exinde
873 3806 892 3851 a
915 3787 1108 3851 retributore
1130 3787 1283 3852 bonorum
1307 3788 1444 3852 omnium
1467 3785 1639 3869 perhennis
1653 3788 1719 3852 vite
1742 3789 1896 3871 premium
1918 3788 2114 3871 rependatur
2129 3791 2161 3850 et

655 3911 674 3956 a
697 3892 789 3956 nobis
813 3890 968 3970 condigna
990 3892 1157 3972 proveniat
1180 3892 1267 3954 aceio
1289 3892 1479 3973 graciarum.
1503 3892 1543 3956 D.
1568 3897 1604 3956 ut
1626 3911 1651 3956 s.

759 4095 907 4149 Clementis
926 4094 999 4149 VIA
1013 4097 1051 4166 Ill
1067 4098 1122 4165 (ob)
1142 4097 1159 4150 f.
1181 4103 1238 4164 118,
1258 4098 1291 4151 de
1311 4099 1514 4166 provisionibus
1528 4098 1714 4167 praelatorum
1727 4115 1771 4165 qu.
1791 4104 1849 4151 3:
1860 4097 1892 4151 V.
1914 4096 1994 4151 1471.
2010 4098 2051 4151 52¹
2070 4113 2098 4150 ιι.
2116 4102 2155 4151 89.

656 4183 706 4236 Ed.
726 4181 891 4251 Werunsky‚
915 4181 1053 4250 Excerpta
1071 4199 1097 4235 ιι.
1116 4189 1158 4250 24,
1177 4183 1262 4237 RBhl.
1280 4184 1319 4237 lV
1337 4201 1362 4237 n.
1386 4190 1460 4238 1230.
1480 4215 1512 4225 —
1530 4186 1552 4250 ¹¹)
1572 4188 1705 4252 ‚quorum‘
1723 4186 1756 4237 Α.
1779 4185 1804 4251 l³)
1822 4189 1972 4237 correctum
1991 4183 2020 4237 in
2038 4182 2157 4252 margine

654 4287 688 4322 ex
707 4273 809 4337 ,quare‘
828 4271 860 4321 A.
884 4282 905 4333 ιἰ
926 4268 960 4321 de
978 4270 1061 4322 verbo
1080 4268 1114 4322 ad
1134 4271 1245 4323 verbum
1265 4277 1295 4323 ut
1313 4271 1340 4322 in
1367 4270 1554 4339 praecedenti.
1573 4302 1605 4310 -
1626 4273 1646 4337 ¹)
1666 4274 1803 4325 Arrrestus
1822 4270 1856 4325 de
1876 4269 2038 4337 Pardubicz,
2056 4270 2157 4324 electus

654 4363 721 4409 1313
746 4356 872 4409 Janoarii
899 4362 937 4422 14,
963 4356 1024 4409 vide
1044 4356 1130 4409 Rem.
1154 4358 1192 4410 IV
1210 4374 1236 4411 n.
1257 4363 1331 4410 1215.
1369 4361 1389 4425 ²)
1410 4359 1552 4414 lohannes
1572 4358 1608 4411 1t'
1629 4358 1661 4412 de
1681 4358 1805 4425 Draiicz,
1824 4356 2021 4425 praedecessor
2039 4355 2157 4423 Arnesti,

655 4450 779 4497 mortuus
799 4452 842 4497 est
863 4448 928 4495 1313
948 4444 1073 4496 lanuarii
1092 4452 1115 4496 o.

656 4963 748 5029 167.
772 4962 948 5038 Praeclara,
968 4965 1131 5047 episcopus
1152 4966 1419 5045 isreaslaa'easis,
1436 4966 1605 5049 supplicat,
1621 4971 1776 5048 quotenus
1791 4967 1965 5031 Laurentio
1987 4966 2026 5031 dc
2048 4966 2159 5033 Kolow

657 5067 694 5131 de
723 5066 867 5148 beneficio
898 5089 968 5132 cum
996 5068 1044 5132 cel
1073 5071 1141 5132 sine
1170 5091 1256 5149 carre,
1286 5074 1421 5134 vacuate
1450 5070 1496 5133 vel
1525 5075 1689 5146 cacatum,
1721 5071 1764 5135 ud
1796 5070 1993 5136 collationem
2025 5071 2162 5155 episcopi

1168 5174 1426 5239 lsrotisluciensis
1443 5175 1660 5257 provideatur.

1437 5364 1534 5448 Apud
1557 5365 1795 5441 Villomuocum,
1818 5367 1904 5432 1313
1928 5366 2046 5431 Mania·
2067 5368 2119 5432 11.

763 5554 928 5634 Supplicat
951 5555 981 5620 S.
999 5554 1035 5619 V.
1054 5556 1168 5619 ‹lovota
1189 5562 1336 5620 creatura
1359 5562 1467 5621 vestra
1491 5556 1666 5630 Pretnlous,
1691 5558 1859 5639 episcopus
1875 5557 2161 5633 Wratislauiensis,

660 5660 818 5737 quatenus
842 5659 902 5722 sibi
926 5660 957 5722 in
980 5677 1148 5740 passimam
1172 5660 1280 5724 dilecti
1304 5661 1472 5724 familiaris
1495 5661 1543 5724 sui
1568 5660 1737 5724 Laureucii
1768 5660 1807 5723 de
1831 5660 1952 5739 Kalow,
1976 5661 2161 5726 subdiaconi

660 5760 831 5826 llisnonsis
855 5763 1000 5841 diocesis,
1019 5764 1192 5846 iurisperiti
1217 5769 1248 5827 et
1269 5783 1438 5828 causarum
1455 5765 1542 5829 curie
1558 5782 1615 5828 sue
1632 5765 1787 5829 auditoris
1812 5764 1948 5828 nondum
1972 5764 2160 5841 beneficiati,
