5184 7050
2009 863 2074 930 663

558 1069 680 1135 1235.
720 1066 895 1146 Elisabeth,
925 1070 1034 1153 regina
1072 1070 1242 1151 (triponiae,
1273 1069 1443 1154 supplicat,
1474 1075 1628 1152 punimus
1658 1073 1751 1137 certis
1777 1074 1925 1156 personis
1963 1071 2072 1153 infra·

554 1173 687 1257 scriplis
710 1173 863 1239 absolutio
882 1173 979 1256 plenu
1001 1175 1036 1238 in
1058 1175 1169 1239 nactis
1192 1175 1326 1239 articulo
1357 1175 1547 1240 concedatur
1579 1180 1609 1239 et
1639 1176 1751 1240 Potoni
1780 1176 1938 1259 qwndarn
1965 1174 2063 1240 Pauli

556 1279 597 1340 ele
624 1279 845 1359 tloepcrndors
868 1279 900 1342 in
926 1280 1080 1358 lbapensi
1103 1299 1140 1343 oc
1168 1280 1200 1343 U
1201 1277 1279 1343 lrr'co
1306 1278 1389 1344 dicto
1412 1278 1523 1364 Sebriff
1541 1280 1575 1343 in
1610 1277 1855 1345 Vratislauiensi
1876 1280 2006 1346 ecclesio
2036 1280 2075 1345 de

831 1383 1020 1449 carronicotu
1040 1383 1099 1446 sub
1121 1385 1338 1466 expectatione
1354 1382 1557 1467 praebendae
1573 1384 1791 1468 provideatur.

1543 1522 1706 1604 Acinione,
1729 1526 1817 1591 1350
1838 1524 1965 1609 Aprilis
1987 1528 2018 1593 8.

659 1680 824 1762 supplicat
854 1681 884 1746 S.
916 1680 954 1746 V,
985 1681 1100 1748 elevata
1130 1680 1195 1745 lilia
1224 1687 1257 1744 et
1287 1681 1404 1746 oratrix
1436 1687 1544 1746 vestra
1576 1681 1754 1762 Elizabetlr,
1789 1683 1900 1765 regina
1922 1682 2062 1765 Vagarie

663 1889 742 1954 Item
756 1888 924 1971 supplicat,
938 1896 1096 1971 quatenus
1111 1891 1257 1972 personis
1273 1890 1493 1972 infrascriptis,
1509 1890 1659 1955 videlicet
1673 1889 1807 1956 Nicolao
1823 1890 1862 1954 de
1878 1891 2064 1971 Panevoicn,

556 1994 681 2059 custodi
705 1994 973 2073 Wratislauierrsi,
998 1994 1089 2059 lratri
1111 1993 1235 2076 Egilio,
1260 1992 1433 2058 confessori
1462 1994 1564 2076 ipsius
1593 1995 1711 2076 regine,
1743 1994 1863 2060 ordinis
1894 1994 2064 2075 Minorum,

556 2098 792 2163 Demetriade
822 2099 958 2176 Mariad,
993 2099 1108 2163 clerico
1138 2098 1385 2179 vesprimiensis
1422 2098 1568 2177 diocesis,
1602 2096 1741 2164 Henrico
1776 2099 1861 2165 dicto
1894 2098 2061 2165 Honberth

556 2209 591 2268 et
614 2202 712 2282 Ollce,
739 2204 809 2268 eins
832 2204 932 2282 uxori,
956 2202 1232 2267 Wratislauiensis
1263 2202 1409 2281 diocesis,
1441 2202 1587 2268 Laranda
1616 2203 1782 2286 Stephlino
1812 2209 1845 2270 et
1871 2204 2062 2287 Hermanno,

557 2307 632 2374 liliis
655 2309 777 2373 Nicolai
801 2308 841 2372 de
864 2308 965 2386 Bada,
990 2309 1074 2373 dicte
1097 2307 1344 2389 vesprimiensis
1375 2307 1521 2388 diocesis,
1552 2313 1588 2372 ut
1611 2307 1782 2387 confessor,
1818 2328 1911 2391 quem
1941 2310 2002 2392 ipsi
2032 2315 2065 2376 et

555 2432 665 2477 corum
697 2412 833 2494 quilibet
862 2413 989 2477 duxerit
1020 2411 1210 2495 eligendum,
1248 2412 1350 2495 possit
1379 2431 1488 2477 eorum
1522 2412 1654 2478 cuilibet
1685 2412 1812 2496 plenam
1844 2415 2064 2480 remissionem

556 2518 695 2582 omnium
719 2523 923 2599 peccatorum
945 2535 1073 2582 suorum
1098 2516 1196 2580 semel
1211 2517 1243 2580 in
1259 2518 1369 2582 mortis
1385 2518 1521 2583 articulo
1538 2517 1727 2582 auctoritate
1750 2519 1926 2601 apostolica
1947 2520 2063 2602 impar·

555 2623 620 2701 tiri,
646 2623 817 2705 dignemini
840 2621 1014 2704 indulgere,
1039 2625 1074 2685 ut
1097 2620 1264 2687 informa.

661 2937 742 3001 Item
765 2936 934 3019 supplicat,
953 2942 1109 3018 quatenus
1133 2936 1247 3000 Botoni
1270 2937 1429 3018 quondam
1453 2937 1538 3002 Petri
1563 2936 1603 3001 de
1625 2936 1803 3020 Jegerdori,
1819 2936 1911 3004 fratri
1933 2938 2059 3004 uterino

554 3041 657 3120 Pauli,
693 3042 761 3105 eius
785 3041 942 3122 capellani
966 3048 998 3106 et
1021 3042 1127 3106 nuncii
1150 3060 1233 3106 nnnc
1256 3041 1425 3123 presentis,
1460 3040 1501 3104 de
1524 3040 1709 3107 canonicatu
1733 3041 1869 3106 ecclesie
1891 3042 2061 3128 Pragensis

554 3166 626 3211 earn
651 3146 871 3211 reservacione
894 3147 1056 3227 prebende
1079 3165 1116 3211 ac
1140 3145 1313 3229 dignitatis,
1335 3143 1430 3210 officii
1446 3145 1497 3208 vel
1512 3150 1702 3227 personatus
1726 3165 1797 3211 cum
1820 3164 1897 3212 cura
1918 3147 1970 3213 vel
1993 3149 2062 3216 sine

553 3270 642 3329 cura,
666 3250 851 3314 secantibus
882 3250 921 3314 ad
952 3269 1097 3333 presem,
1127 3249 1179 3314 vel
1209 3268 1280 3314 cum
1311 3248 1405 3313 simul
1436 3252 1491 3312 aut
1520 3250 1701 3315 successive
1731 3251 1913 3317 vacaverint
1938 3253 1971 3317 in
1993 3252 2063 3337 ipsa

553 3356 702 3435 ccclesia,
726 3374 796 3419 cum
820 3355 1044 3437 acceptatione
1066 3359 1126 3420 etc.
1151 3354 1322 3436 dignemini
1345 3351 1523 3436 providere,
1539 3373 1610 3420 cum
1626 3355 1770 3421 omnibus
1785 3375 1848 3421 non
1863 3358 2062 3424 obstantibus

552 3466 587 3525 et
611 3459 764 3526 clausulis
787 3460 954 3543 oportunis
977 3479 1014 3526 ac
1036 3461 1269 3527 executoribus.

659 3779 740 3843 Item
775 3776 934 3859 supplicat
968 3776 1055 3842 dicta
1089 3776 1206 3857 regina
1242 3780 1398 3857 quatenus
1431 3775 1538 3840 Vlrico
1570 3776 1654 3841 dicto
1684 3774 1783 3842 Schol
1810 3776 1850 3843 de
1872 3778 2058 3844 canonicatu

551 3883 689 3948 ecclesio
712 3881 974 3947 Vratislauiensis
997 3881 1055 3945 sub
1072 3880 1300 3961 expectacione
1323 3879 1483 3962 prebende
1506 3882 1650 3947 vacantis
1672 3880 1723 3945 vel
1746 3886 1896 3946 vacature
1919 3882 1950 3946 in
1974 3881 2060 3947 dicta

553 3986 813 4052 Wratislauiensi
836 3986 973 4050 eeclesia
996 4003 1066 4049 cum
1089 3984 1334 4067 acceptacionis,
1358 3983 1568 4064 inhibitionis,
1592 3985 1714 4052 decreti
1745 3991 1778 4051 et
1799 3985 1950 4052 anteferri
1973 3987 2060 4052 clau·

550 4091 631 4156 sulis
663 4091 834 4173 dignemini
866 4090 1042 4172 providere,
1076 4108 1138 4153 non
1169 4090 1326 4167 obstante,
1360 4088 1446 4170 quod
1477 4090 1557 4154 alias
1587 4108 1645 4173 per
1673 4096 1798 4156 vestras
1831 4091 1911 4156 certi
1940 4092 2059 4156 tenoris

551 4198 679 4261 litteras
702 4195 806 4260 eidem
829 4194 935 4260 Vlrico
958 4194 999 4258 de
1022 4195 1208 4259 canonicatu
1239 4193 1374 4259 ecclesie
1405 4193 1623 4261 olomucensis
1654 4197 1713 4261 sub
1740 4197 1964 4278 expectacione
1987 4215 2059 4279 pre·

550 4301 654 4365 bande
678 4302 820 4366 secantis
843 4300 893 4364 sel
921 4304 1070 4364 vacature
1101 4301 1132 4364 ia
1163 4300 1250 4364 dicta
1280 4298 1485 4365 Olomucensi
1515 4298 1652 4365 ecclesia
1681 4300 1842 4381 provideri
1872 4301 2057 4380 mandastis,

549 4426 622 4471 cam
647 4407 763 4471 ceteris
786 4425 848 4470 non
872 4406 1073 4470 obstantibus
1097 4410 1129 4469 et
1152 4403 1303 4470 clausulis
1326 4404 1492 4486 oportunis
1515 4424 1552 4469 ac
1575 4405 1807 4472 executoribus

655 4511 681 4575 F
683 4512 728 4576 iat
750 4512 787 4575 R.
812 4512 855 4576 Et
878 4530 908 4592 q.
932 4515 953 4575 t.
979 4528 1003 4575 s.
1029 4529 1057 4574 a.
1081 4508 1101 4574 l.
1125 4509 1197 4573 Fiat
1220 4509 1256 4573 R.
1281 4509 1320 4573 D.
1344 4509 1502 4574 Auinione
1525 4508 1570 4575 VI
1592 4510 1635 4576 id.
1659 4510 1780 4591 Aprilis
1803 4530 1831 4577 a.
1855 4516 1978 4577 octavo.

655 4666 807 4721 Clementis
826 4665 863 4718 Vl
882 4665 908 4719 S.
927 4664 1022 4734 Vlllll
1042 4668 1098 4734 (18)
1117 4664 1136 4718 l.
1155 4665 1206 4717 39'.

1295 4844 1299 4848 .
1312 4842 1404 4850 ——.-

545 5070 669 5139 1236.
702 5067 835 5134 Nicolno
861 5068 898 5133 de
921 5067 1128 5147 Pancwicr,·'t
1151 5066 1274 5132 custodi
1295 5066 1446 5131 ecclesiae
1476 5066 1744 5143 Vratislauiensis,
1767 5066 1945 5133 conceditur
1966 5066 2055 5133 obso-

542 5175 625 5239 lulio
650 5174 748 5258 pleno
778 5174 814 5238 in
843 5174 954 5237 rnortis
976 5172 1121 5238 orticello.
1169 5173 1220 5254 ,D.
1244 5170 1402 5235 Aninione
1433 5170 1480 5234 VI
1495 5170 1538 5235 id.
1563 5170 1687 5254 Aprilis
1711 5192 1740 5236 a.
1765 5174 1894 5236 aeaeae
1939 5172 2055 5236 Fbrno

1192 5277 1412 5341 dmm&

1538 5364 1701 5444 Aoinnne,
1727 5366 1811 5430 1350
1832 5362 1957 5447 Aprilis
1980 5366 2011 5427 8.

624 5506 799 5574 'clementis
827 5519 865 5573 vr
892 5522 925 5573 n.
952 5519 1047 5591 vulso
1075 5522 1148 5590 (rra)
1176 5520 1194 5573 f.
1217 5525 1264 5574 roa
1294 5536 1320 5572 n.
1349 5525 1408 5585 aar,
1437 5519 1470 5574 ae
1498 5519 1671 5573 absolutione
1695 5536 1741 5589 qa.
1759 5518 1866 5572 azv.
1887 5522 1936 5573 ras
1960 5517 1979 5573 r.
2003 5524 2055 5572 aaa

538 5628 567 5666 n.
589 5615 649 5664 474.
670 5607 734 5677 lleg.
753 5609 781 5664 irr
801 5607 898 5660 alfar
918 5608 1075 5664 Schlesiens
1094 5607 1179 5676 XXV,
1199 5614 1258 5662 302.
1278 5638 1311 5647 -
1339 5610 1361 5675 ¹²)
1380 5608 1534 5673 ,Pancwitn‘
1553 5608 1586 5662 A.

1200 5814 1408 5832 ...ιι-,-
