5184 7050
627 849 690 915 m

625 1058 819 1123 auctoritate
850 1057 1027 1122 litterarum
1058 1056 1078 1120 f.
1102 1075 1126 1120 r.
1159 1055 1278 1120 domini
1312 1055 1470 1120 Jolrannis
1503 1074 1589 1139 pape
1618 1055 1723 1132 XXII,
1759 1055 1996 1137 predecessoris
2027 1055 2133 1129 vestri,

626 1161 711 1227 infra
741 1179 881 1225 mensem
911 1165 984 1242 post
1010 1161 1212 1225 vacaciouem
1245 1160 1426 1242 acceptavit
1454 1164 1489 1223 et
1519 1161 1669 1224 canonice
1699 1157 1777 1224 fecit
1807 1159 1868 1224 sibi
1898 1159 2072 1240 provideri,
2105 1164 2135 1222 et

626 1265 850 1331 nichilominus
880 1265 987 1329 dictus
1016 1263 1180 1328 lohannes
1208 1263 1248 1329 de
1271 1264 1333 1328 Dei
1356 1263 1511 1328 Custodia
1541 1263 1762 1328 canonicatum
1785 1268 1819 1327 et
1840 1263 2037 1345 prebendam
2067 1280 2135 1342 pre

627 1370 729 1435 dictos
752 1373 788 1434 ut
810 1369 1008 1450 premittitur
1029 1372 1182 1433 vacantes
1213 1367 1290 1433 fecit
1313 1373 1349 1431 ut
1372 1366 1490 1432 dicitm
1511 1384 1569 1448 per
1591 1366 1747 1432 decanum
1769 1370 1803 1433 et
1826 1364 2005 1448 capitulum
2035 1365 2135 1448 ipsius

627 1473 773 1551 ecclesie,
797 1474 839 1538 ad
863 1491 942 1555 quos
965 1477 1002 1536 ut
1020 1472 1222 1555 pretenditur
1244 1472 1377 1536 collacio
1400 1472 1634 1553 prebendarum
1657 1470 1743 1536 dicte
1766 1469 1911 1548 ecclesie,
1936 1469 2136 1535 cessantibus

624 1582 735 1642 autem
757 1577 876 1642 litteris
899 1577 1085 1659 apostolicis
1096 1573 1124 1659 ι)
1148 1577 1242 1659 plenu
1265 1577 1336 1641 iure
1359 1578 1494 1657 spectat,
1518 1575 1628 1640 Hurao
1644 1575 1724 1656 [ric]
1747 1573 1787 1638 de
1803 1574 1865 1638 Dei
1886 1573 2043 1639 Custodia
2066 1592 2136 1638 con-

627 1680 706 1746 ferri
720 1684 744 1761 ⁰)
767 1685 801 1745 ct
824 1681 987 1766 [eundem]
1001 1680 1027 1761 r)
1050 1682 1091 1747 ad
1114 1683 1255 1762 ipsorum
1279 1680 1487 1745 canonicatus
1510 1685 1543 1743 et
1557 1679 1720 1761 prebende
1741 1677 1977 1760 possessionem
2000 1677 2135 1757 admitti,

626 1788 758 1867 propter
780 1784 864 1865 quod
887 1784 928 1848 lis
950 1785 1036 1850 iuter
1058 1785 1179 1849 dictum
1202 1782 1362 1865 quondam
1383 1783 1561 1847 iohannem
1584 1781 1625 1846 de
1641 1781 1767 1848 Vrchiis
1791 1780 1988 1863 appellatum
2011 1798 2051 1845 ex
2075 1800 2136 1846 una

627 1893 718 1970 parte
739 1893 774 1952 et
796 1888 916 1952 dictum
945 1888 1102 1954 Huiraum
1125 1890 1205 1970 [sic]
1235 1906 1333 1969 super·
1366 1887 1452 1952 dicta
1486 1886 1650 1968 prebenda
1680 1892 1712 1950 ct
1743 1887 1813 1950 eius
1844 1886 2011 1952 occasione
2041 1903 2137 1968 super

627 1991 902 2074 appellationibus
925 2012 963 2058 ac
986 2009 1085 2057 causa
1115 1993 1284 2073 principali
1317 1996 1486 2074 propterea
1517 1991 1696 2057 interiectis
1719 2007 1759 2054 ex
1783 1990 1886 2054 altera
1911 1988 1975 2055 fuit
1996 1994 2084 2054 mota
2106 1995 2137 2053 et

627 2096 713 2177 apud
736 2095 846 2161 sedem
869 2096 1075 2180 apostolicam
1099 2096 1249 2161 devoluta
1272 2102 1306 2161 et
1322 2096 1361 2161 ad
1377 2095 1546 2160 nonnullos
1570 2100 1661 2160 actus
1685 2095 1769 2160 inter
1790 2095 1879 2176 ipsas
1900 2097 2013 2176 partes
2032 2112 2137 2158 coram

627 2206 715 2266 cartu
746 2202 830 2266 sacri
861 2201 979 2281 palacii
1010 2200 1179 2283 apostolici
1210 2200 1357 2266 auditore
1391 2217 1586 2281 processum,
1621 2217 1729 2264 verum
1760 2198 1817 2263 lite
1839 2196 2000 2280 pendente
2034 2197 2137 2263 dictus

629 2303 794 2370 iohannes
817 2305 857 2369 de
872 2304 999 2371 Vrchiis
1015 2305 1048 2369 in
1063 2303 1206 2368 Romana
1229 2305 1320 2369 curia
1342 2311 1487 2386 tempure
1509 2303 1627 2369 domini
1650 2302 1845 2388 Blenedicti]
1868 2320 1952 2385 pape
1966 2301 2032 2368 1111
2054 2300 2136 2365 diern

628 2410 745 2474 clausit
767 2415 952 2474 extremum.
999 2408 1106 2487 Quare
1135 2408 1299 2474 humiliter
1329 2408 1521 2490 supplicant,
1553 2412 1710 2490 quatenus
1741 2407 1859 2473 dilecto
1889 2424 1998 2472 eorum
2021 2405 2137 2471 clerico

628 2512 768 2579 Henrico
799 2513 884 2577 dicto
907 2511 1003 2578 Helle
1015 2513 1038 2593 ¹)
1060 2513 1121 2590 ius,
1146 2512 1230 2593 quod
1254 2513 1340 2578 dicto
1362 2512 1501 2578 lohanni
1525 2512 1565 2577 de
1589 2512 1714 2577 Vrchiis
1737 2512 1770 2576 in
1793 2511 1980 2577 canonicatu
2010 2514 2045 2575 et
2067 2528 2136 2590 pre-

627 2615 734 2681 benda
763 2617 916 2698 predictis
943 2617 1016 2680 dum
1039 2617 1162 2681 viveret
1191 2616 1402 2699 competebat,
1434 2616 1512 2681 dare
1534 2621 1567 2681 et
1590 2616 1734 2680 conferre
1764 2614 1946 2698 dignemini,
1978 2614 2084 2696 ipsum
2105 2615 2136 2677 in

631 2719 717 2785 dicto
747 2721 817 2785 iure
840 2726 874 2785 et
895 2720 953 2785 lite
975 2719 1167 2798 huiuamodi,
1199 2721 1231 2783 in
1255 2738 1444 2802 quocunque
1475 2724 1562 2785 statu
1592 2720 1791 2797 remanserit,
1825 2717 2032 2800 emrogando,
2067 2736 2135 2781 curn

629 2824 783 2888 anteferri
807 2821 865 2910 [et]
881 2827 906 2905 ‘)
929 2825 1051 2889 decreti
1082 2824 1235 2890 clausulis
1258 2829 1291 2888 et
1314 2825 1538 2889 executoribus
1569 2824 1745 2906 oportunis,
1775 2823 2020 2901 nonobstante,
2053 2821 2134 2903 quod

630 2929 849 2994 canonicatum
872 2929 1008 2994 ecclesie
1031 2929 1245 2994 Traiectensis
1268 2929 1327 2993 sub
1351 2929 1577 3011 expectacione
1600 2927 1760 3009 prebende
1780 2931 1813 2991 et
1828 2924 2042 3008 supplementi
2066 2943 2135 2990 nos-

629 3032 712 3097 citur
734 3033 886 3098 obtinere.

734 3171 807 3237 Fiat
829 3171 866 3237 R.
890 3173 934 3238 Et
957 3192 985 3254 q.
1009 3177 1032 3236 t.
1056 3190 1081 3236 s.
1105 3191 1133 3236 a.
1157 3171 1178 3236 l.
1202 3171 1274 3236 Fiat
1296 3166 1363 3252 R.')
1394 3172 1432 3236 D.
1465 3170 1550 3252 apud
1573 3169 1817 3246 Villamnouam,
1849 3168 1885 3233 A.
1910 3166 1951 3247 d.,
1983 3166 2048 3233 XII
2069 3167 2130 3232 kal.

631 3274 828 3358 Septembris
852 3295 880 3341 a.
905 3277 1053 3342 secundo.

733 3489 882 3547 Clementis
895 3490 932 3546 Vi
948 3490 976 3546 S.
994 3491 1050 3561 illc
1064 3491 1101 3561 (b)
1121 3490 1139 3545 l.
1161 3497 1217 3545 164.
1237 3521 1269 3530 -
1297 3491 1320 3556 ⁸)
1341 3490 1497 3560 suppletum
1517 3505 1602 3559 supra
1620 3488 1647 3544 S.
1674 3487 1698 3557 t)
1718 3487 1887 3558 ,apostoliee‘
1905 3487 1931 3543 S.
1959 3488 1982 3556 ο)
2001 3481 2134 3556 ,coniecti‘

629 3577 656 3631 S.
683 3577 707 3644 d)
728 3578 804 3633 deest
821 3579 849 3632 in
868 3577 904 3645 S,
923 3578 1080 3647 suppletum
1099 3579 1134 3632 ab
1153 3578 1267 3632 editore.
1293 3581 1316 3644 ε)
1337 3577 1415 3632 deest
1432 3578 1460 3631 in
1479 3578 1515 3645 8.,
1534 3577 1691 3645 suppletum
1710 3577 1744 3630 ab
1764 3575 1878 3630 editore.
1894 3606 1928 3615 -
1948 3578 1968 3643 ¹)
1988 3576 2035 3644 qui
2054 3576 2133 3630 etism

628 3665 793 3720 secretarius
812 3672 872 3720 erat
890 3664 1034 3731 lobannis,
1062 3664 1135 3733 regis
1160 3665 1317 3731 Bohemiae,
1343 3663 1404 3718 vido
1428 3681 1501 3719 num.
1521 3669 1563 3718 74.
1581 3695 1614 3704 -
1634 3666 1654 3731 ’)
1679 3663 1772 3718 littera
1794 3662 1849 3717 istu
1872 3678 1927 3717 non
1951 3670 1994 3717 est
2017 3668 2126 3733 reperta

631 4308 722 4374 231.
760 4305 892 4371 Nicoluo
923 4306 961 4371 de
988 4307 1088 4370 Nisso
1121 4306 1300 4371 conceditur
1330 4305 1484 4370 absolutio
1508 4306 1607 4389 pleno
1631 4307 1666 4370 ia
1687 4306 1797 4371 curtis
1827 4305 1972 4370 urticrdo.
2020 4306 2133 4370 dbrrno

1270 4410 1491 4475 mma&

1382 4600 1478 4683 Apod
1508 4599 1745 4674 llllomnovom,
1772 4600 1854 4664 1343
1876 4596 2016 4681 dococti
2036 4602 2091 4665 24.

736 4827 774 4891 D.
798 4827 819 4892 f.
843 4826 976 4891 Nicolao
999 4827 1038 4891 de
1058 4825 1165 4904 Nissa,
1189 4826 1281 4904 laico,
1306 4825 1367 4889 ciri
1383 4825 1652 4902 Wratislauieusi,
1676 4841 1701 4888 s.
1718 4824 1868 4889 Provenit
1884 4874 1891 4888 .
1909 4873 1916 4889 .
1934 4873 1967 4889 ..
1992 4825 2031 4890 D.
2049 4824 2131 4907 apud

631 4930 875 5009 Villamnouam,
899 4931 936 4995 A.
961 4930 1001 5010 (1.,
1025 4931 1123 4997 VIIII
1146 4930 1209 4995 kal.
1233 4929 1430 5011 Septembris
1452 4949 1481 4993 a.
1505 4929 1655 4994 secundo.

735 5144 883 5199 Clementis
901 5144 939 5198 Vl
955 5147 980 5198 A
993 5146 1048 5215 ills
1062 5147 1119 5214 (73)
1132 5144 1150 5198 1.
1164 5146 1215 5211 39',
1228 5143 1262 5197 de
1279 5142 1452 5198 absolutione
1465 5158 1510 5210 qu.
1525 5147 1536 5195 1
1549 5162 1581 5195 :
1592 5143 1624 5197 V.
1640 5149 1687 5197 159
1701 5142 1719 5198 s.
1733 5146 1774 5197 73·
1788 5161 1814 5197 u.
1827 5148 1887 5197 282.
1903 5175 1937 5183 -
1949 5143 2127 5214 Registrstum

631 5233 659 5286 irr
678 5231 777 5287 ZVGA
796 5230 951 5287 Schlesiens
969 5231 1052 5300 XXV,
1071 5238 1130 5286 302.
