5184 7050
1875 888 1939 957 539

422 1104 500 1162 tunc
525 1098 627 1162 minor
650 1098 741 1162 annis
765 1099 906 1161 existens
930 1103 962 1161 et
986 1098 1206 1161 canonicatum
1229 1101 1261 1159 et
1282 1095 1474 1177 prebendam
1487 1098 1514 1175 ⁸)
1538 1096 1673 1161 ecclesie
1691 1079 1931 1180 argentinensis

422 1201 580 1278 obtinens,
604 1201 833 1283 parrochialem
857 1199 1022 1264 ecclesiam
1047 1202 1078 1264 in
1101 1201 1266 1279 Etemlori,
1286 1202 1525 1282 Argentineusis
1541 1201 1686 1281 elipensis,
1704 1203 1764 1266 sibi
1781 1203 1931 1267 collatam

422 1306 533 1371 extit't
555 1311 722 1370 essecutus
746 1307 896 1387 ipsosque
919 1306 1139 1369 canonicatum
1162 1308 1196 1368 et
1218 1305 1413 1386 prebendam
1428 1324 1465 1369 ac
1481 1306 1650 1370 ecclesiam
1666 1325 1724 1388 per
1740 1305 1819 1371 xiil
1835 1323 1934 1370 annos

422 1409 474 1474 rel
499 1410 584 1473 circa
608 1410 710 1473 tenuit
735 1416 767 1473 et
790 1409 934 1490 possedit
957 1414 989 1471 et
1019 1415 1085 1472 tam
1120 1410 1188 1491 ipse
1222 1409 1395 1487 lohannes,
1431 1407 1595 1490 quanoob
1630 1410 1707 1474 dicti
1740 1409 1850 1474 fratris
1885 1411 1934 1475 sui

422 1513 612 1577 minorissa
636 1517 712 1576 natu
730 1512 755 1596 ⁰)
779 1509 950 1593 negotiali
975 1512 1115 1592 gerebat,
1140 1531 1234 1593 quam
1257 1514 1327 1594 ipso
1350 1513 1533 1579 Ludouicus
1564 1533 1602 1577 ex
1633 1515 1712 1596 ipsis
1745 1515 1934 1579 canonicatu

423 1622 458 1680 et
482 1616 646 1698 prebenda
669 1635 705 1680 ac
729 1616 865 1680 ccclesia
890 1615 1013 1679 fructus
1029 1621 1250 1696 perceperunt.
1276 1617 1383 1694 Quare
1399 1619 1559 1700 supplicat
1575 1618 1680 1682 dictus
1696 1637 1761 1696 rex,
1779 1623 1935 1699 quatenus

422 1721 529 1784 eidem
552 1720 690 1784 dolrauni
717 1722 817 1784 eciem
841 1726 1004 1800 tamquam
1028 1719 1137 1783 liercdi
1161 1719 1237 1784 dicti
1261 1721 1416 1786 Ludouici
1436 1722 1615 1786 huiusmodi
1632 1720 1756 1786 fructus
1771 1723 1937 1786 remittere

422 1843 483 1888 seu
506 1826 617 1907 pocius
643 1825 703 1906 ipsi
729 1825 794 1905 regi
818 1823 935 1886 donare
959 1823 1129 1904 dignemini
1154 1824 1193 1886 de
1225 1824 1307 1888 dono
1338 1827 1443 1907 grume
1478 1826 1652 1908 amplioris,
1686 1844 1757 1890 cum
1791 1827 1936 1890 omnibus

418 1948 483 1992 non
507 1930 716 1993 obstantibus
739 1933 772 1991 et
795 1927 949 1991 clausulis
971 1929 1146 2008 oportunis,

527 2034 600 2097 Fiat
624 2038 656 2097 ct
681 2034 735 2096 det
759 2033 926 2111 sexaginta
948 2030 1086 2095 tlorenos
1109 2039 1219 2097 contra
1242 2034 1372 2099 Tarsos,
1405 2034 1441 2099 u.
1477 2035 1520 2099 ut
1543 2054 1572 2115 q.
1596 2039 1619 2098 t.
1645 2054 1668 2099 s.
1693 2053 1721 2098 a.
1747 2034 1765 2098 l.
1801 2033 1873 2098 Fiat
1896 2033 1933 2097 R.

424 2139 463 2203 b.
491 2139 649 2202 :luinione
672 2136 734 2200 Vll
760 2136 800 2201 id.
825 2137 1020 2218 Septembris
1044 2156 1072 2202 a.
1097 2143 1196 2203 serto.

534 2292 683 2345 clementis
703 2292 740 2344 Vl
759 2291 785 2343 S.
805 2291 870 2359 lli-2
889 2296 943 2353 (tlt
968 2290 985 2342 l.
1005 2296 1048 2343 tt.
1072 2321 1104 2329 —
1132 2292 1155 2356 ⁸)
1183 2293 1308 2359 seqnitur
1334 2301 1372 2358 ,et
1398 2294 1559 2360 ecclesiam‘,
1588 2293 1694 2347 emend.
1712 2294 1748 2346 ab
1776 2294 1881 2347 editore
1908 2293 1933 2347 S.

426 2380 456 2437 hi
478 2384 578 2447 ‚quani‘
596 2379 631 2443 S,
651 2379 756 2432 emend.
777 2379 811 2433 ab
830 2378 944 2431 editore.
971 2385 993 2442 r)
1012 2381 1126 2443 ‚senatu‘
1145 2377 1181 2442 S„
1200 2378 1306 2432 emend.
1326 2380 1360 2432 ab
1379 2379 1491 2434 editore.
1521 2381 1545 2446 ιΙ)
1564 2381 1694 2447 ,negocio‘
1720 2379 1755 2447 S„
1775 2380 1880 2434 emend.
1901 2379 1935 2432 ab

425 2467 541 2521 editore.

1076 2575 1281 2582 -———.—-

423 2784 520 2849 935.
545 2779 620 2845 Onm
643 2781 790 2847 Jolmmre
812 2779 850 2843 de
874 2779 1116 2861 Licbtcnbcrp‚·)
1139 2779 1287 2842 canonico
1307 2780 1540 2859 Armeniacum,
1564 2781 1769 2863 dispensatur
1792 2781 1835 2846 act
1855 2801 1931 2864 sap-

419 2886 629 2970 pticationern
655 2884 770 2961 Cimoli,
794 2884 878 2964 repis
906 2886 1115 2948 Romanormm-
1137 2888 1167 2945 et
1190 2883 1370 2958 Bobemiac,
1394 2905 1489 2967 saper
1511 2885 1727 2949 *inhabilitatis
1748 2884 1875 2950 macula
1895 2906 1933 2951 ac

421 2989 587 3072 infamiae
609 2994 693 3066 nota,
718 3009 798 3069 piros
818 2992 948 3071 propter
971 3007 1087 3052 sarisas
1109 2988 1144 3050 in
1167 3008 1249 3051 nvarrn.
1274 2990 1339 3051 itm
1362 2990 1522 3071 expositas
1543 2990 1732 3068 incurrerat,
1757 2995 1786 3054 ct
1801 2994 1934 3070 fractas

423 3117 466 3159 ex
483 3092 742 3178 parrochialibus
765 3092 913 3170 ecclesiis,
938 3093 1092 3169 cantoria,
1125 3090 1316 3174 pincernam
1339 3097 1368 3154 et
1391 3092 1557 3172 (lacunatis,
1589 3113 1721 3174 quomam
1751 3093 1865 3156 ibidem
1891 3094 1936 3175 fit

423 3198 552 3275 mentio,
576 3198 616 3261 ab
639 3217 671 3260 eo
689 3198 832 3280 percepti
855 3197 883 3258 ei
905 3198 1119 3273 remittantur,
1143 3195 1203 3259 bac
1224 3199 1332 3260 tarnem
1355 3197 1539 3273 obauditione,
1562 3201 1598 3259 at
1620 3197 1657 3260 de
1672 3197 1754 3280 ipsis
1769 3197 1934 3277 fructibus

425 3301 577 3365 ‹tricentos
591 3302 731 3386 florenos
755 3302 828 3364 ouri
846 3299 1009 3382 persium
1032 3320 1176 3364 conrerae
1198 3299 1390 3383 apostalicae
1412 3302 1448 3364 in
1468 3301 1644 3365 subsidium
1659 3300 1807 3383 fidetium
1823 3307 1935 3366 contra

428 3408 558 3479 Tarsos,
581 3411 612 3469 et
633 3410 669 3468 at
691 3407 878 3482 cantariam,
900 3406 1122 3485 pincernatnm
1146 3409 1175 3467 et
1190 3425 1294 3469 orarias
1313 3406 1534 3488 parrochiales
1556 3407 1706 3471 ecclesias
1728 3406 1934 3490 supradictas

424 3512 554 3575 amitino
576 3511 708 3575 realiter
730 3515 760 3575 et
783 3511 821 3575 de
836 3515 931 3591 sacto
954 3510 1105 3574 dimittat.
1144 3511 1196 3589 ‚D.
1220 3511 1376 3575 Aninionc
1407 3511 1472 3575 VII
1491 3510 1532 3576 id.
1556 3510 1747 3595 Septembris
1771 3533 1802 3576 a.
1825 3515 1932 3576 sentos

484 3668 568 3721 ‚Lx.
1349 3649 1512 3724 Aninionc,
1536 3653 1622 3715 1347
1645 3650 1835 3733 Septembris
1860 3654 1888 3717 7.

534 3806 682 3860 Clementis
701 3806 737 3860 VI
757 3809 788 3859 Α.
809 3806 874 3874 Viso
894 3812 947 3868 (97)
967 3806 985 3859 t.
1004 3810 1073 3874 lui',
1092 3806 1126 3860 de
1146 3805 1267 3872 indultis,
1286 3805 1436 3874 privilegiis
1455 3815 1483 3858 et
1502 3805 1755 3874 dispensationibus
1774 3823 1818 3874 qu.
1840 3811 1861 3858 t.
1900 3805 1932 3858 ln

425 3893 462 3947 V.
484 3897 535 3945 180
554 3892 645 3947 deest!
665 3925 697 3932 -
724 3899 747 3957 e)
766 3894 974 3961 ‚Lichtcmberg‘
993 3896 1026 3947 Α.

423 4196 522 4263 936.
559 4194 679 4274 china
717 4192 929 4256 Romarmram
962 4194 1103 4269 rapotae,
1137 4193 1291 4271 quatenns
1318 4190 1503 4269 frequenter
1525 4209 1649 4270 papam
1672 4188 1709 4252 cie
1730 4207 1796 4266 sira,
1817 4189 1881 4252 uiri
1902 4191 1934 4253 et

422 4304 575 4364 natorum
604 4317 731 4361 ammira
759 4301 848 4360 statu
877 4297 1038 4359 emtionem
1062 4296 1183 4375 faciat,
1206 4294 1287 4358 simet
1310 4296 1339 4355 et
1362 4292 1429 4374 ipsc
1451 4291 1494 4356 aci
1516 4313 1586 4357 cani
1608 4293 1647 4356 de
1668 4293 1743 4357 bono
1766 4297 1855 4358 stata
1876 4313 1932 4356 suo

710 4400 829 4465 scribit,
876 4401 928 4478 ‚D.
952 4398 1109 4462 Aacinione.
1139 4399 1203 4461 l'll
1219 4398 1262 4462 ici.
1286 4396 1477 4480 Septembris
1501 4418 1531 4461 a.
1555 4401 1664 4462 serto}

1350 4536 1513 4610 Atiniam,
1536 4538 1622 4601 1347
1645 4537 1837 4621 Septembris
1862 4540 1890 4601 7.

535 4680 684 4734 Clementis
703 4678 739 4731 l'l
757 4678 789 4730 V.
811 4685 856 4731 iit
877 4684 956 4741 (socr.
975 4693 999 4730 a.
1018 4678 1066 4742 vl)
1085 4694 1111 4731 n.
1131 4682 1190 4729 324.
1210 4707 1241 4713 -
1268 4674 1317 4727 ild.
1338 4673 1501 4743 ll'crunslry,
1527 4673 1665 4743 Excerpte
1692 4691 1717 4728 u.
1745 4680 1801 4728 170.
1841 4673 1936 4727 Habea

424 4776 480 4826 779
499 4786 526 4822 n.
547 4775 603 4821 199.

1081 4872 1287 4880 -—-——

422 5104 520 5171 937.
545 5099 714 5183 Pbilippns
738 5099 776 5161 cte
798 5095 1003 5160 Ananianatis
1025 5096 1063 5159 dc
1087 5097 1232 5174 Pistoris,
1256 5098 1443 5179 capitaneus
1470 5098 1609 5159 cicitatis
1641 5096 1775 5159 Brixiae
1804 5114 1934 5158 consen·

420 5207 620 5291 quinamque
648 5202 807 5284 qnondam
837 5201 956 5264 cloariini
986 5200 1131 5281 Syrnonis
1155 5198 1310 5281 I'bitippi,
1333 5199 1447 5263 arititis
1470 5199 1606 5263 illastris
1628 5198 1796 5262 arerrmriae
1818 5198 1937 5262 domini

421 5309 599 5387 ,lobannis
615 5308 700 5388 repis
717 5306 896 5382 Bobemiae,
912 5304 1081 5387 supplicat,
1098 5308 1252 5385 priaterms
1269 5304 1436 5384 l⁷erpiolesi
1448 5303 1645 5383 Arrrrnanati‚
1655 5304 1764 5383 fratri
1776 5323 1936 5383 perinane,

422 5417 467 5482 dc
492 5414 683 5478 canonicatu
705 5410 854 5474 ecclesiae
871 5410 1051 5474 lbiaicnsis
1073 5408 1129 5471 sab
1145 5410 1375 5491 ¹expectatione
1392 5408 1593 5491 praebendae
1610 5407 1827 5491 propitientur.
1852 5408 1937 5487 ‚Fiat

729 5517 760 5579 It
760 5565 866 5579 .....
893 5515 934 5578 Ι).
958 5512 1115 5577 Aaiinione
1145 5513 1171 5573 l'
1189 5513 1232 5578 id.
1257 5511 1449 5596 Septembris
1476 5535 1505 5576 a.
1529 5516 1636 5578 sento}

1353 5634 1516 5708 Aninione,
1539 5636 1627 5698 1347
1649 5633 1841 5716 Septembris
1863 5637 1893 5702 9.

536 5725 689 5782 Clementis
708 5723 746 5777 VI
765 5723 791 5777 S.
810 5722 876 5794 Vlla
898 5726 953 5792 (14)
972 5722 990 5775 t.
1009 5726 1050 5775 50.

1083 5828 1288 5837 .-—-——-·
