5184 7050
547 867 610 932 388

545 1078 577 1136 et
599 1073 731 1153 gloriam
755 1070 961 1136 excolendam
985 1070 1210 1146 ordinatorum,
1227 1088 1267 1133 cx
1291 1069 1462 1134 devocione
1485 1069 1626 1135 fidelium
1649 1075 1752 1134 status
1783 1069 1957 1134 salubriter
1981 1069 2055 1133 diri·

544 1182 645 1259 gatur,
670 1177 805 1240 libenter
828 1177 883 1239 illa
907 1176 1119 1251 criacedimus,
1151 1193 1207 1254 per
1237 1192 1300 1253 que
1324 1173 1518 1238 utilitatibus
1550 1174 1734 1238 consulatur
1760 1192 1869 1237 eorum
1894 1177 1928 1236 et
1951 1178 2055 1236 status

544 1280 723 1346 huiusmodi
748 1280 787 1343 do
810 1281 891 1344 bono
915 1281 946 1343 in
969 1279 1083 1342 melius
1106 1282 1270 1355 augeatur.
1295 1277 1378 1342 Sane
1402 1277 1431 1340 d.
1455 1278 1476 1341 f.
1500 1277 1615 1341 nobilis
1638 1278 1699 1341 viri
1723 1277 1843 1353 Karali,
1859 1276 2056 1341 marchionis

545 1386 697 1462 blorauie,
721 1384 880 1447 karissimi
903 1382 935 1445 in
961 1381 1086 1445 Christo
1110 1381 1131 1444 f.
1154 1400 1184 1443 n.
1209 1380 1374 1458 lobannis,
1404 1381 1489 1462 regis
1520 1381 1651 1445 Boemie
1682 1380 1824 1459 illustris,
1838 1382 2054 1462 primogeniti,

546 1489 686 1552 ‹rxlribita
709 1487 799 1550 nobis
831 1485 946 1567 peticio
957 1485 982 1564 ²)
1013 1484 1204 1561 continebat,
1236 1483 1320 1563 quod
1353 1483 1436 1547 idem
1467 1484 1613 1562 KaroluS,
1646 1503 1683 1548 ex
1714 1485 1836 1548 sincera
1871 1484 2056 1549 devocionis

545 1592 669 1670 allecta,
694 1611 786 1673 quem
809 1590 891 1671 gerit
914 1588 954 1651 ad
977 1588 1153 1669 predictam
1176 1588 1330 1669 virginem
1353 1588 1531 1669 gloriosam,
1556 1588 1596 1651 ad
1620 1588 1749 1652 chorum
1771 1593 1920 1654 vocatum
1944 1596 2055 1654 sancto

546 1698 649 1761 blarie
672 1697 704 1760 in
727 1695 862 1759 ecclesia
884 1694 1037 1775 Pragensi
1061 1698 1181 1756 certum
1213 1692 1398 1756 clericorum
1429 1694 1496 1756 sire
1527 1694 1748 1758 canonicorum
1773 1712 1951 1772 numerum,
1976 1712 2055 1775 quos

546 1801 774 1866 mansionarios
798 1799 951 1862 nominari
973 1797 1082 1874 roluit,
1107 1796 1245 1860 instituit
1268 1801 1301 1859 et
1324 1796 1490 1873 ordinavit,
1513 1798 1604 1862 bonis
1628 1798 1713 1879 ipsos
1728 1797 1960 1879 temporalibus
1984 1817 2056 1878 pre·

547 1905 693 1983 (letando,
718 1904 903 1984 anrnerique
927 1901 1162 1965 institucionem
1185 1901 1285 1983 ipsius
1302 1906 1334 1964 et
1350 1900 1421 1978 alia,
1440 1907 1505 1964 tarn
1522 1902 1605 1964 circa
1628 1902 1878 1984 assignaciouem
1900 1901 2055 1966 bonorum

546 2009 766 2088 temporalium
784 2027 877 2088 quam
895 2006 1049 2070 dictorum
1064 2005 1346 2069 mansionariorum
1362 2011 1480 2069 statum
1496 2024 1554 2087 per
1570 2024 1640 2069 eum
1657 2005 1771 2071 devote
1786 2006 1871 2071 facta
1886 2011 1920 2070 et
1935 2006 2054 2084 habita,

548 2113 747 2194 postmodum
763 2130 820 2192 plu
843 2115 968 2174 nostras
990 2110 1127 2173 obtinuit
1150 2110 1276 2173 litteras
1300 2108 1486 2173 confirmari.
1500 2108 1524 2196 ³)
1549 2109 1628 2174 Cum
1651 2115 1758 2174 autem
1780 2111 1886 2175 dietus
1906 2111 2055 2188 Karalus

546 2221 640 2298 prout
663 2216 773 2278 eadem
797 2214 1008 2295 subiungebat
1031 2214 1156 2294 peticio,
1188 2214 1350 2278 ferventer
1380 2214 1420 2277 ad
1450 2213 1605 2279 dictorum
1634 2215 1919 2279 mansionariorum
1952 2219 2055 2279 status

548 2324 750 2400 augmentum
775 2318 911 2396 anbelet,
936 2324 971 2382 ut
994 2318 1054 2398 ipsi
1078 2338 1115 2381 eo
1139 2318 1288 2383 clerocius
1312 2324 1345 2381 et
1366 2318 1521 2383 libencius
1552 2325 1732 2400 memorate
1748 2319 1912 2400 genitricis
1937 2318 2054 2382 domini

546 2425 645 2487 nostri
668 2423 763 2487 boras
786 2423 953 2487 canonicas
976 2422 1103 2486 valeant
1126 2423 1306 2500 decantare,
1324 2442 1385 2504 quo
1408 2422 1622 2487 sufficicucius
1646 2427 1679 2486 ct
1710 2422 1905 2503 peramplius
1928 2427 2051 2504 tempo-

547 2527 668 2590 ralibus
692 2528 780 2590 bonis
804 2528 1025 2607 conspexerint
1048 2545 1082 2590 se
1106 2526 1240 2605 dotatus,
1258 2528 1348 2591 nobis
1364 2545 1420 2608 pro
1437 2532 1529 2607 parte
1545 2526 1699 2590 dictorum
1723 2525 1833 2591 Karoli
1857 2532 1890 2590 et
1913 2528 2053 2590 mansio·

547 2632 707 2694 uariorum
729 2631 835 2694 extitit
857 2630 1018 2694 humiliter
1041 2631 1262 2713 supplicatum,
1287 2637 1323 2695 ut
1346 2630 1497 2712 capellam
1521 2632 1621 2695 saneti
1645 2631 1813 2696 Laurencii
1837 2632 1869 2694 in
1889 2631 2054 2709 Prerouia,

548 2735 768 2800 Olomueensis
791 2735 936 2811 diocesis
953 2735 983 2797 in
1008 2753 1069 2815 qua
1092 2735 1175 2798 idem
1199 2735 1336 2800 liarolus
1353 2736 1401 2799 ius
1417 2735 1575 2800 obtineret
1598 2739 1794 2816 patronatus
1812 2734 1895 2800 dicto
1919 2755 2053 2800 nurnero

549 2841 688 2920 ipsorum
710 2840 993 2902 mansionariorum
1017 2839 1228 2918 incorporare,
1254 2840 1343 2902 unire
1367 2845 1399 2903 ct
1422 2845 1592 2902 annectere
1616 2839 1826 2920 dignaremur.
1855 2839 1921 2903 Nos
1946 2840 2053 2919 igitur,

549 2944 720 3007 eorumdem
742 2943 1023 3007 mansionariorum
1048 2943 1240 3006 utilitatibus
1264 2942 1430 3024 providere
1454 2944 1618 3024 oportunis
1642 2943 1852 3021 intendentes
1888 2943 1999 3007 Karoli
2024 2949 2057 3006 et

549 3048 831 3111 mansionariorum
856 3047 1067 3128 predictorum
1098 3047 1387 3127 supplicacioaibus
1418 3047 1568 3124 inclinati,
1599 3047 1775 3129 predictam
1806 3046 1962 3128 capellam
1986 3067 2055 3110 curn

549 3151 694 3215 omnibus
718 3152 839 3215 iuribus
863 3156 896 3214 et
919 3151 1123 3232 pertinenciis
1146 3153 1212 3215 suis
1236 3152 1329 3215 dictis
1352 3152 1573 3216 mansionariis
1604 3171 1726 3216 exnunc
1756 3152 1951 3216 auctoritate
1981 3171 2057 3233 apo-

549 3256 662 3320 stolica
684 3261 837 3336 perpetuo
854 3256 1064 3333 concedimus
1081 3255 1326 3337 incorporamus,
1343 3258 1539 3320 amreetimus
1555 3262 1587 3321 et
1609 3257 1743 3333 unimus,
1761 3256 1805 3321 ita
1818 3256 1903 3337 quod
1921 3256 2055 3321 cedente

550 3360 715 3440 capellano
739 3360 840 3439 ipsius
863 3359 996 3438 capelle,
1028 3361 1082 3440 qui
1112 3379 1194 3423 nune
1225 3366 1284 3437 est,
1315 3360 1365 3424 rel
1396 3361 1475 3424 alias
1507 3362 1617 3441 quovis
1648 3361 1739 3425 modo
1772 3360 1928 3441 capellam
1956 3362 2056 3442 ipsam

550 3464 728 3528 dimittente
753 3464 847 3527 liceat
870 3464 988 3528 eisdem
1019 3465 1239 3529 mansionariis
1269 3471 1433 3531 eteorum
1465 3465 1701 3530 suecessoribus
1732 3482 1790 3547 per
1812 3483 1848 3529 se
1872 3464 1922 3529 vel
1946 3483 2056 3530 eornm

555 3573 778 3649 procuratores
816 3569 1006 3632 arrcttoritate
1047 3570 1175 3649 propria
1216 3571 1338 3650 pretate
1381 3571 1502 3650 capelle
1543 3571 1775 3651 possessionem
1817 3571 2058 3653 apprehendere

551 3673 746 3755 corporalem
781 3673 913 3752 eiusque
947 3674 1092 3737 redditus
1126 3678 1158 3737 et
1198 3680 1370 3754 proventus
1401 3675 1500 3738 libere
1532 3677 1674 3756 recipere
1705 3679 1737 3738 et
1767 3675 1917 3751 retinere,
1941 3695 1979 3738 ac
2002 3695 2057 3739 eos

551 3779 628 3841 :ilios
655 3779 685 3841 in
709 3795 785 3840 usus
809 3782 841 3840 et
864 3779 1075 3842 necessitates
1099 3796 1209 3841 eorum
1232 3780 1376 3859 proprias
1411 3780 1574 3861 perpetuis
1608 3780 1830 3860 temporibus)
1867 3784 2058 3843 convortere

550 3885 687 3959 valcant,
712 3879 906 3960 ‹tiricasaaibp
938 3881 996 3943 loci
1028 3888 1083 3945 ard
1107 3881 1238 3946 alterius
1270 3884 1486 3964 cuiuseumpre
1517 3884 1650 3946 licencia
1681 3902 1737 3947 seu
1768 3900 1901 3947 assensu
1930 3885 2057 3947 minime

551 3988 723 4067 requisitis,
749 3987 873 4066 prmiso
897 3992 1013 4062 tranen,
1038 3986 1120 4065 qucul
1138 3986 1259 4067 camella
1277 3988 1419 4067 predicta
1436 3988 1551 4051 divinis
1567 3995 1598 4050 et
1615 3989 1731 4051 ‹lelritis
1751 3970 1911 4068 obsequiis
1928 3993 2059 4070 proptcu

551 4094 609 4155 boc
633 4112 668 4155 ac
692 4093 785 4154 solito
809 4091 1021 4154 ministrorum
1045 4110 1174 4152 numero
1198 4110 1259 4154 nen
1283 4091 1458 4168 fraudetur,
1484 4092 1629 4172 qmulque
1653 4092 1692 4155 de
1717 4092 1816 4173 ipsius
1839 4090 1963 4172 capelle
1987 4092 2059 4155 red-

552 4198 670 4260 ditibus
694 4201 844 4259 consaeta
869 4194 1009 4257 eiusdem
1041 4194 1161 4275 reapelle
1193 4215 1289 4258 onera
1321 4216 1378 4276 per·
1408 4197 1566 4276 proliatos
1597 4197 1825 4258 mansionarios
1859 4196 2058 4275 integraliter

552 4307 787 4381 supqrortentnr,
823 4320 882 4362 non
915 4300 1123 4377 olistantibns,
1160 4301 1186 4362 si
1217 4300 1316 4379 reliqui
1348 4319 1443 4381 super
1475 4303 1707 4382 prmisioaibas
1740 4301 1798 4365 sibi
1831 4300 1987 4365 faciendis
2019 4303 2057 4365 dc

552 4406 728 4469 buiusmodi
755 4405 886 4483 carpellis
909 4404 958 4465 rel
984 4405 1056 4468 aliis
1080 4404 1241 4469 beneficiis
1264 4405 1492 4469 eculesiasticis
1517 4406 1632 4470 inillis
1655 4407 1801 4487 partibus
1824 4407 1983 4486 speciales
2009 4406 2057 4469 rel

551 4511 716 4591 generales
740 4508 912 4588 apr‘rstolire
944 4509 1028 4570 sedis
1059 4509 1108 4571 rel
1133 4510 1308 4589 legatorum
1341 4511 1409 4572 eius
1437 4511 1560 4574 litteras
1584 4512 1790 4591 impetrarint,
1822 4511 1924 4574 eciam
1950 4513 1976 4574 si
2001 4531 2057 4593 per

553 4635 607 4677 ears
631 4615 670 4677 ad
695 4614 925 4690 iabibicionern,
950 4615 1200 4676 reservacionem
1232 4620 1264 4677 et
1287 4615 1449 4677 decretum
1480 4615 1529 4677 rel
1562 4615 1640 4678 alias
1664 4614 1899 4695 quomodolibet
1921 4617 1965 4679 sit
1987 4636 2058 4698 pro-

551 4739 683 4794 cessum,
716 4738 796 4798 quas
826 4718 952 4780 litteras
982 4723 1015 4780 et
1038 4737 1206 4798 processus
1236 4718 1361 4782 lrabitos
1392 4738 1449 4798 per
1481 4720 1608 4783 eamdem
1640 4719 1679 4782 ad
1704 4719 1877 4799 predictam
1903 4721 2057 4802 capellam

552 4824 695 4886 volumus
719 4843 779 4884 non
804 4822 941 4899 (extendi,
967 4823 1021 4884 secl
1046 4823 1166 4885 nullum
1191 4842 1246 4902 pru
1271 4823 1328 4886 boc
1353 4825 1399 4886 eis
1424 4825 1527 4903 qrrr‘md
1547 4826 1781 4888 assecucionem
1807 4824 2003 4904 capellarum
2028 4833 2059 4889 et

552 4927 774 4990 beneticiorum
799 4928 932 4989 aliorum
956 4927 1165 5006 preimlicimn
1188 4929 1343 5007 gerrerari
1361 4933 1393 4990 et
1417 4928 1611 5008 quibuslibet
1635 4928 1819 5010 privilegiis,
1845 4928 2057 5011 indulgenciis

552 5037 584 5093 et
608 5033 724 5094 litteris
749 5031 931 5110 apiostolicis
956 5031 1159 5107 gerreralibas
1176 5032 1223 5094 rel
1243 5032 1443 5111 specialibus,
1461 5051 1719 5112 qartuumcunque
1741 5040 1886 5097 tenorum
1911 5035 2058 5109 existant,

553 5155 692 5214 perque
718 5137 918 5214 presentilms
942 5155 1002 5196 nou
1027 5153 1178 5213 crxpnussa
1201 5135 1251 5197 rel
1275 5135 1417 5198 totaliter
1440 5155 1500 5198 non
1525 5136 1646 5198 inserta
1669 5133 1802 5199 elbretus
1825 5154 1936 5200 earnm
1962 5139 2058 5219 impe-

552 5241 612 5302 ‹liri
637 5241 774 5306 villicali
798 5239 1034 5319 ‹prrnuodelibet
1058 5238 1106 5300 rel
1132 5239 1260 5315 iliberri,
1292 5244 1325 5301 et
1355 5239 1394 5301 de
1425 5239 1538 5319 quibus
1570 5258 1765 5319 qucrrumque
1795 5240 1872 5303 totis
1895 5244 2059 5306 terroribus

552 5345 659 5408 babita
685 5346 726 5406 sit
750 5345 780 5406 iu
804 5334 921 5406 nostris
945 5343 1061 5405 litteris
1086 5344 1208 5405 memio
1240 5343 1398 5422 specialis.
1439 5344 1503 5405 Nos
1535 5345 1617 5405 enim
1650 5345 1771 5406 irritum
1803 5344 2004 5409 decerninms
2028 5355 2058 5409 et

554 5450 655 5520 inane,
681 5450 706 5510 si
732 5467 824 5510 smus
848 5467 944 5527 super
968 5446 1028 5509 biis
1053 5467 1069 5508 a
1095 5467 1250 5526 ‹piriquam
1275 5449 1386 5527 quasis
1411 5451 1601 5511 :alletoritate
1625 5449 1763 5511 scienter
1794 5447 1843 5511 rol
1877 5451 2058 5530 ignoranter

554 5552 718 5627 eontigerit
746 5554 939 5631 attemptari.
964 5551 1050 5614 Nulli
1075 5570 1149 5626 ergo
1174 5554 1298 5614 ‹inmino
1322 5551 1481 5614 bomirmm
1505 5553 1583 5614 banc
1607 5555 1753 5631 paginam
1776 5558 1885 5616 nostre
1902 5557 2057 5619 concessi-

551 5657 630 5727 cirris,
666 5657 941 5736 incaoperacionis,
988 5656 1172 5717 :urruexionis
1207 5663 1239 5718 et
1273 5657 1398 5719 rarionis
1434 5657 1603 5737 intringere
1636 5656 1684 5718 rel
1716 5658 1744 5720 ei
1777 5676 1857 5720 arrsu
1890 5660 2057 5722 temerario

553 5761 709 5823 contraire
734 5760 836 5822 liceat.
863 5760 894 5824 Si
919 5761 990 5840 quis
1014 5764 1119 5822 autem
1135 5760 1194 5821 boc
1211 5765 1400 5840 attemptare
1427 5761 1664 5841 presumpserit,
1687 5761 1937 5842 imlignaciouem
1961 5764 2057 5827 eruni-
