5184 7050
1870 857 1935 923 309

422 1055 593 1136 excedunt,
624 1061 770 1123 consueti
795 1078 852 1141 per
873 1060 1042 1125 monachos
1065 1062 1168 1143 ipsius
1189 1061 1383 1139 monasterii,
1415 1062 1505 1127 cuius
1536 1061 1619 1126 idem
1641 1062 1805 1128 lohannes
1827 1064 1934 1129 extitit

421 1162 605 1240 monachus,
627 1164 808 1244 gubernari,
831 1183 903 1228 cum
918 1164 1063 1229 omuibus
1086 1166 1209 1230 iuribus
1225 1170 1259 1229 et
1273 1166 1481 1247 pertinenciis
1504 1165 1647 1231 eiusdem
1661 1168 1823 1249 prioratus
1845 1167 1932 1233 dicto

420 1264 560 1330 Jobanni
582 1284 738 1349 persnas
766 1267 892 1332 litteras
914 1269 1059 1348 graciose
1089 1270 1254 1335 commisit.
1303 1269 1382 1335 Cum
1403 1275 1512 1335 autem
1533 1271 1566 1335 in
1589 1271 1659 1353 ipso
1680 1273 1823 1355 prioratu
1845 1272 1933 1354 prior

421 1371 625 1435 consueverit
647 1375 680 1434 et
702 1372 806 1453 possit
826 1390 885 1453 pro
907 1371 999 1437 libito
1021 1374 1194 1438 voluntatis
1225 1375 1351 1440 abbatis
1373 1374 1475 1455 ipsius
1497 1376 1693 1454 monasterii,
1724 1376 1778 1458 qui
1801 1380 1852 1440 est
1872 1393 1931 1458 pro

420 1477 576 1555 tempore,
606 1474 730 1540 institui
753 1481 787 1540 ct
809 1474 941 1541 destitui
965 1478 1150 1556 abeodem,
1179 1478 1355 1559 timeatque
1376 1481 1547 1560 propterea
1577 1477 1681 1544 dictus
1715 1480 1812 1561 prior,
1835 1485 1931 1561 prout

420 1577 523 1641 eciam
546 1583 665 1660 posset,
688 1598 745 1661 pro
767 1579 859 1644 libito
882 1582 1067 1664 supradicto
1082 1582 1121 1647 ab
1136 1582 1248 1646 eodem
1272 1583 1413 1664 prioratu
1435 1582 1640 1664 imposterum
1664 1584 1813 1663 amoveri,
1828 1583 1930 1648 bumi-

419 1679 496 1746 liter
518 1681 679 1765 supplicat
701 1683 786 1749 idern
808 1702 874 1764 rex,
905 1690 1064 1768 quatenus
1090 1685 1194 1752 eidem
1215 1686 1363 1766 Jobanni,
1394 1686 1519 1768 quoda
1542 1686 1684 1769 prioratu
1708 1687 1850 1769 predicto
1872 1706 1930 1770 pro

420 1785 489 1850 solu
512 1785 676 1852 voluntate
698 1788 824 1853 abbatis
847 1789 965 1870 prelati
987 1791 1182 1869 monasterii,
1206 1792 1334 1872 quiesi
1356 1791 1473 1857 eterit
1495 1809 1552 1872 pro
1567 1795 1721 1872 tempore,
1737 1809 1799 1856 non
1817 1792 1928 1873 possit,

419 1891 526 1972 quoad
547 1891 674 1970 vixerit,
698 1892 848 1970 amoveri,
872 1892 1044 1975 dignemini
1066 1896 1257 1960 auctoritate
1280 1895 1455 1978 apostolica
1478 1895 1653 1960 concedere
1675 1895 1715 1959 de
1733 1896 1841 1977 gracia
1856 1913 1929 1977 spe-

420 1994 507 2073 ciali,
531 2013 602 2059 cum
625 1995 770 2061 omuibus
793 2015 854 2060 uon
878 1997 1077 2063 obstantibus
1101 2004 1135 2064 et
1157 1998 1308 2064 clausulis
1330 1999 1504 2081 oportunis.

526 2117 600 2181 Fiat
621 2117 687 2200 R.¹)
734 2118 776 2183 Et
799 2136 828 2199 q.
852 2123 874 2183 t.
899 2136 924 2181 s.
949 2137 977 2182 a.
1000 2118 1021 2182 l.
1045 2119 1119 2184 Fiat
1158 2120 1196 2185 R.
1241 2121 1280 2185 D.
1305 2121 1390 2204 apud
1412 2119 1653 2198 Villamnouam,
1677 2120 1714 2184 A.
1738 2120 1779 2197 d.,
1804 2120 1837 2185 II
1859 2120 1922 2185 kal.

420 2219 573 2292 Octobris
595 2241 623 2288 a
648 2226 771 2304 quarto.

525 2427 676 2482 Clementis
695 2428 731 2482 Vl
749 2427 776 2482 S.
794 2427 858 2498 IVsl
879 2430 918 2494 (8)
937 2427 955 2482 i.
974 2433 1015 2481 24.
1035 2460 1068 2468 -
1088 2429 1108 2494 ¹)
1127 2428 1223 2483 ccuier
1240 2424 1314 2483 num.
1332 2434 1384 2483 tlt
1402 2437 1429 2483 et
1446 2436 1506 2484 477.

417 3019 513 3085 520.
534 3017 681 3085 Jobonm'
701 3019 739 3083 de
763 3020 922 3084 Dionooto
946 3019 1134 3100 conceditur,
1156 3025 1192 3084 ut
1207 3042 1229 3084 o
1239 3020 1390 3104 prioratu
1410 3021 1516 3085 suomi
1542 3020 1715 3086 Tbeoboldr‘
1737 3021 1774 3086 de
1798 3021 1924 3088 Castro·

780 3124 955 3206 portuensi,
978 3125 1083 3206 quoad
1104 3125 1228 3200 uicerit,
1252 3126 1391 3190 amoueri
1413 3128 1554 3205 moreat

462 3273 524 3387 ,ἶ
1119 3331 1883 3418 Apoovrdamnovam‚1aeosepcenoro30.

525 3561 565 3625 Ι).
588 3559 611 3625 f.
634 3558 771 3625 dobauni
801 3560 841 3623 de
864 3560 1039 3638 Diouanco,
1072 3559 1172 3641 priori
1205 3560 1365 3641 prioratus
1399 3562 1501 3626 sancti
1531 3559 1705 3626 Theobaldi
1735 3560 1775 3625 de
1800 3559 1927 3626 Castro-

417 3664 594 3748 portuensi,
629 3664 750 3729 ordinis
773 3664 875 3729 sancti
897 3663 1074 3743 Benedicti,
1107 3664 1274 3729 Remensis
1305 3664 1449 3743 diocesis,
1474 3681 1498 3729 s.
1523 3669 1584 3729 etc.
1629 3664 1805 3747 Religionis
1827 3665 1925 3744 zelus,

420 3772 484 3835 vite
507 3788 547 3834 ac
569 3786 691 3833 morum
713 3768 864 3833 honestas
894 3768 1018 3851 aliaque
1041 3769 1210 3850 probitatis
1232 3774 1265 3833 et
1287 3768 1440 3833 virtutum
1465 3768 1590 3847 merita,
1620 3768 1738 3850 quibus
1760 3787 1927 3850 personam

420 3880 511 3939 tuam
533 3870 693 3953 fidedigno
715 3871 897 3937 testimonio
919 3872 1020 3936 iuvari
1043 3873 1252 3954 percepimus,
1267 3890 1325 3936 nos
1347 3871 1510 3951 inducunt,
1534 3878 1571 3937 ut
1584 3876 1617 3936 te
1631 3873 1834 3955 prerogativa
1856 3890 1928 3955 spe-

418 3978 511 4043 cialis
533 3976 652 4042 favoris
674 3982 709 4042 et
729 3976 836 4058 gracie
857 3995 1096 4058 prosequamur.
1124 3976 1207 4043 Sane
1230 3977 1347 4059 peticio
1370 3980 1426 4040 tna
1447 3976 1539 4041 nobis
1561 3993 1663 4058 nuper
1686 3976 1829 4043 exhibita
1851 3994 1925 4042 con·

416 4083 552 4160 tinebct,
575 4080 660 4163 quod
683 4080 800 4146 dudum
823 4081 852 4145 d.
876 4080 898 4147 f.
921 4079 1090 4161 Hemicus,
1113 4082 1212 4147 abbas
1233 4080 1419 4147 monasterii
1441 4080 1542 4146 sancti
1565 4079 1703 4146 liuberti
1718 4080 1751 4145 in
1765 4080 1926 4161 Ardenna,

417 4187 540 4252 ordinis
570 4186 672 4251 sancti
695 4186 872 4265 Benedicti,
902 4185 1091 4251 Leodiensis
1114 4185 1262 4266 diocesis,
1293 4186 1334 4251 de
1355 4186 1420 4251 tuis
1450 4185 1592 4250 moribus
1613 4189 1648 4249 ct
1668 4185 1830 4267 probitate
1853 4203 1925 4250 con-

419 4290 533 4371 fidens,
564 4309 672 4355 curam
701 4295 735 4355 et
757 4290 897 4373 regimen
930 4290 1089 4372 prioratus
1123 4292 1225 4356 sancti
1253 4289 1428 4356 Tbcobaldi
1458 4290 1498 4355 de
1530 4288 1818 4372 Castropnrtucnsi,
1848 4290 1926 4356 dicti

417 4395 551 4474 ordinis,
584 4394 751 4459 Remensis
782 4394 927 4473 diocesis,
958 4395 1048 4460 cuius
1071 4394 1203 4475 fructus,
1237 4415 1264 4460 r.
1287 4399 1322 4459 et
1343 4414 1374 4477 p.
1398 4394 1604 4461 ducentarum
1634 4393 1788 4460 librarum
1810 4394 1927 4460 Parisi-

417 4500 542 4565 ensium
565 4516 590 4563 s.
615 4504 638 4563 t.
663 4498 693 4563 d.
716 4498 855 4563 valorem
878 4518 1017 4563 annuum
1038 4503 1134 4580 prout
1156 4498 1311 4563 asseritur
1332 4516 1396 4563 non
1418 4497 1586 4576 excedunt,
1614 4499 1758 4563 consueti
1781 4517 1839 4580 per
1860 4516 1927 4563 1uo·

417 4603 538 4671 nacbos
561 4602 663 4685 ipsius
684 4602 878 4681 monasterii,
911 4602 1000 4667 cuius
1023 4602 1135 4668 existis
1157 4602 1338 4681 monachus,
1362 4603 1542 4685 gubernari,
1574 4602 1615 4667 ad
1638 4621 1732 4685 quem
1756 4620 1813 4684 pro
1835 4600 1927 4668 libito

417 4709 592 4774 voluntatis
622 4707 749 4772 abbatis
778 4708 880 4789 ipsius
909 4707 1104 4787 monasterii,
1138 4707 1193 4789 qui
1223 4712 1274 4772 est
1301 4725 1359 4789 pro
1389 4712 1542 4789 tempore,
1577 4708 1743 4773 consuevit
1765 4712 1798 4772 et
1819 4711 1927 4789 potest

417 4812 544 4878 institui
566 4817 601 4877 et
623 4812 755 4878 destitui
777 4812 816 4877 ab
840 4812 961 4891 eodem,
986 4831 1059 4877 cum
1079 4812 1224 4877 omnibus
1247 4811 1370 4876 iuribus
1392 4816 1427 4876 et
1441 4813 1650 4893 pertinenciis
1673 4812 1740 4877 suis
1761 4812 1820 4877 tibi
1844 4829 1940 4877 com-1

417 4919 515 4998 misit,
537 4916 638 4982 donec
661 4917 912 4982 commissionem
934 4935 1025 4981 suam
1047 4916 1230 4981 huiusmodi
1253 4921 1429 4997 revocaret,
1452 4923 1548 5000 prout
1569 4918 1602 4983 in
1617 4917 1736 4982 litteris
1757 4915 1831 4981 inde
1853 4933 1927 4981 con-

417 5021 523 5105 iectis,
546 5021 836 5088 eiusdemabbatis
859 5021 963 5103 sigillo
986 5021 1126 5100 munitis,
1149 5020 1275 5103 plenius
1299 5023 1488 5101 continetur,
1503 5022 1653 5104 qnodque
1666 5026 1703 5086 tu
1718 5020 1826 5103 vigore
1842 5037 1926 5085 com·

416 5125 579 5193 missionis
601 5125 781 5191 huiusmodi
805 5126 924 5191 dictum
946 5126 1121 5208 prioratum
1144 5131 1260 5190 extunc
1282 5126 1415 5191 tenuisti
1431 5132 1465 5191 et
1479 5125 1652 5207 possedisti
1668 5129 1701 5189 et
1715 5122 1819 5189 adbuc
1834 5128 1929 5188 tenes·

416 5235 450 5295 et
471 5229 621 5313 possides
643 5228 775 5311 pacifice
798 5236 831 5296 et
854 5230 971 5319 quiete.
1019 5229 1097 5295 Cum
1121 5230 1239 5313 itaque,
1266 5230 1350 5308 sicut
1372 5230 1483 5295 eadem
1506 5230 1624 5311 peticio
1647 5228 1867 5310 subiungebat,
1890 5230 1927 5291 tu

415 5336 540 5414 timeas,
557 5338 653 5416 prout
666 5351 788 5415 possea,
804 5353 861 5416 pro
878 5334 968 5398 libito
984 5334 1167 5417 supradicto
1191 5334 1397 5415 imposterum
1419 5334 1569 5413 amoveri,
1592 5351 1650 5398 nos
1664 5333 1761 5415 igitur
1783 5331 1933 5396 volentes.

414 5446 448 5504 te
469 5439 699 5522 premissorum
731 5438 916 5503 meritorum
939 5443 1064 5503 tuorum
1087 5437 1205 5502 intuitu
1235 5455 1358 5501 necnon
1380 5438 1639 5504 consideracione
1662 5455 1689 5501 c.
1712 5436 1745 5501 iu
1769 5434 1826 5501 Cb.
1849 5434 1871 5502 i.
1893 5454 1924 5500 n.

414 5543 582 5622 Jobsnnis,
617 5542 704 5624 regis
726 5542 856 5607 Boemie
887 5542 1030 5621 illustris,
1065 5545 1177 5624 prote
1200 5557 1297 5622 super
1318 5541 1378 5606 boc
1400 5542 1493 5607 nobis
1514 5541 1677 5607 humiliter
1705 5539 1939 5623 supplicantis,-

416 5647 525 5713 iavore
548 5631 712 5730 prosequi
731 5647 888 5729 gracioso,
918 5646 1019 5727 ipsius
1045 5646 1129 5728 regis
1152 5664 1189 5710 ac
1210 5645 1275 5713 tuis
1299 5645 1588 5729 supplicacionibus
1617 5645 1760 5710 inclinati
1781 5643 1927 5709 volumus

416 5759 449 5819 et
470 5751 649 5836 apostolica
670 5751 730 5815 tibi
752 5751 946 5817 auctoritate
969 5751 1179 5831 concedimus,
1207 5757 1243 5816 ut
1265 5769 1284 5814 a
1307 5752 1449 5833 prioratu
1479 5750 1622 5832 predicto
1646 5767 1704 5832 pro
1725 5748 1794 5814 sola
1815 5747 1926 5813 volun·
