5184 7050
1991 864 2055 932 281

538 1119 634 1186 m.
672 1117 837 1184 lodicibus
868 1118 1052 1197 mandam,
1085 1123 1121 1182 ut
1152 1139 1249 1202 saper
1283 1120 1370 1182 certa
1404 1121 1501 1200 porte
1531 1137 1570 1181 ex
1602 1117 1800 1184 Olomuceasi
1836 1126 1866 1186 et
1898 1122 2056 1203 Propensi

539 1221 716 1287 diocesibus
747 1222 973 1307 disdiapueada
1007 1227 1037 1287 et
1069 1223 1217 1288 ecclesiae
1248 1220 1470 1303 Licanyslensa‘
1512 1223 1709 1304 assignanda
1748 1245 1782 1288 se
1817 1225 1990 1304 informent
2026 1230 2057 1290 et

1225 1329 1380 1406 reserant.

1503 1447 1665 1526 Aoiaionc,
1692 1452 1776 1516 1345
1797 1451 1957 1518 ,Ianuarii
1978 1455 2008 1519 8.

630 1690 692 1756 Dd.
715 1688 747 1756 ff.
772 1741 812 1756 ..
843 1689 1092 1757 Breunouiensis
1122 1697 1155 1756 et
1182 1742 1189 1755 .
1214 1742 1221 1756 .
1246 1691 1278 1755 in
1309 1691 1379 1769 Zar,
1414 1692 1583 1775 pragensis
1614 1692 1760 1774 diocesis,
1791 1697 2055 1763 monasteriorum

541 1795 713 1861 abbatibus
734 1814 773 1860 ac
796 1845 804 1859 .
830 1844 837 1858 .
862 1794 983 1859 decano
1007 1795 1142 1859 ecclesie
1165 1793 1421 1875 Olomucensis⁸)
1444 1795 1588 1860 salutem.
1627 1797 1738 1880 Nuper
1761 1816 1818 1880 pro
1841 1805 1933 1880 parte
1957 1801 2056 1865 caris·

542 1899 616 1964 simi
639 1899 672 1964 in
697 1897 823 1964 Christo
846 1897 867 1963 l.
892 1916 921 1962 n.
944 1897 1111 1977 lobannis,
1135 1899 1219 1980 regis
1243 1897 1372 1963 Boemie
1395 1897 1539 1979 illustris,
1563 1907 1596 1965 et
1618 1901 1647 1966 d.
1665 1901 1686 1967 f.
1710 1902 1826 1968 nobilis
1848 1904 1908 1968 viri
1932 1905 2053 1983 Karoli,

541 2002 736 2068 marchionis
759 2003 914 2081 Morauie,
934 2003 1138 2085 primogeniti
1159 2003 1219 2081 sui,
1237 2020 1343 2067 coram
1366 2003 1457 2069 nobis
1480 2009 1513 2068 et
1534 2004 1687 2071 iratribus
1709 2008 1837 2084 nostris,
1861 2013 1970 2073 sancte
1993 2008 2055 2072 Ro-

542 2125 638 2172 mane
668 2107 803 2174 ecclesie
833 2106 1056 2186 cardinalibus,
1082 2113 1266 2172 reverenter
1296 2108 1451 2188 exposito,
1485 2109 1570 2189 quod
1600 2109 1769 2192 Pragensis
1800 2130 1858 2193 per
1891 2112 2057 2177 decernet

545 2211 747 2278 Olmucensis
762 2212 897 2276 ecclesie
916 2211 1123 2293 ipsarumque
1139 2213 1285 2275 civitates
1308 2216 1341 2274 et
1358 2210 1510 2289 dioceses,
1528 2213 1559 2276 in
1574 2232 1671 2295 reguo
1688 2213 1818 2279 Boemie
1834 2217 2056 2288 consistentes,

544 2332 608 2396 que
631 2315 672 2379 de
694 2316 883 2399 Maguntina
918 2317 1080 2396 provincia
1110 2316 1290 2381 existebant
1319 2322 1352 2380 et
1376 2316 1584 2379 subiacebant
1606 2317 1676 2382 iure
1698 2319 1930 2402 metropolitico
1954 2321 2055 2384 archi·

545 2419 700 2502 episcopo
723 2420 920 2502 Maguntino,
944 2420 998 2501 qui
1022 2425 1073 2484 est
1102 2438 1159 2501 pro
1188 2424 1341 2502 tempore,
1373 2438 1409 2484 ac
1441 2419 1500 2500 ipsi
1536 2419 1671 2485 ecclesie
1703 2420 1897 2504 Maguntine,
1929 2442 1948 2487 a
1979 2425 2056 2488 civi-

543 2527 612 2587 tate
636 2523 823 2605 Maguntina
847 2542 903 2605 per
932 2524 1099 2588 duodecim
1130 2524 1235 2590 dietas
1263 2522 1314 2587 vel
1347 2524 1432 2588 circa
1462 2524 1634 2602 distabant,
1665 2528 1698 2589 et
1728 2526 1811 2606 quod
1845 2526 1947 2591 incole
1978 2528 2055 2592 dicti

549 2628 651 2712 regni,
675 2628 729 2709 qui
753 2628 901 2693 locuntur
920 2628 1037 2692 idioma
1049 2627 1270 2706 sclavonicum,
1284 2630 1410 2693 omuino
1423 2629 1581 2693 diversum
1598 2635 1630 2693 et
1645 2648 1708 2693 non
1724 2631 1923 2714 intelligibile
1946 2633 2058 2697 incolis

544 2732 679 2797 aliorum
701 2733 942 2815 episcopatuum
965 2732 1049 2796 dicte
1072 2733 1242 2813 provincie,
1266 2734 1323 2812 qui
1345 2751 1458 2814 purum
1479 2734 1597 2798 idioma
1611 2734 1849 2800 theothonicum
1871 2736 1958 2818 loqui
1980 2755 2056 2802 nos-

545 2842 672 2914 cuntur,
695 2842 788 2901 erant
811 2842 904 2918 prout
927 2842 1001 2901 sunt
1023 2837 1149 2900 omnino
1172 2836 1290 2900 diversi
1307 2836 1346 2911 ,in
1371 2836 1520 2902 idiomate
1544 2838 1583 2901 ab
1607 2838 1736 2917 eisdem,
1769 2840 1918 2921 quodque
1945 2840 1990 2905 illi
2016 2842 2055 2907 de

545 2940 643 3007 dictis
669 2942 823 3024 Pragensi
853 2948 886 3006 et
916 2941 1119 3006 Olomucensi
1150 2940 1334 3006 civitatibus
1365 2947 1397 3005 et
1426 2942 1607 3006 diocesibus
1637 2948 1705 3007 turn
1739 2950 1870 3026 propter
1899 2945 2057 3027 predones

545 3053 580 3112 et
602 3052 748 3128 raptores
770 3048 803 3111 in
825 3046 993 3111 itineribus
1015 3051 1218 3111 occurrentes
1241 3043 1313 3126 acl)
1336 3047 1486 3110 itinerum
1514 3047 1653 3127 ipsorum
1678 3047 1860 3112 discrimina
1881 3056 1915 3114 et
1937 3052 2058 3133 asperi·

545 3156 641 3231 tates,
664 3169 795 3216 nemora
817 3157 850 3216 et
871 3156 1049 3229 montanea,
1074 3152 1106 3215 in
1129 3151 1215 3214 exitu
1240 3155 1273 3213 et
1295 3168 1443 3231 regressu
1460 3150 1535 3214 dicti
1553 3151 1642 3232 regni
1658 3152 1841 3230 existeucia,
1866 3171 1936 3217 cum
1958 3156 2057 3220 eciam

549 3257 625 3338 quia
650 3257 819 3338 oportebat
842 3272 897 3319 eos
919 3273 977 3337 per
992 3255 1086 3319 aliam
1102 3273 1159 3320 seu
1175 3254 1255 3318 alias
1269 3255 1449 3336 provincias
1464 3255 1612 3332 trarrsire,
1636 3274 1706 3319 curn
1722 3255 1921 3337 Maguuciam
1940 3257 2059 3322 vellent

545 3359 734 3440 accedere⁰l
756 3376 814 3443 pro
838 3357 1090 3440 appellaoionum
1114 3364 1147 3423 et
1165 3358 1238 3422 aliis
1256 3360 1372 3437 causis,
1392 3359 1432 3422 ad
1448 3359 1550 3423 forum
1573 3359 1854 3442 archiepiscopalis
1878 3362 1965 3426 curie
1988 3362 2057 3426 Ma·

546 3466 679 3548 guntine
702 3462 933 3547 metropolitico
958 3465 1026 3529 iure
1049 3464 1275 3547 spectantibus,
1293 3463 1532 3546 prosequendis,
1551 3464 1703 3544 predictis
1719 3466 1870 3547 periculis
1889 3484 1926 3530 acc
1942 3467 2058 3549 impor-

545 3570 699 3636 tabilibus
714 3569 862 3651 expensis
873 3574 907 3632 et
918 3568 1080 3633 laboribus
1096 3569 1312 3647 subiacebunt,
1326 3574 1360 3633 et
1376 3573 1483 3649 proter
1495 3568 1552 3632 lrcc
1564 3587 1627 3632 non
1639 3574 1709 3635 erat
1724 3572 1873 3635 memoria
1886 3570 2057 3650 hominum,

547 3674 633 3755 quod
656 3674 793 3739 ecclesie
815 3673 955 3737 civitatis
977 3678 1011 3737 et
1033 3673 1169 3737 diocesis
1199 3673 1370 3754 pragensis
1400 3678 1433 3737 et
1456 3672 1679 3738 Olomuceusis
1710 3675 1852 3756 predicte
1874 3673 1979 3739 lorent
2000 3695 2059 3758 per

549 3778 826 3860 archiepiscopum
849 3776 1071 3859 Maguntinnm
1093 3778 1155 3842 nisi
1178 3776 1276 3841 semel
1299 3776 1516 3842 tantummodo
1535 3777 1663 3843 visitate
1674 3776 1709 3859 ¹¹),
1733 3784 1766 3843 et
1782 3780 1865 3860 quod
1881 3779 2058 3847 altissimus

547 3884 579 3947 in
602 3889 696 3948 tauta
716 3880 919 3947 multitudine
950 3880 1059 3963 populi
1084 3882 1185 3946 dictas
1208 3882 1398 3964 Pragensem
1421 3887 1454 3945 et
1477 3881 1720 3947 Olomucensem
1747 3884 1899 3962 dioceses,
1925 3902 2058 3966 quarum

547 3989 652 4070 prima
673 4005 732 4070 per
754 3987 893 4069 quinque
915 3990 949 4051 et
971 3986 1073 4051 altera
1102 4005 1160 4068 per
1190 3991 1328 4066 quatuor
1358 3986 1462 4051 dietas
1492 3986 1763 4068 protendebantur
1789 3986 1840 4052 vel
1863 3988 1999 4068 circiter,
2023 3993 2057 4054 et

547 4094 651 4159 eciam
673 4093 707 4157 in
730 4092 875 4158 ecclesiis
899 4097 931 4156 et
954 4091 1033 4156 locis
1056 4091 1282 4157 ecclesiasticis
1297 4090 1525 4156 fecundaverat
1540 4095 1574 4154 et
1589 4095 1730 4169 auxerat,
1754 4091 1838 4173 quod
1861 4092 2055 4174 singularum

548 4199 690 4280 ipsarum
713 4196 854 4278 singulos
876 4195 984 4262 vultus
1008 4197 1119 4261 unicus
1149 4201 1258 4277 pastor
1290 4196 1452 4277 nequibat,
1487 4201 1523 4259 ut
1552 4192 1690 4260 officium
1721 4195 1881 4276 pastorale
1913 4196 2056 4273 decebat,

547 4301 708 4384 inspicere
730 4305 764 4365 et
786 4299 866 4364 alias
889 4304 997 4382 partes
1020 4298 1094 4364 boni
1116 4300 1254 4382 pastoris
1278 4299 1420 4381 implere,
1456 4300 1603 4380 quodque
1627 4299 1740 4363 durum
1763 4306 1832 4365 erat
1855 4305 1951 4383 atque
1975 4299 2057 4368 dilli-

548 4405 609 4471 cile
633 4406 667 4469 in
690 4404 833 4486 qualibet
855 4404 1010 4469 dictarum
1032 4410 1099 4468 tam
1122 4403 1259 4470 latarum
1283 4408 1317 4466 et
1340 4403 1524 4468 diffusarum
1547 4403 1721 4468 diocesium
1751 4403 1791 4469 ad
1813 4423 1910 4494 unum
1932 4409 2055 4470 tantum

546 4515 711 4593 pastorem
732 4526 752 4572 a
773 4513 822 4573 tot
843 4509 989 4589 personis
1012 4507 1238 4574 ecclesiasticis
1261 4513 1294 4571 et
1316 4508 1485 4572 mundanis
1500 4524 1664 4572 recursum
1678 4508 1799 4586 haberi,
1823 4527 1861 4573 ac
1885 4528 1942 4592 pro
1965 4516 2058 4593 parte

547 4615 691 4696 ipsorum
712 4613 798 4695 regis
821 4618 854 4677 et
876 4613 1078 4695 primogeniti
1101 4612 1192 4677 nobis
1214 4611 1378 4676 humiliter
1400 4609 1588 4693 supplicato,
1624 4616 1660 4675 ut
1683 4611 1787 4676 dictas
1809 4612 2001 4695 Pragensem
2024 4618 2057 4677 et

548 4717 794 4784 Olomucensem
816 4717 970 4781 ecclesias
995 4717 1035 4781 ab
1058 4717 1141 4781 omni
1165 4717 1303 4781 dominio
1334 4721 1367 4780 et
1390 4720 1550 4797 potestate
1580 4716 1735 4780 dictorum
1767 4716 1997 4799 archiepiscopi
2025 4723 2058 4781 et

549 4822 688 4887 ecclesie
718 4822 906 4905 Maguntine
937 4822 1076 4885 eximere
1106 4822 1272 4902 ipsamque
1303 4820 1470 4884 ecclesiam
1500 4820 1692 4901 Pragensem
1723 4822 1754 4885 in
1783 4821 2058 4904 metropolitanam

548 4932 582 4991 et
605 4926 732 5008 aliquas
753 4925 906 4991 ecclesias
930 4925 961 4988 in
974 4925 1094 4989 eisdem
1110 4925 1290 4989 diocesibus
1308 4925 1353 4990 sic
1369 4923 1493 4989 diffusis
1509 4926 1540 4989 in
1557 4925 1759 4990 cathedrales
1775 4927 1898 5008 erigere
1920 4925 2056 5007 illasque

547 5050 586 5095 ac
609 5029 767 5113 prefatam
791 5028 1033 5095 Olomucensem
1065 5028 1234 5094 ecclesiam
1264 5029 1349 5094 dicte
1379 5029 1531 5108 Pragensi
1562 5030 1697 5094 ecclesie
1726 5029 1958 5112 metropolitico
1988 5031 2058 5095 iura

548 5135 698 5201 subicere
719 5134 910 5199 auctoritate
934 5133 1110 5215 apostolica
1133 5132 1351 5214 dignaremur:
1384 5151 1441 5197 nos
1471 5132 1652 5197 huiusmodi
1683 5134 1919 5216 supplicacione
1947 5132 2057 5198 audita

547 5239 694 5304 volentes
717 5239 749 5302 in
772 5239 937 5320 premissis
959 5238 1150 5321 gravitatem
1181 5243 1213 5301 et
1243 5236 1432 5302 modestiam
1463 5236 1604 5301 debitam
1635 5238 1805 5303 observare
1828 5256 1866 5302 ac
1889 5237 1929 5302 de
1952 5238 2058 5303 causis

547 5343 732 5408 huiusmodi
758 5344 850 5407 nobis
882 5344 1036 5425 expositis
1068 5341 1337 5407 certitudinaliter
1365 5340 1538 5420 informari,
1572 5361 1600 5406 v.
1632 5340 1654 5406 l.
1688 5342 1875 5421 Bertrando,
1909 5345 2058 5425 episcopo

548 5448 704 5526 Ostiensi,
727 5453 761 5512 et
783 5447 834 5513 dd.
857 5445 889 5512 ff.
913 5466 964 5512 nn.
991 5447 1164 5527 Bemardo,
1197 5445 1284 5511 tituli
1316 5446 1418 5511 sancti
1449 5445 1567 5512 Giriaci
1600 5446 1632 5510 in
1654 5446 1777 5511 Tenuis
1799 5448 1996 5529 presbytero,
2020 5465 2058 5512 ac

548 5552 748 5637 Raymundo,
768 5557 878 5617 sancte
894 5552 1081 5617 Marianoue
1104 5551 1237 5616 diacono
1254 5551 1480 5631 cardinalibus,
1500 5551 1712 5617 commisimus
1727 5552 1857 5617 oraculo
1872 5552 1946 5617 vive
1961 5552 2057 5631 vocis,

549 5663 586 5723 ut
600 5657 641 5722 de
655 5657 823 5740 premissis
846 5658 952 5723 causis
967 5660 1000 5722 et
1016 5675 1124 5722 earum
1148 5657 1400 5720 circumstanciis
1417 5657 1449 5720 in
1463 5656 1582 5721 talibus
1597 5656 1800 5723 attendendis
1816 5673 1851 5720 se
1868 5654 2057 5739 diligencius

549 5761 770 5842 informarent,
794 5766 828 5829 et
850 5780 1038 5847 quecunque
1061 5780 1158 5847 super
1180 5760 1244 5827 biis
1266 5762 1456 5843 invenirent,
1479 5761 1572 5829 nobis
1593 5759 1732 5830 lidolitar
1752 5759 1876 5829 reterre
1898 5764 2057 5831 curarent
