5184 7050
1979 823 2045 889 267

535 1022 631 1086 463.
665 1020 877 1099 Rrinlrurdas,
910 1027 1006 1087 reatris
1034 1024 1148 1095 (lirici,
1180 1025 1299 1088 ilcanini
1321 1026 1359 1090 de
1383 1027 1511 1104 Hermu,
1533 1025 1704 1109 supplicat,
1735 1032 1889 1109 poculentis
1912 1032 2045 1107 fructus

645 1125 863 1205 beneficiorum
886 1147 1015 1191 suoram
1037 1130 1072 1192 ia
1094 1128 1240 1193 absentia
1257 1151 1319 1211 per
1340 1131 1510 1194 triemriam
1533 1130 1628 1194 libere
1645 1131 1810 1214 percipere
1826 1133 1940 1214 possit.

1465 1344 1629 1425 Aricinae,
1652 1348 1740 1411 1344
1767 1346 1946 1411 Decembris
1966 1350 1999 1412 3.

642 1561 808 1643 Supplieot
831 1562 862 1626 S.
887 1563 924 1627 V.
949 1565 1083 1627 ‹levotns
1106 1568 1212 1626 vorator
1235 1561 1452 1643 neynnanlus,
1484 1568 1577 1625 natus
1602 1582 1631 1626 n.
1656 1580 1683 1626 r.
1709 1563 1818 1642 vlrici,
1853 1563 1969 1628 domiui
2004 1565 2045 1629 de

535 1664 689 1742 Hanowe,
714 1666 856 1729 eiusdem
880 1667 910 1731 S.
936 1666 972 1730 V.
998 1666 1192 1747 capellanus
1216 1673 1373 1749 quatenus
1407 1668 1467 1731 sibi
1502 1668 1672 1748 specialem
1706 1669 1845 1749 graciam
1878 1668 2043 1749 facientes

534 1769 650 1847 eidem,
675 1770 758 1850 quod
789 1770 891 1851 possit
921 1774 1008 1834 stare
1032 1772 1062 1834 in
1087 1771 1192 1835 studio
1217 1791 1273 1852 per
1295 1772 1465 1835 triennium
1489 1771 1521 1834 iu
1545 1771 1687 1835 minans
1710 1772 1799 1836 curia
1821 1771 1872 1836 rel
1896 1779 1986 1838 extra
2009 1779 2045 1838 et

534 1873 669 1951 fruetus,
700 1874 845 1937 redditus
876 1880 908 1937 et
938 1881 1110 1954 moventes
1141 1877 1381 1940 canonicatuum
1411 1881 1444 1940 et
1473 1876 1705 1956 prebendarum
1736 1895 1863 1940 suarum
1892 1878 1923 1941 in
1947 1878 2040 1942 Bam·

535 1978 684 2060 bergensi
708 1997 829 2042 necnon
853 1980 884 2041 in
906 1980 1046 2057 Bruma,
1072 1978 1292 2044 Olomuemsis
1325 1980 1470 2057 (liecesis,
1506 1998 1543 2043 ae
1573 1981 1774 2061 prepositure
1805 1980 1837 2044 in
1865 1981 2044 2067 Lynensi,¹)

538 2082 709 2161 Pragerrsis
733 2082 879 2161 (limosis,
904 2082 1047 2146 corrosis
1070 2102 1109 2147 ae
1132 2084 1267 2148 aliorum
1289 2083 1514 2147 berreticiornm
1537 2082 1836 2161 ecelesiasticorum,
1856 2103 1918 2165 que
1941 2085 2044 2149 medio

535 2192 682 2266 temporo
706 2187 841 2268 adeptus
864 2188 970 2264 luerit,
995 2187 1093 2251 libere
1117 2189 1282 2269 percipere
1306 2207 1377 2252 cum
1400 2207 1438 2251 οει
1460 2189 1734 2269 integritateque
1753 2189 2044 2270 ipsospereiperet,

535 2291 706 2353 cotidianis
730 2292 1010 2356 distrilmeionilms
1034 2293 1199 2356 ‹lurntanat
1222 2293 1373 2373 exeeptis,
1398 2310 1434 2355 ae
1457 2293 1482 2354 si
1501 2293 1533 2356 in
1549 2292 1643 2355 dictis
1667 2290 1812 2357 eeclesiis
1836 2292 2045 2374 corporaliter

534 2396 704 2474 resideret,
735 2402 768 2459 et
798 2397 881 2478 qrrod
913 2416 932 2459 a
962 2398 1048 2460 nullo
1080 2398 1196 2460 invitus
1227 2396 1329 2477 possit
1358 2395 1398 2459 ad
1428 2395 1609 2460 faciendum
1640 2396 1848 2460 residoneiam
1883 2396 1915 2460 in
1950 2397 2044 2461 dietis

535 2498 701 2563 borretieiis
724 2502 872 2579 eoartrni,
897 2502 1068 2583 iliguonrini
1091 2502 1273 2580 correctiora,
1298 2500 1590 2579 constitucionibus,
1607 2500 1898 2578 consuetudinibus,
1915 2501 2044 2565 statutis

535 2622 725 2685 quacunque
759 2605 910 2669 trinitate
944 2605 1071 2669 vallatis
1103 2606 1133 2668 in
1165 2606 1355 2669 eorrtrorium
1387 2604 1482 2667 sititis
1512 2624 1713 2685 nequaquam
1743 2605 1955 2683 obstantibus
1987 2623 2043 2669 seu

535 2708 620 2788 qrrrrd
657 2709 740 2772 idem
774 2708 983 2789 ltoynlrmdns
1015 2730 1034 2773 a
1057 2710 1143 2774 clieta
1176 2710 1379 2791 prepositura
1413 2708 1496 2772 ultra
1531 2710 1729 2789 septennium
1765 2708 1796 2771 in
1834 2707 1940 2771 studio
1984 2708 2046 2773 luit

535 2812 662 2890 alisons,
694 2817 727 2876 et
758 2832 828 2876 ctum
859 2814 1003 2877 ‹rrrnribns
1034 2815 1106 2877 aliis
1138 2833 1196 2878 nrm
1228 2814 1427 2878 antistantibus
1450 2819 1483 2878 ot
1505 2812 1656 2876 clausulis
1679 2813 1845 2893 ‹rprcntunis
1869 2830 1906 2875 ac
1929 2830 2044 2876 execu-

534 2917 669 2981 toribus.

642 3021 716 3086 Fiat
749 3021 789 3084 ad
823 3022 984 3086 biennium
1020 3023 1051 3085 in
1085 3021 1185 3086 ferina
1222 3022 1255 3086 ll.
1303 3023 1346 3086 nt
1368 3041 1396 3102 q.
1420 3027 1442 3085 t.
1467 3041 1491 3084 s.
1516 3040 1543 3084 a.
1568 3020 1587 3084 l.
1634 3019 1706 3083 Fiat
1734 3019 1771 3082 n.
1817 3021 1856 3085 D.
1880 3020 2039 3085 Aninioue

536 3126 586 3190 lll
610 3145 682 3189 non
707 3126 893 3189 Deemnbris
916 3146 943 3190 a.
968 3127 1077 3190 toreio.

645 3313 794 3368 (lenientis
814 3314 849 3366 Vl
868 3315 893 3367 S.
916 3315 980 3383 lllj‘l
1001 3318 1038 3382 ll)
1058 3315 1075 3366 t'.
1095 3315 1148 3367 86⁹.
1166 3345 1198 3353 -
1221 3317 1238 3378 ¹)
1258 3314 1297 3367 sic
1315 3312 1350 3380 S,
1368 3320 1442 3367 reete
1460 3313 1605 3382 ‚'l'ynonsi⁴.

534 3945 628 4011 454.
654 3944 848 4021 Rcialrerdo,
864 3948 939 4007 reato
961 3944 1065 4007 l'lriei
1079 3943 1117 4005 de
1133 3944 1262 4016 llanea,
1279 3942 1467 4021 conceditur,
1482 3946 1518 4005 at
1533 3946 1666 4022 fructus
1686 3941 1903 4021 beneficiorum
1917 3963 2045 4006 saonen

535 4069 633 4130 amque
657 4047 701 4110 ad
722 4048 881 4111 biennium
904 4047 998 4110 libere
1018 4047 1179 4129 percipere
1193 4046 1310 4118 relect,
1326 4046 1423 4109 etiem
1437 4047 1467 4109 si
1482 4046 1516 4109 in
1530 4046 1574 4109 eis
1592 4046 1806 4130 personaliter
1822 4066 1883 4110 crore
1897 4046 2044 4110 resideat.

668 4151 786 4215 dirrare
807 4152 901 4215 buires
924 4151 1049 4215 litterae
1071 4150 1105 4214 ia
1123 4150 1273 4233 partibus
1295 4150 1419 4213 arnissis
1444 4169 1513 4214 cunr
1536 4169 1620 4213 nanc.
1646 4152 1708 4215 132
1730 4149 1906 4215 concordat.

574 4435 580 4447 ,
592 4394 618 4446 x
633 4326 684 4447 ξ,
1469 4347 1633 4427 Atinam,
1656 4350 1744 4413 1344
1766 4347 1947 4413 coemes
1968 4350 1999 4413 3.

640 4571 679 4633 l).
703 4569 724 4633 f.
749 4568 949 4649 Roynlrardo,
985 4574 1059 4632 nato
1094 4569 1123 4632 d.
1154 4569 1175 4632 f.
1207 4588 1236 4631 n.
1268 4587 1295 4631 v.
1328 4566 1437 4645 Vlrici,
1468 4565 1585 4630 domini
1619 4566 1659 4630 de
1693 4566 1844 4644 Hancne,
1879 4566 2042 4648 preposito

534 4674 673 4737 ecclesie
695 4673 861 4752 Tynensis,
886 4672 1056 4753 Progensis
1079 4672 1225 4750 diocesis,
1257 4670 1421 4751 capellano
1451 4676 1569 4748 nostro,
1593 4689 1618 4735 s,
1642 4674 1703 4734 ete.
1747 4677 1896 4735 Nobilitas
1918 4679 2046 4752 generis,

534 4801 645 4842 morum
671 4783 762 4841 decor
784 4790 814 4841 et
837 4784 896 4840 alia
919 4783 1112 4840 racionabilis
1134 4788 1183 4839 tue
1207 4780 1376 4839 devocionis
1399 4782 1512 4854 merita,
1536 4796 1625 4853 super
1647 4780 1753 4851 quibus
1779 4781 1857 4853 apud
1888 4799 1941 4839 nos
1973 4780 2044 4839 fide·

534 4888 622 4961 digno
647 4888 861 4945 commendaris
886 4886 1063 4958 testimonio,
1087 4903 1140 4943 nos
1171 4885 1323 4957 inducunt,
1354 4892 1385 4941 ut
1416 4901 1570 4956 personam
1601 4891 1679 4941 tuam
1711 4885 1865 4957 oportunis
1895 4883 2046 4943 lareribus

534 5007 759 5063 prosequamur.
783 4985 860 5049 Tuis
877 4985 986 5065 itaque
1003 4982 1292 5063 supplicacionibus
1309 4981 1450 5044 inclinati
1466 4981 1534 5059 tibi,
1551 4982 1604 5061 qui
1622 5000 1641 5044 a
1657 4981 1859 5070 prepositura
1875 4980 2009 5046 ecclesie
2017 4980 2045 5067 ⁸)

533 5089 702 5169 Tynensis,
729 5088 898 5169 Pragonsis
922 5088 1068 5163 diocesis,
1097 5087 1187 5150 euius
1218 5086 1329 5150 existis
1360 5086 1552 5166 prepositus,
1584 5085 1669 5148 ultra
1698 5085 1898 5167 septennium
1930 5085 2046 5149 absens

533 5192 623 5257 fuisti
649 5193 681 5255 iu
705 5192 811 5256 studio
834 5190 1014 5269 residemlo,
1039 5191 1227 5254 arnittoritate
1252 5189 1451 5270 presencium
1467 5188 1676 5270 indulgemus,
1693 5193 1729 5252 ut
1744 5188 1921 5254 litterarum
1937 5190 2044 5254 studio

534 5298 601 5361 sire
628 5298 659 5359 in
685 5297 826 5360 llcrrnaua
848 5292 1002 5378 [carrielli
1028 5296 1094 5357 sire
1118 5294 1194 5357 alibi
1217 5295 1248 5356 in
1272 5293 1350 5372 loco,
1374 5293 1428 5356 ubi
1452 5292 1530 5356 illud
1553 5293 1660 5374 vigeat
1682 5294 1839 5374 gencrale,
1864 5292 2041 5358 insistendo

535 5401 670 5478 fruetus,
694 5401 840 5464 redditus
864 5405 896 5462 et
920 5405 1092 5479 proventus
1116 5398 1200 5460 dicte
1223 5397 1424 5478 prepositure
1447 5416 1484 5460 ae
1500 5399 1741 5463 canonicatuum
1757 5397 2045 5479 etprebeudamm,

535 5504 670 5586 quasin
695 5503 921 5583 llornborgensi
954 5520 1074 5564 rreenon
1108 5501 1138 5563 in
1171 5500 1311 5577 Brunna,
1347 5499 1568 5565 olomucensis
1604 5502 1749 5580 diocesia,
1785 5501 1929 5566 ecelesiis
1962 5519 2046 5566 nune

535 5610 670 5686 obtines,
702 5612 735 5671 et
765 5609 898 5672 aliorum
930 5608 1067 5670 ‹rnrrnimn
1096 5603 1318 5668 beneficiorum
1343 5604 1640 5685 ecclesiasticorum,
1664 5625 1726 5687 que
1750 5606 1781 5669 in
1804 5606 2045 5686 quibuscunque

534 5713 606 5778 aliis
628 5711 775 5776 eeclesiis
799 5712 1004 5792 irupisteunn
1028 5709 1196 5788 olrtinobis,
1220 5727 1291 5773 curn
1314 5725 1353 5772 ca
1376 5709 1559 5790 integritate
1582 5729 1683 5792 nsque
1703 5709 1743 5772 ad
1759 5710 1920 5774 biennium
1943 5709 2045 5774 libere
