5184 7050
1809 840 1945 954 're

540 1091 578 1154 In
609 1108 636 1153 e.
669 1110 708 1153 m.
733 1110 761 1154 v.
791 1090 812 1156 f.
831 1141 862 1155 ..
899 1094 1049 1174 episeopo
1089 1094 1253 1158 Parmensi
1287 1098 1321 1157 et
1355 1093 1406 1157 dd.
1437 1094 1469 1160 ff.
1486 1145 1518 1158 ..
1543 1081 1816 1175 bb'iss'egradensis
1847 1114 1945 1176 prope

434 1194 571 1277 Praggam
603 1213 641 1258 ac
657 1246 689 1259 ..
713 1197 815 1260 saneti
838 1195 945 1277 Egidii
976 1197 1148 1278 Pragensis
1178 1196 1307 1262 decanis
1331 1197 1538 1263 ecelesiarum
1561 1217 1585 1262 s,
1610 1203 1671 1263 etc.
1688 1249 1695 1262 .
1713 1249 1720 1262 .
1739 1248 1770 1262 ..
1795 1200 1834 1263 D.
1860 1204 1896 1263 ut
1919 1217 1943 1262 s,

542 1382 691 1445 Clementis¹
710 1383 748 1437 Vl
769 1385 794 1437 Δ
818 1384 1212 1454 lsre(ae)t4ar'n.1ree,
1240 1385 1274 1439 da
1293 1387 1461 1454 praebendis
1494 1388 1630 1442 vacaturis
1650 1404 1694 1455 qu.
1714 1387 1833 1441 tar-V.
1856 1392 1904 1441 156
1927 1385 1945 1439 f.

437 1474 486 1523 383
505 1487 532 1523 n.
554 1474 629 1523 lxta.

435 2026 526 2092 139.
550 2026 699 2091 Bobntae
720 2025 758 2091 de
781 2030 917 2093 Hostiae
935 2030 1122 2113 providetur
1144 2031 1181 2094 aa
1205 2032 1394 2096 canonicatu
1411 2031 1559 2096 ecclesiae
1578 2030 1750 2110 Propensis
1766 2029 1822 2093 snb
1837 2050 1947 2113 expec-

840 2134 960 2198 tatione
979 2135 1187 2217 praebendae.
1213 2136 1330 2200 Forma
1352 2139 1388 2200 nt
1409 2137 1444 2199 a'n
1465 2157 1496 2199 n.
1519 2138 1550 2200 6.

497 2336 523 2477 JK
1353 2360 1515 2437 Attanae,
1541 2363 1624 2425 1342
1645 2361 1825 2426 Decembris
1848 2364 1900 2426 12.

542 2602 581 2664 b.
598 2599 620 2666 f.
637 2600 763 2666 Behute
786 2602 825 2666 de
841 2603 987 2681 Hostius,
1013 2604 1163 2667 canonico
1188 2605 1349 2686 Pragrmsi
1374 2622 1398 2669 s.
1423 2611 1482 2669 ete.
1503 2605 1677 2670 Probitatis
1699 2606 1815 2669 merita
1838 2655 1845 2668 .
1935 2654 1942 2667 .

444 2704 594 2769 Veientes
617 2706 727 2787 itaque
751 2724 781 2786 p.
805 2725 846 2770 m.
869 2726 897 2772 o.
922 2709 981 2773 tibi
1004 2729 1033 2790 g.
1056 2708 1078 2772 f.
1103 2727 1139 2784 s,
1164 2711 1382 2773 canonicatum
1414 2709 1548 2774 ecclesie
1580 2710 1749 2791 Pragensis
1772 2727 1798 2773 c.
1820 2727 1852 2790 p.
1874 2709 1895 2772 i.
1920 2727 1946 2771 e.

441 2827 467 2872 a.
483 2814 505 2872 t.
522 2829 550 2873 a.
575 2808 766 2874 conferimus
790 2816 822 2875 et
846 2813 885 2877 de
907 2813 962 2876 ille
986 2814 1087 2876 eciam
1110 2814 1322 2893 providemus,
1347 2814 1540 2894 prebendam
1563 2833 1648 2891 rere,
1672 2814 1699 2877 si
1723 2833 1787 2895 qua
1809 2812 1947 2876 indicta

442 2913 574 2977 eeclesia
598 2921 691 2978 vacat
715 2915 754 2978 ad
784 2933 927 2996 presens,
951 2916 1001 2980 vei
1035 2934 1105 2981 eum
1140 2919 1400 2981 vacaverit...
1425 2916 1647 2981 conferendam
1677 2917 1761 2981 tibi.
1779 2967 1786 2979 .
1804 2967 1835 2980 ..
1861 2916 1890 2979 d.
1916 2934 1944 2980 a.

443 3036 744 3095 r·eser·xanrus....;
780 3038 840 3082 non
875 3021 1162 3084 obstantibus...
1198 3040 1254 3085 seu
1290 3020 1373 3101 quod
1398 3021 1615 3083 arationieatum
1639 3025 1672 3083 et
1694 3020 1886 3102 prebendam
1910 3037 1948 3083 ac

443 3120 630 3187 decanatum
667 3124 801 3188 ecclesie
836 3125 994 3203 sacensis,
1033 3124 1202 3206 Prageusis
1232 3125 1379 3200 diocesia,
1402 3142 1439 3187 ae
1470 3125 1502 3188 in
1525 3123 1782 3188 Wratislauiensi
1813 3124 1948 3188 eeclesia

443 3228 658 3292 canonicatum
682 3227 807 3292 obtines
830 3234 864 3291 et
886 3228 1078 3308 prebendam
1102 3233 1262 3309 expectas.
1295 3230 1433 3293 .,..Ι).
1458 3229 1615 3292 Aninione
1638 3229 1670 3292 11
1694 3227 1737 3291 id.
1761 3227 1947 3292 Decembris

442 3348 467 3392 a.
489 3349 601 3411 prame.

543 3463 581 3527 In
598 3481 625 3527 e.
641 3481 682 3527 m.
701 3461 751 3526 dd.
768 3460 799 3528 ff.
813 3513 842 3527 ..
866 3463 1112 3546 Brewnevyensi
1128 3467 1179 3526 et.
1195 3513 1201 3526 .
1220 3461 1258 3526 de
1275 3460 1466 3545 (tpatewyea
1481 3464 1747 3528 monasteriorum
1766 3464 1946 3543 abbatibus

444 3567 611 3650 Pragensis
641 3567 788 3644 diocesis,
820 3586 857 3631 ac
879 3566 1019 3631 Jeiranni
1043 3567 1082 3630 de
1106 3567 1252 3644 Pistorio,
1288 3566 1438 3630 canoniae
1472 3566 1679 3647 Traieetensi,
1703 3589 1727 3633 s.
1753 3576 1812 3633 ete.
1838 3619 1844 3632 .
1871 3620 1877 3633 .
1903 3619 1910 3632 .
1939 3620 1946 3632 .

447 3672 479 3734 b.
504 3677 540 3735 ut
563 3689 587 3735 a.

542 3842 693 3897 Clementia
709 3842 747 3896 v1
766 3846 790 3895 Α
808 3843 850 3912 Iit
869 3847 924 3910 (tt)
944 3841 962 3895 f.
982 3847 1041 3908 395,
1061 3842 1094 3896 de
1113 3842 1275 3895 canonicatu
1294 3843 1347 3896 sub
1367 3841 1557 3909 expectatione
1570 3844 1744 3912 praebendae
1762 3861 1808 3913 qu.
1828 3844 1946 3898 16:V.

445 3936 489 3984 148
507 3930 526 3983 f.
545 3932 606 3983 441'
626 3945 652 3983 n
673 3936 731 3983 757,

440 4508 530 4572 140.
562 4506 698 4571 Henrieo
724 4507 881 4571 Thesauri
903 4507 941 4571 de
963 4506 1173 4586 Norirnberya
1194 4505 1376 4589 proairletnr
1395 4505 1433 4568 de
1453 4506 1645 4570 canonicatu
1666 4507 1816 4573 ecclesiae
1839 4510 1948 4574 Ratis·

440 4611 582 4674 bonensis
604 4610 661 4674 snb
683 4613 898 4694 expectatione
917 4611 1127 4694 praebendae,
1151 4631 1213 4673 non
1234 4610 1387 4687 obstante,
1418 4610 1499 4691 onera
1521 4612 1556 4673 in
1579 4611 1711 4676 eeclesia
1733 4615 1838 4678 saneti
1861 4615 1949 4677 Patri

444 4716 647 4790 limenensis,
667 4714 881 4780 Olornncensa's
897 4716 1039 4793 diocesis,
1056 4717 1277 4778 canonicatum
1293 4718 1322 4776 at
1340 4714 1556 4795 pertrahendam
1572 4715 1696 4795 obtinet,
1713 4721 1743 4780 et
1758 4718 1840 4799 qaod
1854 4739 1949 4801 snper

441 4819 605 4883 scolastria
630 4820 777 4889 eeclesiae
801 4820 1025 4900 Glopoeiensis,
1045 4819 1300 4883 Vratislaeiensis
1317 4817 1458 4897 diocesia,
1475 4820 1510 4882 in
1526 4821 1671 4884 Idonaana
1696 4826 1787 4886 enoria
1809 4824 1950 4885 amseaar

524 4924 663 5005 litiyare.
709 4927 761 5000 ,D.
785 4925 943 4988 Arrinione
969 4925 1010 4987 II
1025 4923 1068 4986 ia.
1097 4923 1275 4987 Decembris
1299 4945 1329 4987 a.
1349 4924 1475 5006 primo!
1521 4925 1637 4988 Forma
1661 4929 1697 4987 nt
1720 4927 1753 4989 in
1776 4948 1804 4991 n.
1829 4928 1860 4990 6.

546 5061 596 5270 ὲ
1354 5147 1516 5223 Acinione,
1543 5151 1626 5213 1342
1653 5150 1831 5217 Decembris
1853 5154 1904 5215 12.

543 5391 693 5445 Clementis
714 5390 750 5443 Vi
769 5395 793 5444 Α
812 5391 855 5460 Ila
875 5393 930 5459 (ab)
950 5391 968 5442 f.
989 5394 1032 5455 37,
1051 5388 1085 5439 de
1104 5388 1266 5442 canonicatu
1286 5389 1336 5442 sub
1357 5392 1548 5458 expectatione
1567 5392 1744 5460 praebendae
1764 5409 1808 5460 qu.
1829 5391 1946 5445 ‘23:V.

447 5485 488 5532 tta
507 5478 526 5532 ἰ.
546 5480 589 5531 49'
609 5494 635 5530 n,
659 5482 715 5531 107.
