5184 7050
548 812 613 879 426

544 1038 636 1102 reges
670 1018 821 1100 illustres,
845 1026 1037 1103 procurante
1070 1022 1162 1087 hoste
1195 1022 1323 1087 humani
1357 1024 1484 1105 generis
1518 1023 1681 1100 suscitate,
1712 1041 1774 1086 uon
1808 1021 1912 1086 solnm
1935 1021 2047 1086 eisdem

544 1124 673 1206 regibus
696 1143 867 1206 corumque
889 1126 995 1207 regnis
1018 1133 1051 1190 et
1073 1126 1220 1204 subditis,
1244 1128 1302 1192 sed
1325 1129 1416 1209 quasi
1439 1127 1498 1191 toti
1522 1127 1746 1191 christianitati
1770 1127 1957 1205 continue·)
1984 1145 2047 1208 pro·

545 1227 661 1293 ducere
684 1229 899 1309 dinoscuntur,
923 1236 956 1294 ct
979 1229 1217 1294 consideranter
1238 1232 1381 1313 pensatis
1404 1231 1502 1295 variis
1525 1230 1744 1314 spiritualibus
1767 1238 1801 1296 et
1824 1230 2046 1313 temporalibus

545 1333 645 1410 bonis,
669 1350 731 1414 que
754 1333 882 1415 utrique
905 1333 1044 1415 ipsorum
1060 1352 1097 1399 ac
1112 1334 1266 1416 predictis
1288 1335 1395 1416 regnis
1411 1341 1444 1400 et
1459 1336 1594 1400 subditis
1610 1340 1643 1399 et
1657 1335 1729 1400 aliis
1752 1335 1891 1401 diversis
1914 1333 2048 1399 eiusdem

545 1435 789 1501 christianitatis
813 1437 957 1518 partibus
980 1456 1020 1502 ex
1043 1437 1184 1519 ipsorum
1207 1444 1317 1505 mutue
1341 1438 1492 1517 caritatis,
1516 1440 1650 1504 unitatis
1671 1444 1704 1504 et
1719 1440 1864 1505 amicicie
1888 1437 2050 1504 concordia

544 1537 785 1623 provenirentl)
808 1541 892 1606 iuter
915 1546 1023 1606 cetera
1053 1542 1276 1607 desiderabilia
1300 1544 1403 1608 cordis
1433 1545 1534 1609 nostri
1557 1545 1645 1625 pacis
1661 1544 1861 1609 concordiam
1875 1542 2050 1609 huiusmodi

544 1642 759 1711 affectavimus
782 1650 815 1709 et
830 1647 930 1710 eciam
952 1644 1145 1724 affectamus,
1163 1652 1294 1728 propter
1316 1647 1428 1731 [quod]
1444 1650 1470 1727 ο)
1493 1667 1549 1729 pro
1574 1647 1630 1712 illa
1653 1648 1788 1713 diversis
1811 1649 1873 1712 viis
1896 1651 1932 1713 et
1955 1646 2049 1711 modis

544 1750 699 1815 hacteuus
731 1749 942 1814 laboravimus
980 1750 1160 1829 obtinenda,
1195 1752 1388 1833 tandemque
1422 1757 1495 1833 post
1532 1753 1729 1818 diversorum
1763 1754 1953 1818 nunciorum
1989 1755 2050 1814 tam

544 1859 654 1918 sancte
676 1854 816 1919 Romane
840 1854 974 1919 ecclesie
998 1855 1207 1919 cardinalium
1230 1875 1325 1937 quam
1348 1856 1482 1921 aliorum
1507 1862 1539 1922 et
1561 1857 1741 1922 litterarum
1757 1857 1928 1922 missiones
1950 1854 2050 1920 multi-

543 1957 654 2041 plices,
679 1977 749 2022 curn
772 1977 833 2023 nou
857 1963 943 2022 esset
964 1957 1067 2023 hostis
1090 1959 1232 2024 eiusdem
1256 1960 1433 2025 obsistente
1455 1961 1581 2026 malicia
1604 1960 1805 2026 satisfactum
1828 1960 1949 2026 nostris
1972 1959 2051 2024 desi·

544 2063 643 2128 deriis
665 2064 698 2127 in
721 2062 779 2127 bac
809 2068 909 2144 parte,
944 2082 973 2127 v.
1005 2063 1025 2128 f.
1058 2063 1258 2144 Anibaldum,
1289 2067 1472 2148 episcopum
1506 2064 1729 2143 Tusculanum,
1760 2071 1793 2130 et
1824 2065 1854 2129 d.
1884 2063 1906 2130 l.
1930 2069 2051 2129 nostros

545 2167 750 2250 Stephanum,
766 2167 852 2232 tituli
876 2173 1057 2233 sanctorum
1080 2167 1235 2233 lobannis
1251 2173 1285 2233 et
1301 2168 1391 2233 Pauli
1416 2169 1636 2253 presbyterum
1660 2169 1865 2247 cardinalem,
1882 2166 2052 2251 apostolice

545 2271 631 2336 sedis
654 2271 796 2350 nuncios,
819 2272 905 2336 viros
928 2272 1039 2354 utique
1061 2272 1238 2354 probitatis,
1263 2272 1468 2337 discrecionis
1492 2278 1526 2337 et
1548 2273 1750 2355 providencia
1772 2274 1962 2338 maturitate
1984 2290 2051 2354 pre·

544 2377 638 2455 ditos,
662 2376 759 2458 pacis,
783 2377 929 2441 veritatis
953 2381 986 2440 et
1008 2377 1134 2442 iusticie
1156 2376 1296 2441 fervidos
1319 2376 1486 2456 zelatores,
1509 2396 1567 2460 pro
1590 2382 1730 2442 tractatu
1752 2378 1842 2460 pacis
1875 2374 2051 2441 huiusmodi

544 2481 584 2545 ad
608 2497 701 2564 reges
723 2479 852 2544 eosdem
876 2485 909 2544 et
929 2484 1040 2563 partes
1062 2480 1133 2545 illas
1156 2482 1196 2546 de
1218 2479 1352 2546 fratrum
1376 2488 1555 2547 nostrorum
1579 2481 1710 2548 consilio
1733 2481 1933 2564 providimus
1956 2480 2050 2546 desti·

545 2585 675 2664 naudos,
699 2590 732 2649 et
754 2585 829 2651 licet
852 2585 1030 2650 cardinales
1060 2585 1121 2669 ipsi
1152 2583 1299 2664 fideliter,
1330 2586 1505 2670 prudenter
1535 2591 1567 2651 et
1597 2584 1768 2667 diligenter
1798 2603 1897 2667 snper
1924 2584 2050 2667 negocio

544 2689 782 2755 relormacionis
798 2691 886 2771 pacis
901 2689 1082 2755 huiusmodi
1097 2690 1322 2770 laboraverint,
1339 2691 1422 2756 sicut
1438 2709 1494 2773 pro
1511 2695 1597 2756 certo
1619 2678 1831 2773 percepimus,
1848 2695 1884 2754 et
1899 2689 2049 2766 laborent,

511 2864 518 2883 Δ·
545 2810 710 2876 speramus
732 2797 839 2857 tamen
861 2793 894 2859 in
917 2792 1053 2872 domino,
1077 2793 1171 2876 quod,
1188 2794 1215 2859 si
1238 2801 1283 2872 tu,
1301 2792 1346 2859 fili
1370 2795 1543 2873 carissime,
1561 2812 1654 2876 quem
1671 2795 1799 2860 indubie
1819 2812 1932 2878 pacem
1948 2793 2049 2858 zelare

544 2897 725 2962 huiusmodi
759 2899 975 2981 supponimus,
1011 2898 1131 2963 eisdem
1166 2899 1381 2965 cardinalibus
1416 2918 1513 2983 super·
1545 2900 1608 2964 biis
1643 2901 1785 2965 astiteris
1823 2898 1994 2966 affectibus
2022 2903 2051 2961 et

545 3001 713 3068 effectibus
735 3003 888 3083 operosis,
905 3003 943 3066 ad
967 3001 1126 3068 utiliorem
1149 3010 1183 3067 et
1204 3003 1379 3069 faciliorem
1401 3009 1575 3070 tractatum
1598 3006 1765 3087 pervenire
1788 3009 1943 3087 poterunt
1958 3003 2050 3069 cicius

547 3108 632 3173 dicte
654 3108 752 3190 pacis.
789 3106 945 3185 Quocirca
969 3107 1193 3172 excellenciam
1216 3114 1304 3173 tuam
1326 3127 1475 3191 rogamus
1499 3114 1531 3173 et
1553 3111 1586 3173 in
1608 3109 1734 3174 domiuo
1760 3110 1922 3175 attencius
1945 3106 2049 3173 exhor·

545 3217 659 3290 tamur,
676 3216 834 3295 qnatenus
850 3211 971 3276 eisdem
986 3212 1166 3277 assistendo
1183 3214 1267 3278 circa
1282 3214 1343 3278 hec
1359 3213 1572 3278 cardinalibus
1592 3214 1638 3277 sic
1654 3211 1829 3278 efficaciter
1852 3213 2049 3296 interponere

545 3316 675 3380 studeas
697 3320 807 3400 partes
828 3320 910 3395 tuas,
935 3316 1018 3399 quod
1042 3316 1098 3381 illa
1121 3319 1271 3401 consequi
1303 3318 1428 3400 gaudia,
1460 3337 1522 3400 que
1552 3338 1572 3383 a
1601 3316 1708 3382 divina
1739 3317 1904 3399 sapiencia
1927 3316 2048 3400 promit

545 3426 656 3486 tuntur
685 3422 774 3504 pacis
804 3421 987 3489 ineuntibus
1018 3422 1159 3502 consilia,
1191 3424 1353 3487 merearis
1396 3423 1434 3487 D.
1470 3423 1628 3487 tuicione
1660 3422 1724 3487 llll
1759 3420 1823 3487 kal.
1860 3420 2046 3503 Septembris

545 3546 573 3591 a.
597 3528 717 3609 quinto.
730 3526 754 3608 ¹)

648 3633 730 3697 Item
751 3632 784 3697 in
808 3651 835 3696 e.
858 3651 899 3697 m.
924 3651 949 3697 c.
974 3632 1006 3696 iu
1030 3631 1086 3698 Cb.
1111 3631 1132 3697 f.
1158 3631 1281 3712 Carolo,
1305 3634 1338 3699 in
1360 3651 1467 3716 regem
1490 3633 1701 3697 Romanorum
1724 3629 1839 3696 electo.
1863 3631 1904 3696 Ι).
1927 3635 1964 3694 ut
1984 3646 2008 3693 s.

652 3819 798 3877 Clementis
815 3821 853 3875 Vl
873 3822 904 3875 V.
926 3827 974 3875 140
994 3826 1072 3890 (seer.
1097 3838 1122 3875 a.
1140 3821 1175 3887 V)
1200 3822 1218 3874 i.
1245 3825 1304 3876 lbl'
1329 3840 1355 3877 rr.
1379 3829 1429 3877 449
1455 3830 1483 3877 et
1501 3828 1559 3877 lto.
1590 3852 1621 3862 ω
1650 3820 1702 3875 Ed.
1726 3820 1894 3889 Wcrunsky,
1919 3819 2042 3885 Excerptr

545 3926 571 3963 n.
592 3915 650 3976 133,
669 3909 765 3963 Huber
784 3914 834 3963 778
853 3925 879 3963 n.
899 3914 1124 3963 186et186.-
1152 3910 1175 3974 η)
1193 3910 1371 3976 ,continuere‘
1390 3910 1421 3966 V.
1448 3910 1473 3977 11)
1499 3910 1692 3979 ,pervenirent‘
1716 3909 1758 3977 V,
1784 3924 1855 3963 corr.
1881 3906 1916 3961 ab
1940 3905 2039 3961 editore

546 4001 572 4063 ο)
592 3997 671 4053 deest
688 3996 716 4051 in
735 3995 776 4065 V,
794 3996 885 4066 suppl.
903 3998 937 4051 ab
957 3996 1111 4052 editore-
1136 3999 1154 4065 ¹)
1174 3997 1262 4052 Huius
1280 3998 1389 4052 litterae
1406 3997 1507 4052 mentio
1520 3997 1551 4051 tit
1563 3997 1645 4052 etiam
1659 3997 1688 4050 in
1701 3995 1931 4052 instructionead
1944 3993 2038 4049 nendos

546 4090 720 4150 memoratos,
737 4083 765 4136 in
783 4084 815 4137 V.
838 4090 886 4138 140
905 4100 931 4137 n.
952 4090 1009 4137 451.

550 4629 640 4695 714.
664 4626 824 4691 lodicibus
847 4627 1034 4705 ircandotur,
1058 4630 1212 4708 quassus
1234 4644 1329 4707 super
1352 4628 1438 4688 certa
1457 4627 1554 4706 parte
1576 4623 1614 4687 de
1638 4622 1838 4687 Olomucensi
1855 4628 1886 4687 el
1902 4615 2031 4702 Propera

547 4732 719 4796 diocesibas
750 4731 975 4811 distioyucodu
996 4735 1026 4794 cl
1049 4728 1271 4811 Litompslensi
1301 4728 1449 4793 ecclesiae
1479 4727 1678 4808 assipnuoda
1705 4728 1949 4807 infomvotionee
1971 4722 2028 4789 reci·

885 4836 983 4919 piant
1005 4839 1035 4898 et
1058 4833 1226 4897 adsedem
1250 4831 1455 4917 apostolicam
1478 4832 1710 4897 transmittant.

1503 5004 1665 5082 Ammo,
1691 5006 1775 5069 1346
1797 5005 1938 5087 Aenos
1956 5004 1999 5069 cr.

651 5200 710 5264 Dd.
735 5197 765 5263 ff.
791 5250 797 5263 .
823 5249 830 5262 .
852 5198 1103 5263 Breuuouiensis
1126 5203 1160 5262 et
1184 5249 1190 5263 .
1218 5249 1224 5262 .
1248 5198 1482 5276 Bisoviceusis,
1498 5197 1667 5279 Pragensis
1690 5201 1723 5260 et
1742 5194 1963 5264 Olomucensis
1982 5193 2031 5256 dio

547 5306 677 5385 cesiuur,
700 5304 963 5370 monasteriorum
986 5303 1154 5369 abbatibus
1177 5322 1214 5367 ac
1238 5353 1270 5366 ..
1295 5304 1416 5367 decano
1440 5302 1560 5383 capelle
1582 5302 1669 5384 regie
1693 5300 1845 5367 Omnium
1867 5302 2029 5369 Sanctorum

548 5411 579 5473 in
614 5414 717 5473 castro
753 5408 905 5490 Pragcnsi
937 5426 961 5473 S.
993 5412 1054 5472 ete.
1099 5409 1270 5487 [,Dudum
1289 5430 1350 5485 pro
1370 5415 1463 5485 parte
1488 5429 1511 5467 c.
1537 5413 1569 5466 ia
1594 5405 1647 5466 Ob.
1666 5410 1698 5485 f.
1722 5428 1753 5466 a.
1776 5407 1949 5479 Jotanno,
1967 5405 2032 5479 repit

547 5520 675 5575 Boema‘e
698 5517 844 5587 illustris,
867 5521 904 5574 et.
929 5518 959 5573 al.
979 5517 1009 5592 f.
1034 5517 1146 5574 nobilis
1164 5519 1231 5572 viri
1247 5512 1365 5585 Caroli,
1381 5516 1573 5573 marchionis
1590 5513 1748 5583 morasse,
1767 5510 2031 5589 primopeaa'lisui,

547 5640 651 5678 coram
674 5624 759 5677 nobis
790 5625 818 5678 et
842 5621 1004 5697 fratribus
1035 5622 1163 5689 nostris,
1193 5624 1299 5677 coarcte
1324 5621 1461 5677 Roraaae
1486 5621 1605 5677 ecclesie
1628 5619 1858 5689 cardinalabus,
1880 5617 2033 5677 reverenter

547 5728 697 5802 exposito,
721 5727 802 5799 quod
825 5726 997 5800 Propensis
1015 5744 1075 5799 per
1099 5726 1200 5782 decem
1216 5769 1223 5781 .
1242 5769 1248 5782 .
1267 5768 1274 5781 .
1293 5726 1413 5785 ‚eidem
1441 5725 1562 5781 ecclesie
1585 5722 1839 5782 Laetbomuslensi
1857 5722 2028 5801 prefecimus
