5184 7050
1864 869 1928 936 639

413 1069 593 1151 apostolice
614 1087 779 1134 reservare
803 1088 841 1135 ac
864 1070 903 1134 dc
929 1071 1166 1137 canonicatibus
1182 1078 1216 1137 et
1230 1073 1401 1155 prebendis
1424 1093 1545 1140 necnon
1570 1075 1609 1140 de
1633 1075 1796 1158 dignitate,
1817 1094 1926 1159 perso·

415 1178 494 1238 natu
518 1192 575 1238 seu
598 1172 701 1238 officio
725 1174 879 1254 predictis
902 1176 1070 1256 providere
1094 1178 1301 1241 communiter
1330 1179 1380 1241 vel
1412 1180 1585 1260 separatim
1616 1182 1762 1262 personis
1794 1180 1927 1259 idoneis

417 1278 459 1342 ad
483 1278 542 1343 hoc
566 1279 716 1342 canonice
739 1279 860 1356 electis
878 1279 1083 1359 singulariter
1099 1281 1240 1362 singulis,
1258 1284 1358 1347 eciam
1375 1283 1456 1347 alias
1479 1283 1685 1361 beneficiatis
1702 1285 1801 1351 libere
1818 1285 1925 1349 valeat

416 1402 455 1448 ao
478 1383 599 1447 eisdem
623 1383 767 1462 personis
791 1383 877 1464 ipsos
902 1383 1044 1448 conferre
1068 1403 1138 1447 cum
1161 1388 1395 1467 occeptacione‚
1420 1387 1620 1467 inhibitione,
1644 1374 1772 1454 decreto
1793 1395 1826 1453 ct
1842 1390 1928 1454 clau·

417 1488 489 1555 sula
512 1487 664 1551 anteferri
689 1491 722 1550 et
746 1506 814 1550 cum
840 1487 955 1551 ceteris
978 1506 1039 1551 non
1063 1489 1262 1553 obstantibus
1286 1492 1447 1557 consuetis
1471 1496 1503 1557 et
1526 1491 1677 1559 clausulis
1701 1494 1865 1575 oportunis
1889 1513 1927 1559 ac

418 1592 653 1669 executoribus,
677 1590 821 1672 predicta
844 1592 1034 1657 auctoritate
1057 1594 1231 1675 apostolica
1255 1595 1379 1677 plenam
1405 1601 1439 1660 et
1461 1596 1594 1661 liberam
1617 1597 1790 1662 concedere
1816 1599 1924 1681 digne-

417 1697 495 1762 mini
517 1696 712 1775 facultatem,
737 1700 772 1759 ut
795 1696 827 1760 in
849 1694 960 1760 forma.

522 1799 594 1864 Fiat
618 1801 657 1865 de
681 1819 745 1866 una
768 1801 800 1864 in
823 1802 974 1881 qualibet,
998 1803 1098 1867 eciam
1121 1803 1160 1868 de
1185 1803 1341 1886 dignitate
1364 1805 1396 1870 in
1419 1804 1675 1871 Wratislauiensi
1699 1806 1737 1872 R.

521 1908 603 1971 Item
626 1905 786 1988 supplicat
809 1906 912 1972 eidem
936 1907 967 1973 S.
992 1907 1095 1971 dictus
1119 1909 1299 1991 episcopua,
1324 1914 1488 1991 qnatenus,
1520 1929 1590 1974 cum
1622 1910 1767 1991 personis
1793 1909 1928 1992 prefatis

420 2017 550 2094 propter
574 2011 695 2075 riarum
720 2010 860 2090 pericula
884 2017 917 2076 et
939 2012 1018 2076 alias
1042 2012 1170 2078 difficile
1193 2014 1235 2078 sit
1258 2020 1389 2095 propter
1411 2014 1537 2096 longam
1560 2013 1746 2078 distanciam
1773 2033 1830 2095 pro
1854 2033 1928 2078 exa·

420 2117 507 2180 mine
531 2115 638 2179 sedem
661 2114 868 2197 apostolicam
897 2118 1036 2195 visitare,
1061 2117 1246 2182 absentibus
1269 2137 1402 2184 examen
1424 2117 1605 2182 huiusmodi
1627 2119 1790 2182 remittere
1813 2118 1864 2182 vel
1887 2117 1929 2182 ad

422 2226 535 2302 partes
560 2220 755 2284 committere
779 2218 950 2300 dignemini
974 2222 1013 2286 de
1035 2223 1142 2303 gracia
1165 2222 1306 2304 speciali.

524 2325 598 2389 Fiat
621 2323 657 2387 It.
681 2324 725 2388 Et
747 2343 777 2405 q.
799 2328 822 2389 t.
848 2342 872 2388 s.
896 2345 924 2390 a.
948 2325 968 2390 l.
991 2326 1065 2390 Fiat
1087 2327 1124 2391 R.
1149 2328 1187 2391 Ι).
1213 2325 1370 2392 Aninioue
1392 2326 1419 2391 V
1443 2326 1484 2390 id.
1510 2325 1658 2392 Octobris
1682 2346 1710 2392 n.
1734 2331 1857 2392 octavo.

530 2464 1074 2534 fflwfflWSWMssfflMQ

1071 2625 1277 2634 ———-—-

423 2837 544 2901 1176.
566 2833 710 2899 Jclurnni
733 2833 823 2898 Adae
846 2832 883 2896 cle
900 2832 1065 2911 Lomsbo⁸l
1088 2830 1271 2914 procidetnr
1287 2831 1330 2894 ael
1345 2830 1606 2914 supplicationem
1623 2829 1777 2909 Prccnlai,
1793 2830 1932 2913 episcopi

429 2938 698 3014 l⁷ratislariensia
715 2935 753 2999 de
768 2937 956 2999 canonicatu
978 2935 1126 3000 ecclesia
1159 2934 1415 2999 l'ratislariensis
1429 2934 1486 2998 snb
1503 2934 1718 3016 expectatione
1729 2932 1931 3016 praebendae

420 3045 466 3109 ad
497 3043 693 3107 collationem
727 3043 863 3123 episcopi
894 3039 1152 3104 tralatae-tensis
1183 3040 1366 3121 spectantis,
1402 3059 1462 3102 nora
1492 3039 1634 3102 obstante
1664 3041 1699 3100 ut
1720 3037 1756 3101 in
1777 3040 1927 3103 111175.

419 3151 474 3230 ,D.
500 3148 655 3212 Auinr'one
685 3147 714 3206 V
730 3145 773 3208 iri.
800 3144 940 3208 Octobris
965 3167 993 3208 a.
1018 3148 1144 3208 octauo}
1170 3180 1213 3188 —
1242 3146 1279 3206 In
1302 3165 1326 3206 a.
1350 3165 1390 3206 m.
1417 3143 1633 3222 Glopouiensis
1660 3146 1689 3206 ct
1715 3142 1928 3222 Lepnicensis,

430 3250 691 3316 tauretunensis
711 3250 852 3326 diocesis,
870 3248 1105 3312 archidiaconis
1118 3269 1155 3310 ac
1170 3248 1326 3310 sacristae
1341 3246 1564 3310 Ariarioncnsis
1578 3246 1790 3310 ecclesiarum.
1814 3246 1930 3309 Fomna

548 3353 555 3425 Ι
1079 3353 1277 3416 mmm&

495 3424 502 3496 Ι
530 3443 566 3492 .·:
1370 3437 1533 3515 Aninione,
1557 3439 1643 3502 1349
1668 3436 1810 3502 Octobris
1833 3438 1885 3501 11.

466 3512 510 3567 ,Χ
539 3513 581 3565 x.

530 3614 678 3669 Clementis
696 3613 734 3665 vl
748 3615 782 3666 Α.
799 3612 893 3679 Vllllb
911 3616 983 3677 (109)
1002 3611 1020 3664 f.
1040 3617 1193 3678 2601160,
1213 3610 1247 3665 de
1266 3610 1432 3680 praebendis
1451 3610 1588 3665 vacaturis
1607 3627 1652 3679 qn.
1671 3617 1733 3662 2:
1747 3609 1779 3663 V.
1798 3614 1847 3663 196
1866 3608 1885 3662 f.
1898 3615 1931 3662 32

387 3772 389 3775 Α
420 3720 449 3757 n.
466 3708 509 3756 60.
529 3732 563 3741 -
581 3701 648 3770 Reg.
667 3702 696 3755 in
714 3700 822 3755 ZVGA.
840 3698 997 3753 Schlesiens
1016 3699 1101 3765 XXV,
1121 3705 1178 3753 ⁸289.
1198 3729 1231 3737 —
1258 3713 1281 3761 ⁸)
1301 3698 1436 3764 ,Louisco‘
1454 3699 1486 3750 A.

1074 3895 1281 3903 ————-—-

421 4087 546 4155 1177.
569 4084 712 4151 Jobanni
733 4082 825 4148 Adae
849 4084 887 4148 de
910 4084 1086 4162 Lomslco‚¹)
1118 4082 1265 4147 canonico
1299 4082 1548 4156 ibatislanicnsi,
1578 4084 1759 4145 reservatur
1785 4079 1829 4143 ad
1849 4100 1926 4161 sup·

416 4190 627 4276 plicatioruun
653 4187 804 4261 I'rccelai,
828 4188 966 4271 episcopi
995 4186 1262 4263 l'ratislaeiensis,
1286 4186 1427 4266 clipnitas
1451 4207 1505 4251 seu
1524 4188 1713 4268 personatus
1729 4184 1775 4247 cel
1791 4182 1933 4266 officium

423 4295 484 4360 aut
506 4292 687 4374 beneficium
710 4291 956 4356 ecclesiasticum
987 4313 1056 4355 ccrrn
1079 4292 1125 4355 rel
1147 4293 1215 4355 sine
1245 4314 1334 4366 cura,
1366 4292 1456 4355 cuius
1486 4290 1610 4373 quidem
1642 4289 1782 4367 beneficii
1800 4290 1931 4369 fructus

422 4402 468 4464 25
492 4420 573 4480 resp.
599 4399 640 4461 18
662 4417 845 4460 marcarum
868 4396 993 4477 arpenti
1015 4417 1040 4460 s.
1064 4400 1086 4462 t.
1111 4396 1140 4460 d.
1164 4395 1302 4459 calorem
1325 4416 1464 4458 annuum
1488 4414 1549 4457 rmn
1571 4393 1731 4469 excedant,
1755 4393 1784 4455 si
1807 4391 1850 4454 acl
1873 4389 1933 4454 col·-

422 4503 576 4567 lationem
599 4501 735 4583 epsseopr·
767 4501 1025 4565 l'ratislariensis
1055 4501 1236 4564 incivitate
1266 4498 1314 4562 ccl
1344 4497 1458 4562 diocesi
1489 4495 1732 4560 l²ratislariensi
1758 4499 1862 4573 cacat,
1885 4492 1933 4557 vel

423 4629 496 4673 curn
518 4604 689 4678 cacarerit,
725 4625 785 4667 nou
808 4604 957 4681 obstante,
994 4604 1085 4685 ,paracl
1102 4603 1340 4686 parrochialem
1363 4601 1527 4666 ecclesiam
1549 4602 1583 4663 in
1608 4600 1817 4678 Galerianum,
1852 4597 1933 4662 dicte

424 4709 569 4785 diocesis,
594 4708 721 4785 obtines,
738 4711 767 4769 et
782 4708 864 4789 puori
878 4708 936 4770 tibi
950 4709 1041 4771 bodie
1056 4707 1093 4770 de
1113 4709 1302 4771 carronicatu
1324 4707 1381 4770 snb
1404 4705 1621 4789 expectacione
1639 4703 1794 4787 prebende
1810 4701 1934 4767 ecclesie

433 4812 694 4878 l⁷ratislaeiensis
713 4834 773 4893 per
796 4811 881 4875 alias
904 4817 1030 4876 nostras
1053 4813 1178 4875 litteras
1200 4812 1350 4875 ducimus
1368 4810 1607 4894 providendum.
1648 4809 1792 4873 Volumus
1816 4810 1931 4879 autern,

422 4917 518 5000 qnod,
543 4918 777 4998 quamprimum
792 4916 901 4994 fueris
924 4917 1027 4996 cipere
1053 4918 1211 4998 presentis
1240 4916 1347 4995 pracie
1376 4915 1563 4994 dipnitatem
1585 4934 1640 4977 sen
1659 4916 1864 4996 personatum
1886 4909 1935 4974 vel

421 5021 570 5103 officium
594 5025 651 5085 ant
673 5020 853 5101 beneficium
877 5025 991 5083 curata
1010 5019 1144 5101 pacifice
1167 5024 1338 5095 assecutus,
1359 5019 1478 5082 dictam
1502 5018 1737 5100 parrochialem
1760 5015 1933 5090 ecclesiam,

421 5146 523 5208 paam
545 5130 581 5187 ut
598 5128 764 5206 prefertur
786 5124 914 5197 obtines,
939 5145 1095 5205 punarque
1116 5129 1228 5187 extunc
1258 5145 1374 5187 cacare
1396 5124 1599 5200 (laceraturus,
1630 5122 1754 5185 omnino
1777 5119 1935 5183 dianitterc

419 5229 564 5295 tenearis
589 5280 596 5295 .
621 5279 628 5293 .
653 5278 660 5292 .
685 5278 693 5292 .
718 5229 758 5291 D.
779 5228 937 5292 Aninione
972 5230 996 5287 l'
1015 5230 1059 5293 id.
1079 5228 1221 5293 Octobris
1238 5250 1268 5292 a.
1284 5231 1412 5292 actuan‘
1428 5263 1470 5273 --
1487 5229 1677 5291 Enccutores
1692 5230 1728 5287 ut
1743 5225 1777 5289 in
1791 5246 1821 5288 n.
1838 5224 1934 5288 1176.

537 5386 573 5400 -
1004 5335 1119 5397 Forma
1140 5336 1177 5396 ut
1198 5333 1232 5396 in
1254 5355 1284 5395 n.
1311 5334 1361 5396 76.

470 5453 585 5542 11.
1377 5433 1539 5513 nocane,
1563 5436 1649 5498 1349
1675 5431 1816 5498 oneum
1840 5432 1890 5495 11.

536 5606 684 5662 clementis
702 5608 740 5660 lll
759 5610 790 5660 A.
811 5609 906 5676 Vllllb
925 5611 998 5673 (109)
1017 5610 1034 5660 f.
1054 5615 1103 5660 2119
1123 5625 1149 5661 n.
1170 5613 1209 5672 14,
1229 5606 1263 5658 de
1276 5605 1454 5672 dignitatibus
1474 5605 1609 5661 vacaturis
1623 5622 1666 5675 qu.
1683 5610 1738 5658 let
1752 5603 1847 5658 cinicus
1860 5602 1935 5655 :lt

422 5699 479 5749 195
500 5692 520 5745 f.
542 5698 590 5745 153
608 5709 635 5746 n.
656 5700 695 5746 11.
716 5724 746 5732 -
775 5699 798 5760 e)
816 5695 953 5761 ‚Louisco‘
972 5696 1004 5747 A.

1077 5836 1285 5849 ᾖ
