<?xml version="1.0" encoding="UTF-8"?>
<!DOCTYPE html PUBLIC "-//W3C//DTD XHTML 1.0 Transitional//EN"
    "http://www.w3.org/TR/xhtml1/DTD/xhtml1-transitional.dtd">
<html xmlns="http://www.w3.org/1999/xhtml" xml:lang="en" lang="en">
 <head>
  <title>
</title>
<meta http-equiv="Content-Type" content="text/html;charset=utf-8" />
  <meta name='ocr-system' content='tesseract 3.04.00' />
  <meta name='ocr-capabilities' content='ocr_page ocr_carea ocr_par ocr_line ocrx_word'/>
</head>
<body>
  <div class='ocr_page' id='page_1' title='image "./monumentavatica01vatigoog_0727.png"; bbox 0 0 5184 7050; ppageno 0'>
   <div class='ocr_carea' id='block_1_1' title="bbox 1883 843 1944 907">
    <p class='ocr_par' dir='ltr' id='par_1_1' title="bbox 1883 843 1944 907">
     <span class='ocr_line' id='line_1_1' title="bbox 1883 843 1944 907; baseline 0.016 -1"><span class='ocrx_word' id='word_1_1' title='bbox 1883 843 1944 907; x_wconf 76' lang='lat'>705</span> 
     </span>
    </p>
   </div>
   <div class='ocr_carea' id='block_1_2' title="bbox 431 1042 1964 3213">
    <p class='ocr_par' dir='ltr' id='par_1_2' title="bbox 431 1042 1964 3213">
     <span class='ocr_line' id='line_1_2' title="bbox 433 1042 1944 1128; baseline 0.004 -21"><span class='ocrx_word' id='word_1_2' title='bbox 433 1048 472 1107; x_wconf 91' lang='lat' dir='ltr'>tu</span> <span class='ocrx_word' id='word_1_3' title='bbox 504 1042 735 1126; x_wconf 77' lang='lat' dir='ltr'>parrochialem</span> <span class='ocrx_word' id='word_1_4' title='bbox 770 1043 936 1108; x_wconf 86' lang='lat' dir='ltr'>ecclesiam</span> <span class='ocrx_word' id='word_1_5' title='bbox 973 1044 1004 1108; x_wconf 93' lang='lat' dir='ltr'>in</span> <span class='ocrx_word' id='word_1_6' title='bbox 1038 1045 1193 1125; x_wconf 85' lang='lat' dir='ltr'>Rocblitz,</span> <span class='ocrx_word' id='word_1_7' title='bbox 1232 1045 1505 1111; x_wconf 82' lang='lat' dir='ltr'>ll&#39;ratislauiensis</span> <span class='ocrx_word' id='word_1_8' title='bbox 1540 1047 1685 1124; x_wconf 77' lang='lat' dir='ltr'>diocesia,</span> <span class='ocrx_word' id='word_1_9' title='bbox 1722 1053 1754 1110; x_wconf 89' lang='lat' dir='ltr'>et</span> <span class='ocrx_word' id='word_1_10' title='bbox 1788 1049 1944 1128; x_wconf 82' lang='lat' dir='ltr'>qrroudam</span> 
     </span>
     <span class='ocr_line' id='line_1_3' title="bbox 433 1130 1947 1234; baseline 0.003 -23"><span class='ocrx_word' id='word_1_11' title='bbox 433 1144 554 1230; x_wconf 83' lang='lat' dir='ltr'>Symon</span> <span class='ocrx_word' id='word_1_12' title='bbox 588 1148 627 1213; x_wconf 85' lang='lat' dir='ltr'>de</span> <span class='ocrx_word' id='word_1_13' title='bbox 663 1130 839 1213; x_wconf 83' lang='lat' dir='ltr'>blarscllon</span> <span class='ocrx_word' id='word_1_14' title='bbox 871 1151 1090 1214; x_wconf 90' lang='lat' dir='ltr'>canonicatum</span> <span class='ocrx_word' id='word_1_15' title='bbox 1122 1155 1154 1215; x_wconf 89' lang='lat' dir='ltr'>et</span> <span class='ocrx_word' id='word_1_16' title='bbox 1185 1150 1378 1232; x_wconf 71' lang='lat' dir='ltr'>prebendam</span> <span class='ocrx_word' id='word_1_17' title='bbox 1402 1152 1537 1215; x_wconf 89' lang='lat' dir='ltr'>ecclesie</span> <span class='ocrx_word' id='word_1_18' title='bbox 1561 1151 1844 1230; x_wconf 84' lang='lat' dir='ltr'>Wratislauiensis,</span> <span class='ocrx_word' id='word_1_19' title='bbox 1869 1172 1947 1234; x_wconf 83' lang='lat' dir='ltr'>quos</span> 
     </span>
     <span class='ocr_line' id='line_1_4' title="bbox 432 1252 1948 1335; baseline 0.003 -18"><span class='ocrx_word' id='word_1_20' title='bbox 432 1256 512 1317; x_wconf 90' lang='lat' dir='ltr'>tunc</span> <span class='ocrx_word' id='word_1_21' title='bbox 546 1252 699 1335; x_wconf 90' lang='lat' dir='ltr'>temporis</span> <span class='ocrx_word' id='word_1_22' title='bbox 733 1253 936 1332; x_wconf 87' lang='lat' dir='ltr'>obtinebatis,</span> <span class='ocrx_word' id='word_1_23' title='bbox 972 1254 1190 1319; x_wconf 80' lang='lat' dir='ltr'>desiderantes</span> <span class='ocrx_word' id='word_1_24' title='bbox 1223 1254 1295 1318; x_wconf 92' lang='lat' dir='ltr'>illos</span> <span class='ocrx_word' id='word_1_25' title='bbox 1319 1274 1357 1318; x_wconf 84' lang='lat' dir='ltr'>ex</span> <span class='ocrx_word' id='word_1_26' title='bbox 1382 1256 1478 1320; x_wconf 90' lang='lat' dir='ltr'>certis</span> <span class='ocrx_word' id='word_1_27' title='bbox 1503 1255 1607 1319; x_wconf 89' lang='lat' dir='ltr'>causis</span> <span class='ocrx_word' id='word_1_28' title='bbox 1631 1256 1877 1321; x_wconf 79' lang='lat' dir='ltr'>racionabilibus</span> <span class='ocrx_word' id='word_1_29' title='bbox 1901 1259 1948 1322; x_wconf 88' lang='lat' dir='ltr'>in·</span> 
     </span>
     <span class='ocr_line' id='line_1_5' title="bbox 433 1357 1950 1441; baseline 0.004 -21"><span class='ocrx_word' id='word_1_30' title='bbox 433 1357 538 1421; x_wconf 89' lang='lat' dir='ltr'>vicem</span> <span class='ocrx_word' id='word_1_31' title='bbox 561 1364 755 1438; x_wconf 88' lang='lat' dir='ltr'>pennutare,</span> <span class='ocrx_word' id='word_1_32' title='bbox 779 1358 811 1421; x_wconf 92' lang='lat' dir='ltr'>in</span> <span class='ocrx_word' id='word_1_33' title='bbox 833 1357 980 1424; x_wconf 90' lang='lat' dir='ltr'>manibus</span> <span class='ocrx_word' id='word_1_34' title='bbox 1004 1379 1032 1422; x_wconf 87' lang='lat' dir='ltr'>r.</span> <span class='ocrx_word' id='word_1_35' title='bbox 1058 1359 1078 1422; x_wconf 89' lang='lat' dir='ltr'>f.</span> <span class='ocrx_word' id='word_1_36' title='bbox 1103 1378 1132 1422; x_wconf 96' lang='grc' dir='ltr'>ιι.</span> <span class='ocrx_word' id='word_1_37' title='bbox 1158 1359 1308 1437; x_wconf 88' lang='lat' dir='ltr'>Preczlai,</span> <span class='ocrx_word' id='word_1_38' title='bbox 1333 1359 1475 1441; x_wconf 78' lang='lat' dir='ltr'>episcopi</span> <span class='ocrx_word' id='word_1_39' title='bbox 1492 1358 1776 1438; x_wconf 87' lang='lat' dir='ltr'>Wratislauiensis,</span> <span class='ocrx_word' id='word_1_40' title='bbox 1794 1380 1831 1424; x_wconf 84' lang='lat' dir='ltr'>ex</span> <span class='ocrx_word' id='word_1_41' title='bbox 1855 1378 1950 1426; x_wconf 88' lang='lat' dir='ltr'>causa</span> 
     </span>
     <span class='ocr_line' id='line_1_6' title="bbox 433 1461 1947 1545; baseline 0.004 -20"><span class='ocrx_word' id='word_1_42' title='bbox 433 1461 688 1544; x_wconf 88' lang='lat' dir='ltr'>permutacinnis</span> <span class='ocrx_word' id='word_1_43' title='bbox 711 1462 892 1527; x_wconf 90' lang='lat' dir='ltr'>huiusmodi</span> <span class='ocrx_word' id='word_1_44' title='bbox 915 1463 1112 1543; x_wconf 79' lang='lat' dir='ltr'>resignastis,</span> <span class='ocrx_word' id='word_1_45' title='bbox 1136 1463 1282 1545; x_wconf 81' lang='lat' dir='ltr'>iclernquo</span> <span class='ocrx_word' id='word_1_46' title='bbox 1306 1464 1486 1545; x_wconf 74' lang='lat' dir='ltr'>episcopua,</span> <span class='ocrx_word' id='word_1_47' title='bbox 1517 1463 1696 1528; x_wconf 90' lang='lat' dir='ltr'>huiusmodi</span> <span class='ocrx_word' id='word_1_48' title='bbox 1729 1465 1947 1543; x_wconf 69' lang='lat' dir='ltr'>resignatione</span> 
     </span>
     <span class='ocr_line' id='line_1_7' title="bbox 434 1566 1946 1649; baseline 0.003 -18"><span class='ocrx_word' id='word_1_49' title='bbox 434 1584 495 1648; x_wconf 90' lang='lat' dir='ltr'>per</span> <span class='ocrx_word' id='word_1_50' title='bbox 518 1584 590 1630; x_wconf 91' lang='lat' dir='ltr'>eum</span> <span class='ocrx_word' id='word_1_51' title='bbox 612 1567 804 1631; x_wconf 89' lang='lat' dir='ltr'>auctoritate</span> <span class='ocrx_word' id='word_1_52' title='bbox 827 1566 988 1631; x_wconf 89' lang='lat' dir='ltr'>ordinaria</span> <span class='ocrx_word' id='word_1_53' title='bbox 1012 1572 1151 1649; x_wconf 88' lang='lat' dir='ltr'>recepta,</span> <span class='ocrx_word' id='word_1_54' title='bbox 1175 1567 1233 1631; x_wconf 90' lang='lat' dir='ltr'>tibi</span> <span class='ocrx_word' id='word_1_55' title='bbox 1262 1569 1480 1632; x_wconf 75' lang='lat' dir='ltr'>canctnicatum</span> <span class='ocrx_word' id='word_1_56' title='bbox 1510 1574 1543 1632; x_wconf 91' lang='lat' dir='ltr'>et</span> <span class='ocrx_word' id='word_1_57' title='bbox 1574 1567 1767 1649; x_wconf 88' lang='lat' dir='ltr'>prebendam</span> <span class='ocrx_word' id='word_1_58' title='bbox 1797 1576 1831 1634; x_wconf 88' lang='lat' dir='ltr'>et</span> <span class='ocrx_word' id='word_1_59' title='bbox 1862 1571 1946 1636; x_wconf 89' lang='lat' dir='ltr'>dicto</span> 
     </span>
     <span class='ocr_line' id='line_1_8' title="bbox 435 1670 1946 1755; baseline 0.003 -18"><span class='ocrx_word' id='word_1_60' title='bbox 435 1670 564 1753; x_wconf 87' lang='lat' dir='ltr'>Symoui</span> <span class='ocrx_word' id='word_1_61' title='bbox 588 1670 820 1755; x_wconf 84' lang='lat' dir='ltr'>parrochialem</span> <span class='ocrx_word' id='word_1_62' title='bbox 844 1671 1010 1737; x_wconf 86' lang='lat' dir='ltr'>ecclesiam</span> <span class='ocrx_word' id='word_1_63' title='bbox 1034 1673 1203 1753; x_wconf 87' lang='lat' dir='ltr'>predictos,</span> <span class='ocrx_word' id='word_1_64' title='bbox 1229 1673 1274 1737; x_wconf 90' lang='lat' dir='ltr'>sic</span> <span class='ocrx_word' id='word_1_65' title='bbox 1298 1679 1459 1751; x_wconf 75' lang='lat' dir='ltr'>vacantes</span> <span class='ocrx_word' id='word_1_66' title='bbox 1484 1692 1554 1736; x_wconf 91' lang='lat' dir='ltr'>cum</span> <span class='ocrx_word' id='word_1_67' title='bbox 1586 1674 1731 1738; x_wconf 91' lang='lat' dir='ltr'>omnibus</span> <span class='ocrx_word' id='word_1_68' title='bbox 1762 1675 1884 1740; x_wconf 91' lang='lat' dir='ltr'>iuribus</span> <span class='ocrx_word' id='word_1_69' title='bbox 1915 1684 1946 1740; x_wconf 91' lang='lat' dir='ltr'>et</span> 
     </span>
     <span class='ocr_line' id='line_1_9' title="bbox 434 1775 1945 1862; baseline 0.005 -24"><span class='ocrx_word' id='word_1_70' title='bbox 434 1775 642 1856; x_wconf 69' lang='lat' dir='ltr'>pertinenciis</span> <span class='ocrx_word' id='word_1_71' title='bbox 673 1776 740 1839; x_wconf 91' lang='lat' dir='ltr'>suis</span> <span class='ocrx_word' id='word_1_72' title='bbox 770 1776 882 1839; x_wconf 87' lang='lat' dir='ltr'>eadem</span> <span class='ocrx_word' id='word_1_73' title='bbox 912 1775 1104 1841; x_wconf 88' lang='lat' dir='ltr'>auctoritate</span> <span class='ocrx_word' id='word_1_74' title='bbox 1136 1777 1270 1841; x_wconf 89' lang='lat' dir='ltr'>contulit</span> <span class='ocrx_word' id='word_1_75' title='bbox 1293 1782 1326 1840; x_wconf 87' lang='lat' dir='ltr'>et</span> <span class='ocrx_word' id='word_1_76' title='bbox 1348 1777 1487 1859; x_wconf 83' lang='lat' dir='ltr'>providit</span> <span class='ocrx_word' id='word_1_77' title='bbox 1510 1779 1608 1841; x_wconf 69' lang='lat' dir='ltr'>citiam</span> <span class='ocrx_word' id='word_1_78' title='bbox 1632 1778 1671 1841; x_wconf 88' lang='lat' dir='ltr'>de</span> <span class='ocrx_word' id='word_1_79' title='bbox 1695 1778 1824 1857; x_wconf 84' lang='lat' dir='ltr'>eisdem,</span> <span class='ocrx_word' id='word_1_80' title='bbox 1848 1785 1945 1862; x_wconf 88' lang='lat' dir='ltr'>tuque</span> 
     </span>
     <span class='ocr_line' id='line_1_10' title="bbox 434 1879 1946 1965; baseline 0.003 -21"><span class='ocrx_word' id='word_1_81' title='bbox 434 1879 637 1963; x_wconf 89' lang='lat' dir='ltr'>postmodum</span> <span class='ocrx_word' id='word_1_82' title='bbox 668 1880 755 1961; x_wconf 87' lang='lat' dir='ltr'>ipsos</span> <span class='ocrx_word' id='word_1_83' title='bbox 787 1880 1005 1944; x_wconf 85' lang='lat' dir='ltr'>carronicatum</span> <span class='ocrx_word' id='word_1_84' title='bbox 1040 1887 1073 1943; x_wconf 84' lang='lat' dir='ltr'>ct</span> <span class='ocrx_word' id='word_1_85' title='bbox 1106 1881 1300 1962; x_wconf 87' lang='lat' dir='ltr'>prebendam</span> <span class='ocrx_word' id='word_1_86' title='bbox 1334 1883 1440 1964; x_wconf 78' lang='lat' dir='ltr'>vigore</span> <span class='ocrx_word' id='word_1_87' title='bbox 1476 1881 1657 1946; x_wconf 88' lang='lat' dir='ltr'>collacionis</span> <span class='ocrx_word' id='word_1_88' title='bbox 1692 1891 1724 1946; x_wconf 92' lang='lat' dir='ltr'>et</span> <span class='ocrx_word' id='word_1_89' title='bbox 1757 1885 1946 1965; x_wconf 86' lang='lat' dir='ltr'>provisionis</span> 
     </span>
     <span class='ocr_line' id='line_1_11' title="bbox 435 1984 1946 2069; baseline 0.003 -21"><span class='ocrx_word' id='word_1_90' title='bbox 435 1984 617 2050; x_wconf 90' lang='lat' dir='ltr'>huiusmodi</span> <span class='ocrx_word' id='word_1_91' title='bbox 640 1990 806 2051; x_wconf 90' lang='lat' dir='ltr'>assecutus</span> <span class='ocrx_word' id='word_1_92' title='bbox 840 1984 930 2050; x_wconf 88' lang='lat' dir='ltr'>luisti</span> <span class='ocrx_word' id='word_1_93' title='bbox 965 1985 1114 2066; x_wconf 86' lang='lat' dir='ltr'>ipsosque</span> <span class='ocrx_word' id='word_1_94' title='bbox 1148 1986 1330 2066; x_wconf 81' lang='lat' dir='ltr'>possedisti,</span> <span class='ocrx_word' id='word_1_95' title='bbox 1362 1987 1444 2050; x_wconf 86' lang='lat' dir='ltr'>sieut</span> <span class='ocrx_word' id='word_1_96' title='bbox 1466 1986 1569 2050; x_wconf 85' lang='lat' dir='ltr'>adbuc</span> <span class='ocrx_word' id='word_1_97' title='bbox 1593 1987 1737 2067; x_wconf 86' lang='lat' dir='ltr'>possides</span> <span class='ocrx_word' id='word_1_98' title='bbox 1761 1986 1890 2069; x_wconf 83' lang='lat' dir='ltr'>pacifice</span> <span class='ocrx_word' id='word_1_99' title='bbox 1914 1996 1946 2052; x_wconf 89' lang='lat' dir='ltr'>et</span> 
     </span>
     <span class='ocr_line' id='line_1_12' title="bbox 433 2089 1941 2171; baseline 0.002 -18"><span class='ocrx_word' id='word_1_100' title='bbox 433 2090 552 2171; x_wconf 87' lang='lat' dir='ltr'>quiete.</span> <span class='ocrx_word' id='word_1_101' title='bbox 576 2089 693 2153; x_wconf 88' lang='lat' dir='ltr'>Verum</span> <span class='ocrx_word' id='word_1_102' title='bbox 716 2090 801 2170; x_wconf 91' lang='lat' dir='ltr'>quia,</span> <span class='ocrx_word' id='word_1_103' title='bbox 826 2090 909 2153; x_wconf 87' lang='lat' dir='ltr'>sicut</span> <span class='ocrx_word' id='word_1_104' title='bbox 931 2089 1043 2153; x_wconf 90' lang='lat' dir='ltr'>eadem</span> <span class='ocrx_word' id='word_1_105' title='bbox 1067 2090 1183 2170; x_wconf 70' lang='lat' dir='ltr'>pretiolo</span> <span class='ocrx_word' id='word_1_106' title='bbox 1207 2090 1426 2171; x_wconf 80' lang='lat' dir='ltr'>subiungebat,</span> <span class='ocrx_word' id='word_1_107' title='bbox 1451 2097 1486 2156; x_wconf 92' lang='lat' dir='ltr'>tu</span> <span class='ocrx_word' id='word_1_108' title='bbox 1509 2091 1637 2155; x_wconf 81' lang='lat' dir='ltr'>dubitas</span> <span class='ocrx_word' id='word_1_109' title='bbox 1668 2092 1885 2157; x_wconf 87' lang='lat' dir='ltr'>canonicatum</span> <span class='ocrx_word' id='word_1_110' title='bbox 1911 2098 1941 2156; x_wconf 91' lang='lat' dir='ltr'>et</span> 
     </span>
     <span class='ocr_line' id='line_1_13' title="bbox 432 2193 1943 2277; baseline 0.002 -19"><span class='ocrx_word' id='word_1_111' title='bbox 432 2193 629 2277; x_wconf 85' lang='lat' dir='ltr'>prebendam</span> <span class='ocrx_word' id='word_1_112' title='bbox 654 2193 815 2274; x_wconf 88' lang='lat' dir='ltr'>predictos</span> <span class='ocrx_word' id='word_1_113' title='bbox 838 2198 982 2275; x_wconf 85' lang='lat' dir='ltr'>ternpore</span> <span class='ocrx_word' id='word_1_114' title='bbox 1005 2193 1187 2258; x_wconf 82' lang='lat' dir='ltr'>collusionis</span> <span class='ocrx_word' id='word_1_115' title='bbox 1211 2202 1242 2258; x_wconf 88' lang='lat' dir='ltr'>et</span> <span class='ocrx_word' id='word_1_116' title='bbox 1267 2195 1455 2274; x_wconf 75' lang='lat' dir='ltr'>provisionis</span> <span class='ocrx_word' id='word_1_117' title='bbox 1480 2194 1657 2258; x_wconf 87' lang='lat' dir='ltr'>huiusmodi</span> <span class='ocrx_word' id='word_1_118' title='bbox 1682 2195 1749 2259; x_wconf 88' lang='lat' dir='ltr'>fore</span> <span class='ocrx_word' id='word_1_119' title='bbox 1780 2196 1943 2261; x_wconf 89' lang='lat' dir='ltr'>collacioni</span> 
     </span>
     <span class='ocr_line' id='line_1_14' title="bbox 433 2296 1945 2381; baseline 0.001 -18"><span class='ocrx_word' id='word_1_120' title='bbox 433 2297 609 2381; x_wconf 88' lang='lat' dir='ltr'>apostolice</span> <span class='ocrx_word' id='word_1_121' title='bbox 631 2303 822 2375; x_wconf 90' lang='lat' dir='ltr'>reservatos,</span> <span class='ocrx_word' id='word_1_122' title='bbox 846 2297 937 2361; x_wconf 91' lang='lat' dir='ltr'>nobis</span> <span class='ocrx_word' id='word_1_123' title='bbox 960 2296 1122 2361; x_wconf 89' lang='lat' dir='ltr'>humiliter</span> <span class='ocrx_word' id='word_1_124' title='bbox 1145 2299 1330 2378; x_wconf 86' lang='lat' dir='ltr'>supplicasti</span> <span class='ocrx_word' id='word_1_125' title='bbox 1356 2299 1412 2361; x_wconf 85' lang='lat' dir='ltr'>tibi</span> <span class='ocrx_word' id='word_1_126' title='bbox 1437 2316 1533 2379; x_wconf 89' lang='lat' dir='ltr'>super</span> <span class='ocrx_word' id='word_1_127' title='bbox 1556 2299 1614 2362; x_wconf 86' lang='lat' dir='ltr'>hoe</span> <span class='ocrx_word' id='word_1_128' title='bbox 1646 2299 1685 2361; x_wconf 86' lang='lat' dir='ltr'>de</span> <span class='ocrx_word' id='word_1_129' title='bbox 1718 2305 1872 2380; x_wconf 75' lang='lat' dir='ltr'>opomuuo</span> <span class='ocrx_word' id='word_1_130' title='bbox 1896 2320 1945 2365; x_wconf 88' lang='lat' dir='ltr'>re·-</span> 
     </span>
     <span class='ocr_line' id='line_1_15' title="bbox 434 2402 1942 2484; baseline 0.002 -18"><span class='ocrx_word' id='word_1_131' title='bbox 434 2402 540 2467; x_wconf 88' lang='lat' dir='ltr'>medio</span> <span class='ocrx_word' id='word_1_132' title='bbox 563 2402 732 2484; x_wconf 83' lang='lat' dir='ltr'>provideri.</span> <span class='ocrx_word' id='word_1_133' title='bbox 758 2403 824 2466; x_wconf 87' lang='lat' dir='ltr'>Nos</span> <span class='ocrx_word' id='word_1_134' title='bbox 847 2403 965 2483; x_wconf 88' lang='lat' dir='ltr'>itaque,</span> <span class='ocrx_word' id='word_1_135' title='bbox 988 2402 1053 2465; x_wconf 90' lang='lat' dir='ltr'>tuis</span> <span class='ocrx_word' id='word_1_136' title='bbox 1077 2402 1108 2465; x_wconf 91' lang='lat' dir='ltr'>iu</span> <span class='ocrx_word' id='word_1_137' title='bbox 1131 2403 1191 2466; x_wconf 88' lang='lat' dir='ltr'>hac</span> <span class='ocrx_word' id='word_1_138' title='bbox 1210 2409 1303 2483; x_wconf 88' lang='lat' dir='ltr'>parte</span> <span class='ocrx_word' id='word_1_139' title='bbox 1320 2403 1610 2483; x_wconf 87' lang='lat' dir='ltr'>supplicacionibus</span> <span class='ocrx_word' id='word_1_140' title='bbox 1628 2402 1780 2481; x_wconf 83' lang='lat' dir='ltr'>inclinati,</span> <span class='ocrx_word' id='word_1_141' title='bbox 1798 2404 1942 2469; x_wconf 88' lang='lat' dir='ltr'>volnnrus</span> 
     </span>
     <span class='ocr_line' id='line_1_16' title="bbox 433 2506 1943 2591; baseline 0.001 -19"><span class='ocrx_word' id='word_1_142' title='bbox 433 2514 470 2572; x_wconf 90' lang='lat' dir='ltr'>et</span> <span class='ocrx_word' id='word_1_143' title='bbox 491 2507 560 2585; x_wconf 90' lang='lat' dir='ltr'>tibi,</span> <span class='ocrx_word' id='word_1_144' title='bbox 584 2508 615 2570; x_wconf 94' lang='lat' dir='ltr'>in</span> <span class='ocrx_word' id='word_1_145' title='bbox 639 2506 809 2571; x_wconf 88' lang='lat' dir='ltr'>Lubiceusi</span> <span class='ocrx_word' id='word_1_146' title='bbox 834 2512 866 2570; x_wconf 93' lang='lat' dir='ltr'>et</span> <span class='ocrx_word' id='word_1_147' title='bbox 889 2507 921 2570; x_wconf 91' lang='lat' dir='ltr'>in</span> <span class='ocrx_word' id='word_1_148' title='bbox 953 2511 1063 2571; x_wconf 88' lang='lat' dir='ltr'>sancte</span> <span class='ocrx_word' id='word_1_149' title='bbox 1087 2506 1198 2571; x_wconf 78' lang='lat' dir='ltr'>Crucis</span> <span class='ocrx_word' id='word_1_150' title='bbox 1222 2507 1495 2571; x_wconf 81' lang='lat' dir='ltr'>Wratislauiensis</span> <span class='ocrx_word' id='word_1_151' title='bbox 1528 2513 1561 2570; x_wconf 92' lang='lat' dir='ltr'>et</span> <span class='ocrx_word' id='word_1_152' title='bbox 1596 2508 1626 2570; x_wconf 95' lang='lat' dir='ltr'>in</span> <span class='ocrx_word' id='word_1_153' title='bbox 1662 2509 1763 2572; x_wconf 89' lang='lat' dir='ltr'>sancti</span> <span class='ocrx_word' id='word_1_154' title='bbox 1800 2509 1943 2591; x_wconf 86' lang='lat' dir='ltr'>Sepulcri</span> 
     </span>
     <span class='ocr_line' id='line_1_17' title="bbox 433 2610 1944 2694; baseline 0.002 -18"><span class='ocrx_word' id='word_1_155' title='bbox 433 2610 641 2694; x_wconf 79' lang='lat' dir='ltr'>haginoensis</span> <span class='ocrx_word' id='word_1_156' title='bbox 664 2612 819 2688; x_wconf 76' lang='lat' dir='ltr'>ecclesiis</span> <span class='ocrx_word' id='word_1_157' title='bbox 844 2612 928 2676; x_wconf 88' lang='lat' dir='ltr'>dicte</span> <span class='ocrx_word' id='word_1_158' title='bbox 951 2611 1097 2689; x_wconf 83' lang='lat' dir='ltr'>diocesis,</span> <span class='ocrx_word' id='word_1_159' title='bbox 1122 2612 1325 2675; x_wconf 78' lang='lat' dir='ltr'>canonicatus</span> <span class='ocrx_word' id='word_1_160' title='bbox 1346 2618 1378 2674; x_wconf 86' lang='lat' dir='ltr'>et</span> <span class='ocrx_word' id='word_1_161' title='bbox 1394 2612 1571 2692; x_wconf 86' lang='lat' dir='ltr'>prebendas</span> <span class='ocrx_word' id='word_1_162' title='bbox 1587 2612 1752 2691; x_wconf 80' lang='lat' dir='ltr'>obtinenti,</span> <span class='ocrx_word' id='word_1_163' title='bbox 1769 2615 1944 2694; x_wconf 88' lang='lat' dir='ltr'>apostolica</span> 
     </span>
     <span class='ocr_line' id='line_1_18' title="bbox 431 2715 1943 2798; baseline 0.002 -18"><span class='ocrx_word' id='word_1_164' title='bbox 431 2717 628 2782; x_wconf 86' lang='lat' dir='ltr'>auctoritate</span> <span class='ocrx_word' id='word_1_165' title='bbox 652 2717 862 2794; x_wconf 72' lang='lat' dir='ltr'>concedimus</span> <span class='ocrx_word' id='word_1_166' title='bbox 886 2716 970 2798; x_wconf 79' lang='lat' dir='ltr'>quod</span> <span class='ocrx_word' id='word_1_167' title='bbox 994 2715 1124 2781; x_wconf 88' lang='lat' dir='ltr'>collacio</span> <span class='ocrx_word' id='word_1_168' title='bbox 1148 2720 1181 2779; x_wconf 89' lang='lat' dir='ltr'>et</span> <span class='ocrx_word' id='word_1_169' title='bbox 1205 2717 1343 2797; x_wconf 69' lang='lat' dir='ltr'>planisio</span> <span class='ocrx_word' id='word_1_170' title='bbox 1366 2716 1554 2794; x_wconf 85' lang='lat' dir='ltr'>luriusmodi,</span> <span class='ocrx_word' id='word_1_171' title='bbox 1592 2723 1626 2780; x_wconf 92' lang='lat' dir='ltr'>nt</span> <span class='ocrx_word' id='word_1_172' title='bbox 1657 2718 1854 2798; x_wconf 87' lang='lat' dir='ltr'>premittitur</span> <span class='ocrx_word' id='word_1_173' title='bbox 1884 2719 1943 2783; x_wconf 92' lang='lat' dir='ltr'>tibi</span> 
     </span>
     <span class='ocr_line' id='line_1_19' title="bbox 431 2820 1942 2902; baseline 0.001 -16"><span class='ocrx_word' id='word_1_174' title='bbox 431 2820 530 2898; x_wconf 71' lang='lat' dir='ltr'>facto</span> <span class='ocrx_word' id='word_1_175' title='bbox 554 2827 587 2885; x_wconf 92' lang='lat' dir='ltr'>et</span> <span class='ocrx_word' id='word_1_176' title='bbox 611 2821 674 2885; x_wconf 88' lang='lat' dir='ltr'>alia</span> <span class='ocrx_word' id='word_1_177' title='bbox 696 2821 770 2884; x_wconf 88' lang='lat' dir='ltr'>indo</span> <span class='ocrx_word' id='word_1_178' title='bbox 793 2825 904 2885; x_wconf 90' lang='lat' dir='ltr'>secuta</span> <span class='ocrx_word' id='word_1_179' title='bbox 925 2820 1058 2902; x_wconf 84' lang='lat' dir='ltr'>perinde</span> <span class='ocrx_word' id='word_1_180' title='bbox 1081 2822 1208 2884; x_wconf 87' lang='lat' dir='ltr'>valeant</span> <span class='ocrx_word' id='word_1_181' title='bbox 1231 2826 1263 2883; x_wconf 87' lang='lat' dir='ltr'>et</span> <span class='ocrx_word' id='word_1_182' title='bbox 1286 2821 1412 2902; x_wconf 89' lang='lat' dir='ltr'>plenam</span> <span class='ocrx_word' id='word_1_183' title='bbox 1432 2821 1597 2884; x_wconf 67' lang='lat' dir='ltr'>cabtincant</span> <span class='ocrx_word' id='word_1_184' title='bbox 1612 2822 1734 2885; x_wconf 90' lang='lat' dir='ltr'>roboris</span> <span class='ocrx_word' id='word_1_185' title='bbox 1751 2821 1942 2900; x_wconf 85' lang='lat' dir='ltr'>firmitatem,</span> 
     </span>
     <span class='ocr_line' id='line_1_20' title="bbox 433 2925 1964 3006; baseline 0.001 -17"><span class='ocrx_word' id='word_1_186' title='bbox 433 2944 474 2989; x_wconf 88' lang='lat' dir='ltr'>ac</span> <span class='ocrx_word' id='word_1_187' title='bbox 497 2925 525 2989; x_wconf 90' lang='lat' dir='ltr'>si</span> <span class='ocrx_word' id='word_1_188' title='bbox 549 2925 588 2989; x_wconf 91' lang='lat' dir='ltr'>de</span> <span class='ocrx_word' id='word_1_189' title='bbox 612 2925 798 2988; x_wconf 87' lang='lat' dir='ltr'>canonicatu</span> <span class='ocrx_word' id='word_1_190' title='bbox 823 2930 856 2988; x_wconf 90' lang='lat' dir='ltr'>et</span> <span class='ocrx_word' id='word_1_191' title='bbox 879 2925 1040 3005; x_wconf 83' lang='lat' dir='ltr'>prebenda</span> <span class='ocrx_word' id='word_1_192' title='bbox 1063 2925 1215 3006; x_wconf 82' lang='lat' dir='ltr'>predictis</span> <span class='ocrx_word' id='word_1_193' title='bbox 1238 2925 1325 2988; x_wconf 82' lang='lat' dir='ltr'>ncrlla</span> <span class='ocrx_word' id='word_1_194' title='bbox 1350 2944 1406 3005; x_wconf 88' lang='lat' dir='ltr'>per</span> <span class='ocrx_word' id='word_1_195' title='bbox 1426 2944 1482 2989; x_wconf 92' lang='lat' dir='ltr'>nos</span> <span class='ocrx_word' id='word_1_196' title='bbox 1499 2925 1648 3006; x_wconf 87' lang='lat' dir='ltr'>specialis</span> <span class='ocrx_word' id='word_1_197' title='bbox 1665 2927 1841 2991; x_wconf 87' lang='lat' dir='ltr'>rese1·vacio</span> <span class='ocrx_word' id='word_1_198' title='bbox 1858 2926 1964 2992; x_wconf 77' lang='lat' dir='ltr'>iacta·</span> 
     </span>
     <span class='ocr_line' id='line_1_21' title="bbox 432 3028 1939 3113; baseline 0.001 -19"><span class='ocrx_word' id='word_1_199' title='bbox 432 3029 527 3094; x_wconf 81' lang='lat' dir='ltr'>foret</span> <span class='ocrx_word' id='word_1_200' title='bbox 572 3028 660 3095; x_wconf 91' lang='lat' dir='ltr'>Nulli</span> <span class='ocrx_word' id='word_1_201' title='bbox 685 3048 761 3112; x_wconf 83' lang='lat' dir='ltr'>ergo</span> <span class='ocrx_word' id='word_1_202' title='bbox 785 3035 845 3093; x_wconf 87' lang='lat' dir='ltr'>otc.</span> <span class='ocrx_word' id='word_1_203' title='bbox 869 3035 976 3093; x_wconf 91' lang='lat' dir='ltr'>nostre</span> <span class='ocrx_word' id='word_1_204' title='bbox 1001 3029 1174 3093; x_wconf 69' lang='lat' dir='ltr'>voluntatis</span> <span class='ocrx_word' id='word_1_205' title='bbox 1197 3035 1231 3093; x_wconf 90' lang='lat' dir='ltr'>et</span> <span class='ocrx_word' id='word_1_206' title='bbox 1254 3029 1466 3093; x_wconf 86' lang='lat' dir='ltr'>concessionis</span> <span class='ocrx_word' id='word_1_207' title='bbox 1491 3029 1662 3111; x_wconf 85' lang='lat' dir='ltr'>iufringere</span> <span class='ocrx_word' id='word_1_208' title='bbox 1686 3035 1745 3095; x_wconf 91' lang='lat' dir='ltr'>etc.</span> <span class='ocrx_word' id='word_1_209' title='bbox 1792 3030 1831 3094; x_wconf 90' lang='lat' dir='ltr'>D.</span> <span class='ocrx_word' id='word_1_210' title='bbox 1856 3031 1939 3113; x_wconf 87' lang='lat' dir='ltr'>apud</span> 
     </span>
     <span class='ocr_line' id='line_1_22' title="bbox 432 3132 1887 3213; baseline -0.001 -16"><span class='ocrx_word' id='word_1_211' title='bbox 432 3132 676 3212; x_wconf 87' lang='lat' dir='ltr'>Villamnouam,</span> <span class='ocrx_word' id='word_1_212' title='bbox 701 3135 737 3198; x_wconf 83' lang='grc' dir='ltr'>Α.</span> <span class='ocrx_word' id='word_1_213' title='bbox 763 3134 803 3213; x_wconf 71' lang='lat' dir='ltr'>d,</span> <span class='ocrx_word' id='word_1_214' title='bbox 827 3134 893 3199; x_wconf 94' lang='lat' dir='ltr'>llll</span> <span class='ocrx_word' id='word_1_215' title='bbox 918 3134 959 3197; x_wconf 90' lang='lat' dir='ltr'>id.</span> <span class='ocrx_word' id='word_1_216' title='bbox 986 3133 1063 3196; x_wconf 90' lang='lat' dir='ltr'>Maii</span> <span class='ocrx_word' id='word_1_217' title='bbox 1087 3154 1115 3198; x_wconf 89' lang='lat' dir='ltr'>a.</span> <span class='ocrx_word' id='word_1_218' title='bbox 1140 3152 1231 3197; x_wconf 85' lang='lat' dir='ltr'>norro.</span> <span class='ocrx_word' id='word_1_219' title='bbox 1872 3138 1887 3161; x_wconf 75' lang='lat'><em>⁰</em></span> 
     </span>
    </p>
   </div>
   <div class='ocr_carea' id='block_1_3' title="bbox 430 3200 1940 3529">
    <p class='ocr_par' dir='ltr' id='par_1_3' title="bbox 1850 3200 1882 3233">
     <span class='ocr_line' id='line_1_23' title="bbox 1850 3200 1882 3233; baseline 0 -20"><span class='ocrx_word' id='word_1_220' title='bbox 1850 3200 1882 3233; x_wconf 49' lang='grc' dir='ltr'>ι..</span> 
     </span>
    </p>

    <p class='ocr_par' dir='ltr' id='par_1_4' title="bbox 430 3288 1940 3529">
     <span class='ocr_line' id='line_1_24' title="bbox 539 3288 1939 3357; baseline 0.001 -17"><span class='ocrx_word' id='word_1_221' title='bbox 539 3288 687 3343; x_wconf 74' lang='lat' dir='ltr'>Clementis</span> <span class='ocrx_word' id='word_1_222' title='bbox 706 3289 745 3342; x_wconf 89' lang='lat' dir='ltr'>VI</span> <span class='ocrx_word' id='word_1_223' title='bbox 764 3291 797 3342; x_wconf 78' lang='lat' dir='ltr'>A.</span> <span class='ocrx_word' id='word_1_224' title='bbox 815 3289 883 3354; x_wconf 72' lang='lat' dir='ltr'>Dis</span> <span class='ocrx_word' id='word_1_225' title='bbox 903 3293 975 3356; x_wconf 74' lang='lat' dir='ltr'>(lla)</span> <span class='ocrx_word' id='word_1_226' title='bbox 994 3291 1012 3342; x_wconf 84' lang='lat' dir='ltr'>f.</span> <span class='ocrx_word' id='word_1_227' title='bbox 1032 3292 1074 3341; x_wconf 75' lang='lat' dir='ltr'>tl&#39;</span> <span class='ocrx_word' id='word_1_228' title='bbox 1094 3307 1119 3342; x_wconf 93' lang='lat' dir='ltr'>n.</span> <span class='ocrx_word' id='word_1_229' title='bbox 1140 3295 1197 3356; x_wconf 75' lang='grc'>663,</span> <span class='ocrx_word' id='word_1_230' title='bbox 1218 3288 1388 3342; x_wconf 82' lang='lat' dir='ltr'>diversarum</span> <span class='ocrx_word' id='word_1_231' title='bbox 1406 3288 1555 3341; x_wconf 87' lang='lat' dir='ltr'>fornrarum</span> <span class='ocrx_word' id='word_1_232' title='bbox 1572 3306 1616 3357; x_wconf 84' lang='lat' dir='ltr'>qu.</span> <span class='ocrx_word' id='word_1_233' title='bbox 1628 3293 1653 3355; x_wconf 86' lang='lat'>8,</span> <span class='ocrx_word' id='word_1_234' title='bbox 1664 3288 1772 3342; x_wconf 88' lang='lat' dir='ltr'>rubrica</span> <span class='ocrx_word' id='word_1_235' title='bbox 1790 3289 1848 3342; x_wconf 88' lang='lat' dir='ltr'>sela</span> <span class='ocrx_word' id='word_1_236' title='bbox 1862 3294 1939 3357; x_wconf 69' lang='lat' dir='ltr'>(crua-</span> 
     </span>
     <span class='ocr_line' id='line_1_25' title="bbox 430 3373 1940 3446; baseline 0.001 -18"><span class='ocrx_word' id='word_1_237' title='bbox 430 3381 531 3428; x_wconf 87' lang='lat' dir='ltr'>ternas</span> <span class='ocrx_word' id='word_1_238' title='bbox 549 3373 667 3439; x_wconf 83' lang='lat' dir='ltr'>deficit);</span> <span class='ocrx_word' id='word_1_239' title='bbox 687 3374 796 3429; x_wconf 84' lang='lat' dir='ltr'>litterae</span> <span class='ocrx_word' id='word_1_240' title='bbox 815 3375 843 3428; x_wconf 91' lang='lat' dir='ltr'>iu</span> <span class='ocrx_word' id='word_1_241' title='bbox 863 3375 894 3428; x_wconf 93' lang='lat' dir='ltr'>V.</span> <span class='ocrx_word' id='word_1_242' title='bbox 915 3383 964 3429; x_wconf 70' lang='lat'>203</span> <span class='ocrx_word' id='word_1_243' title='bbox 984 3376 1001 3429; x_wconf 90' lang='lat' dir='ltr'>t&#39;.</span> <span class='ocrx_word' id='word_1_244' title='bbox 1025 3383 1071 3429; x_wconf 75' lang='grc'>147</span> <span class='ocrx_word' id='word_1_245' title='bbox 1091 3394 1117 3430; x_wconf 91' lang='grc' dir='ltr'>ιι.</span> <span class='ocrx_word' id='word_1_246' title='bbox 1131 3382 1180 3427; x_wconf 72' lang='lat' dir='ltr'>dee</span> <span class='ocrx_word' id='word_1_247' title='bbox 1195 3376 1271 3446; x_wconf 87' lang='lat' dir='ltr'>(sicl)</span> <span class='ocrx_word' id='word_1_248' title='bbox 1295 3409 1312 3413; x_wconf 93' lang='lat'>-—</span> <span class='ocrx_word' id='word_1_249' title='bbox 1332 3376 1396 3444; x_wconf 73' lang='lat' dir='ltr'>Reg.</span> <span class='ocrx_word' id='word_1_250' title='bbox 1412 3376 1548 3429; x_wconf 72' lang='lat' dir='ltr'>iontem</span> <span class='ocrx_word' id='word_1_251' title='bbox 1565 3375 1722 3430; x_wconf 85' lang='lat' dir='ltr'>Sclrlesiens</span> <span class='ocrx_word' id='word_1_252' title='bbox 1742 3375 1825 3443; x_wconf 82' lang='lat' dir='ltr'>XXV,</span> <span class='ocrx_word' id='word_1_253' title='bbox 1837 3383 1894 3430; x_wconf 72' lang='lat'>294.</span> <span class='ocrx_word' id='word_1_254' title='bbox 1909 3407 1940 3418; x_wconf 88' lang='lat'>-</span> 
     </span>
     <span class='ocr_line' id='line_1_26' title="bbox 432 3458 1756 3529; baseline 0.004 -15"><span class='ocrx_word' id='word_1_255' title='bbox 432 3461 454 3529; x_wconf 87' lang='grc' dir='ltr'>Ι)</span> <span class='ocrx_word' id='word_1_256' title='bbox 477 3460 515 3515; x_wconf 86' lang='lat' dir='ltr'>sic</span> <span class='ocrx_word' id='word_1_257' title='bbox 533 3461 561 3514; x_wconf 90' lang='lat' dir='ltr'>in</span> <span class='ocrx_word' id='word_1_258' title='bbox 579 3461 695 3517; x_wconf 89' lang='lat' dir='ltr'>rubricis</span> <span class='ocrx_word' id='word_1_259' title='bbox 714 3464 746 3515; x_wconf 82' lang='grc' dir='ltr'>Α.</span> <span class='ocrx_word' id='word_1_260' title='bbox 1751 3458 1756 3479; x_wconf 79' lang='lat'><strong>¹</strong></span> 
     </span>
    </p>
   </div>
   <div class='ocr_carea' id='block_1_4' title="bbox 1082 3572 1289 3581">
    <p class='ocr_par' dir='ltr' id='par_1_5' title="bbox 1082 3572 1289 3581">
     <span class='ocr_line' id='line_1_27' title="bbox 1082 3572 1289 3581; baseline -0.01 0"><span class='ocrx_word' id='word_1_261' title='bbox 1082 3572 1289 3581; x_wconf 84' lang='lat'>———-</span> 
     </span>
    </p>
   </div>
   <div class='ocr_carea' id='block_1_5' title="bbox 430 3779 1940 3948">
    <p class='ocr_par' dir='ltr' id='par_1_6' title="bbox 430 3779 1940 3948">
     <span class='ocr_line' id='line_1_28' title="bbox 430 3779 1940 3861; baseline -0.001 -15"><span class='ocrx_word' id='word_1_262' title='bbox 430 3780 556 3846; x_wconf 72' lang='lat'><strong><em>1342.</em></strong></span> <span class='ocrx_word' id='word_1_263' title='bbox 579 3779 711 3844; x_wconf 85' lang='lat' dir='ltr'>Nicolao</span> <span class='ocrx_word' id='word_1_264' title='bbox 734 3780 772 3845; x_wconf 81' lang='lat' dir='ltr'>cle</span> <span class='ocrx_word' id='word_1_265' title='bbox 797 3780 960 3845; x_wconf 75' lang='lat' dir='ltr'>Parteruicz</span> <span class='ocrx_word' id='word_1_266' title='bbox 978 3779 1205 3859; x_wconf 75' lang='lat' dir='ltr'>confirmantur</span> <span class='ocrx_word' id='word_1_267' title='bbox 1220 3780 1396 3860; x_wconf 78' lang='lat' dir='ltr'>acceptatio</span> <span class='ocrx_word' id='word_1_268' title='bbox 1411 3784 1440 3843; x_wconf 84' lang='lat' dir='ltr'>et</span> <span class='ocrx_word' id='word_1_269' title='bbox 1459 3780 1598 3861; x_wconf 73' lang='lat' dir='ltr'>promsio</span> <span class='ocrx_word' id='word_1_270' title='bbox 1614 3784 1730 3859; x_wconf 78' lang='lat' dir='ltr'>sactae</span> <span class='ocrx_word' id='word_1_271' title='bbox 1745 3779 1783 3845; x_wconf 81' lang='lat' dir='ltr'>dc</span> <span class='ocrx_word' id='word_1_272' title='bbox 1799 3780 1940 3844; x_wconf 79' lang='lat' dir='ltr'>custodio</span> 
     </span>
     <span class='ocr_line' id='line_1_29' title="bbox 970 3882 1416 3948; baseline 0 -1"><span class='ocrx_word' id='word_1_273' title='bbox 970 3882 1118 3947; x_wconf 82' lang='lat' dir='ltr'>ccclesiae</span> <span class='ocrx_word' id='word_1_274' title='bbox 1148 3882 1416 3948; x_wconf 71' lang='lat' dir='ltr'>l&#39;rulislucicnsis,</span> 
     </span>
    </p>
   </div>
   <div class='ocr_carea' id='block_1_6' title="bbox 477 4022 1894 4106">
    <p class='ocr_par' dir='ltr' id='par_1_7' title="bbox 477 4022 1894 4106">
     <span class='ocr_line' id='line_1_30' title="bbox 477 4022 1894 4106; baseline 0.01 -32"><span class='ocrx_word' id='word_1_275' title='bbox 477 4022 564 4075; x_wconf 85' lang='lat' dir='ltr'>‚xl1.</span> <span class='ocrx_word' id='word_1_276' title='bbox 594 4025 616 4105; x_wconf 75' lang='lat'>¹)</span> <span class='ocrx_word' id='word_1_277' title='bbox 1238 4023 1335 4106; x_wconf 80' lang='lat' dir='ltr'>Apud</span> <span class='ocrx_word' id='word_1_278' title='bbox 1366 4023 1711 4102; x_wconf 66' lang='lat' dir='ltr'>llllurnnocuru,1351</span> <span class='ocrx_word' id='word_1_279' title='bbox 1739 4024 1822 4088; x_wconf 68' lang='lat' dir='ltr'>illati</span> <span class='ocrx_word' id='word_1_280' title='bbox 1842 4027 1894 4088; x_wconf 85' lang='lat'>13.</span> 
     </span>
    </p>
   </div>
   <div class='ocr_carea' id='block_1_7' title="bbox 425 4180 1939 5917">
    <p class='ocr_par' dir='ltr' id='par_1_8' title="bbox 425 4180 1939 5831">
     <span class='ocr_line' id='line_1_31' title="bbox 537 4180 1939 4258; baseline 0 -14"><span class='ocrx_word' id='word_1_281' title='bbox 537 4180 576 4244; x_wconf 90' lang='lat' dir='ltr'>D.</span> <span class='ocrx_word' id='word_1_282' title='bbox 600 4181 620 4246; x_wconf 86' lang='lat' dir='ltr'>f.</span> <span class='ocrx_word' id='word_1_283' title='bbox 645 4180 776 4245; x_wconf 89' lang='lat' dir='ltr'>Nicolao</span> <span class='ocrx_word' id='word_1_284' title='bbox 799 4180 838 4244; x_wconf 89' lang='lat' dir='ltr'>de</span> <span class='ocrx_word' id='word_1_285' title='bbox 862 4180 1031 4258; x_wconf 85' lang='lat' dir='ltr'>Penewitz‚</span> <span class='ocrx_word' id='word_1_286' title='bbox 1056 4180 1254 4244; x_wconf 80' lang='lat' dir='ltr'>dumetorum</span> <span class='ocrx_word' id='word_1_287' title='bbox 1278 4180 1410 4257; x_wconf 89' lang='lat' dir='ltr'>doctori,</span> <span class='ocrx_word' id='word_1_288' title='bbox 1435 4181 1557 4245; x_wconf 89' lang='lat' dir='ltr'>custodi</span> <span class='ocrx_word' id='word_1_289' title='bbox 1582 4180 1717 4244; x_wconf 88' lang='lat' dir='ltr'>ecclesie</span> <span class='ocrx_word' id='word_1_290' title='bbox 1737 4180 1939 4245; x_wconf 89' lang='lat' dir='ltr'>Wratislaui-</span> 
     </span>
     <span class='ocr_line' id='line_1_32' title="bbox 426 4283 1938 4365; baseline -0.001 -15"><span class='ocrx_word' id='word_1_291' title='bbox 426 4284 528 4360; x_wconf 88' lang='lat' dir='ltr'>ensis,</span> <span class='ocrx_word' id='word_1_292' title='bbox 553 4303 577 4348; x_wconf 88' lang='lat' dir='ltr'>s.</span> <span class='ocrx_word' id='word_1_293' title='bbox 602 4291 661 4350; x_wconf 82' lang='lat' dir='ltr'>etc.</span> <span class='ocrx_word' id='word_1_294' title='bbox 687 4335 718 4349; x_wconf 93' lang='lat'>..</span> <span class='ocrx_word' id='word_1_295' title='bbox 743 4284 939 4350; x_wconf 86' lang='lat' dir='ltr'>Litterarum</span> <span class='ocrx_word' id='word_1_296' title='bbox 963 4284 1102 4348; x_wconf 86' lang='lat' dir='ltr'>sciencia</span> <span class='ocrx_word' id='word_1_297' title='bbox 1134 4283 1261 4365; x_wconf 86' lang='lat' dir='ltr'>aliaque</span> <span class='ocrx_word' id='word_1_298' title='bbox 1295 4284 1448 4348; x_wconf 86' lang='lat' dir='ltr'>virtutum</span> <span class='ocrx_word' id='word_1_299' title='bbox 1483 4285 1597 4348; x_wconf 88' lang='lat' dir='ltr'>merito</span> <span class='ocrx_word' id='word_1_300' title='bbox 1614 4334 1620 4347; x_wconf 89' lang='lat'><em>.</em></span> <span class='ocrx_word' id='word_1_301' title='bbox 1640 4335 1646 4347; x_wconf 92' lang='lat'>.</span> <span class='ocrx_word' id='word_1_302' title='bbox 1665 4335 1696 4349; x_wconf 94' lang='lat'>..</span> <span class='ocrx_word' id='word_1_303' title='bbox 1721 4284 1872 4349; x_wconf 85' lang='lat' dir='ltr'>Exhibita</span> <span class='ocrx_word' id='word_1_304' title='bbox 1897 4286 1938 4349; x_wconf 91' lang='lat' dir='ltr'>si-</span> 
     </span>
     <span class='ocr_line' id='line_1_33' title="bbox 426 4388 1937 4472; baseline 0.002 -21"><span class='ocrx_word' id='word_1_305' title='bbox 426 4388 559 4471; x_wconf 91' lang='lat' dir='ltr'>quidem</span> <span class='ocrx_word' id='word_1_306' title='bbox 583 4390 674 4454; x_wconf 91' lang='lat' dir='ltr'>nobis</span> <span class='ocrx_word' id='word_1_307' title='bbox 697 4409 798 4471; x_wconf 88' lang='lat' dir='ltr'>nuper</span> <span class='ocrx_word' id='word_1_308' title='bbox 820 4409 878 4472; x_wconf 91' lang='lat' dir='ltr'>pro</span> <span class='ocrx_word' id='word_1_309' title='bbox 900 4394 992 4471; x_wconf 85' lang='lat' dir='ltr'>parto</span> <span class='ocrx_word' id='word_1_310' title='bbox 1014 4392 1071 4452; x_wconf 89' lang='lat' dir='ltr'>tua</span> <span class='ocrx_word' id='word_1_311' title='bbox 1095 4388 1211 4469; x_wconf 89' lang='lat' dir='ltr'>peticio</span> <span class='ocrx_word' id='word_1_312' title='bbox 1236 4389 1429 4466; x_wconf 88' lang='lat' dir='ltr'>continebat,</span> <span class='ocrx_word' id='word_1_313' title='bbox 1454 4388 1537 4470; x_wconf 83' lang='lat' dir='ltr'>qnod</span> <span class='ocrx_word' id='word_1_314' title='bbox 1567 4395 1602 4453; x_wconf 90' lang='lat' dir='ltr'>tu</span> <span class='ocrx_word' id='word_1_315' title='bbox 1638 4391 1829 4453; x_wconf 87' lang='lat' dir='ltr'>auctoritate</span> <span class='ocrx_word' id='word_1_316' title='bbox 1860 4409 1937 4472; x_wconf 76' lang='lat' dir='ltr'>qna</span> 
     </span>
     <span class='ocr_line' id='line_1_34' title="bbox 426 4492 1935 4575; baseline 0 -17"><span class='ocrx_word' id='word_1_317' title='bbox 426 4493 564 4558; x_wconf 79' lang='lat' dir='ltr'>tundam</span> <span class='ocrx_word' id='word_1_318' title='bbox 587 4494 765 4559; x_wconf 90' lang='lat' dir='ltr'>litterarum</span> <span class='ocrx_word' id='word_1_319' title='bbox 787 4500 967 4560; x_wconf 90' lang='lat' dir='ltr'>nostrarum</span> <span class='ocrx_word' id='word_1_320' title='bbox 992 4493 1169 4559; x_wconf 88' lang='lat' dir='ltr'>custodiam</span> <span class='ocrx_word' id='word_1_321' title='bbox 1192 4492 1328 4559; x_wconf 88' lang='lat' dir='ltr'>ecclesie</span> <span class='ocrx_word' id='word_1_322' title='bbox 1351 4493 1634 4571; x_wconf 89' lang='lat' dir='ltr'>Wratislauiensis,</span> <span class='ocrx_word' id='word_1_323' title='bbox 1659 4512 1752 4575; x_wconf 85' lang='lat' dir='ltr'>quam</span> <span class='ocrx_word' id='word_1_324' title='bbox 1779 4495 1935 4575; x_wconf 91' lang='lat' dir='ltr'>quondam</span> 
     </span>
     <span class='ocr_line' id='line_1_35' title="bbox 427 4597 1936 4681; baseline -0.002 -17"><span class='ocrx_word' id='word_1_325' title='bbox 427 4597 580 4664; x_wconf 87' lang='lat' dir='ltr'>Clemens</span> <span class='ocrx_word' id='word_1_326' title='bbox 604 4599 643 4663; x_wconf 90' lang='lat' dir='ltr'>de</span> <span class='ocrx_word' id='word_1_327' title='bbox 667 4598 840 4681; x_wconf 75' lang='lat' dir='ltr'>Ygolomia,</span> <span class='ocrx_word' id='word_1_328' title='bbox 865 4600 965 4680; x_wconf 90' lang='lat' dir='ltr'>ipsius</span> <span class='ocrx_word' id='word_1_329' title='bbox 988 4599 1124 4663; x_wconf 90' lang='lat' dir='ltr'>ecclesie</span> <span class='ocrx_word' id='word_1_330' title='bbox 1155 4604 1271 4676; x_wconf 85' lang='lat' dir='ltr'>custos,</span> <span class='ocrx_word' id='word_1_331' title='bbox 1304 4599 1335 4661; x_wconf 93' lang='lat' dir='ltr'>in</span> <span class='ocrx_word' id='word_1_332' title='bbox 1371 4597 1481 4661; x_wconf 87' lang='lat' dir='ltr'>eadem</span> <span class='ocrx_word' id='word_1_333' title='bbox 1516 4597 1663 4676; x_wconf 88' lang='lat' dir='ltr'>ecclesia,</span> <span class='ocrx_word' id='word_1_334' title='bbox 1698 4598 1771 4661; x_wconf 91' lang='lat' dir='ltr'>dum</span> <span class='ocrx_word' id='word_1_335' title='bbox 1805 4599 1936 4674; x_wconf 70' lang='lat' dir='ltr'>vireret,</span> 
     </span>
     <span class='ocr_line' id='line_1_36' title="bbox 427 4702 1937 4785; baseline -0.001 -17"><span class='ocrx_word' id='word_1_336' title='bbox 427 4702 606 4781; x_wconf 84' lang='lat' dir='ltr'>obtinebat,</span> <span class='ocrx_word' id='word_1_337' title='bbox 638 4709 714 4768; x_wconf 91' lang='lat' dir='ltr'>tunc</span> <span class='ocrx_word' id='word_1_338' title='bbox 745 4723 802 4785; x_wconf 91' lang='lat' dir='ltr'>per</span> <span class='ocrx_word' id='word_1_339' title='bbox 832 4704 933 4785; x_wconf 91' lang='lat' dir='ltr'>ipsius</span> <span class='ocrx_word' id='word_1_340' title='bbox 965 4702 1138 4767; x_wconf 83' lang='lat' dir='ltr'>Clementis</span> <span class='ocrx_word' id='word_1_341' title='bbox 1168 4703 1298 4780; x_wconf 92' lang='lat' dir='ltr'>obitum,</span> <span class='ocrx_word' id='word_1_342' title='bbox 1323 4704 1377 4783; x_wconf 90' lang='lat' dir='ltr'>qui</span> <span class='ocrx_word' id='word_1_343' title='bbox 1400 4707 1491 4767; x_wconf 88' lang='lat' dir='ltr'>extra</span> <span class='ocrx_word' id='word_1_344' title='bbox 1515 4702 1688 4765; x_wconf 85' lang='lat' dir='ltr'>Romanam</span> <span class='ocrx_word' id='word_1_345' title='bbox 1711 4703 1831 4766; x_wconf 92' lang='lat' dir='ltr'>curiam</span> <span class='ocrx_word' id='word_1_346' title='bbox 1854 4703 1937 4767; x_wconf 88' lang='lat' dir='ltr'>diem</span> 
     </span>
     <span class='ocr_line' id='line_1_37' title="bbox 427 4805 1935 4888; baseline -0.001 -16"><span class='ocrx_word' id='word_1_347' title='bbox 427 4805 547 4872; x_wconf 89' lang='lat' dir='ltr'>clausit</span> <span class='ocrx_word' id='word_1_348' title='bbox 570 4812 753 4886; x_wconf 75' lang='lat' dir='ltr'>extremum,</span> <span class='ocrx_word' id='word_1_349' title='bbox 778 4813 954 4884; x_wconf 88' lang='lat' dir='ltr'>vacantem,</span> <span class='ocrx_word' id='word_1_350' title='bbox 977 4808 1047 4884; x_wconf 86' lang='lat' dir='ltr'>tibi,</span> <span class='ocrx_word' id='word_1_351' title='bbox 1071 4808 1132 4871; x_wconf 91' lang='lat' dir='ltr'>nisi</span> <span class='ocrx_word' id='word_1_352' title='bbox 1152 4810 1261 4871; x_wconf 89' lang='lat' dir='ltr'>nostra</span> <span class='ocrx_word' id='word_1_353' title='bbox 1278 4808 1422 4872; x_wconf 88' lang='lat' dir='ltr'>obstaret</span> <span class='ocrx_word' id='word_1_354' title='bbox 1437 4807 1625 4884; x_wconf 85' lang='lat' dir='ltr'>reserracio,</span> <span class='ocrx_word' id='word_1_355' title='bbox 1643 4826 1699 4888; x_wconf 87' lang='lat' dir='ltr'>per</span> <span class='ocrx_word' id='word_1_356' title='bbox 1715 4824 1771 4871; x_wconf 90' lang='lat' dir='ltr'>eas</span> <span class='ocrx_word' id='word_1_357' title='bbox 1787 4807 1935 4885; x_wconf 81' lang='lat' dir='ltr'>debitam,</span> 
     </span>
     <span class='ocr_line' id='line_1_38' title="bbox 426 4911 1937 4994; baseline -0.002 -17"><span class='ocrx_word' id='word_1_358' title='bbox 426 4912 606 4992; x_wconf 86' lang='lat' dir='ltr'>acceptasti</span> <span class='ocrx_word' id='word_1_359' title='bbox 629 4913 753 4994; x_wconf 89' lang='lat' dir='ltr'>tibique</span> <span class='ocrx_word' id='word_1_360' title='bbox 777 4912 815 4976; x_wconf 88' lang='lat' dir='ltr'>de</span> <span class='ocrx_word' id='word_1_361' title='bbox 838 4911 893 4976; x_wconf 93' lang='lat' dir='ltr'>illa</span> <span class='ocrx_word' id='word_1_362' title='bbox 916 4912 1076 4994; x_wconf 81' lang='lat' dir='ltr'>provideri</span> <span class='ocrx_word' id='word_1_363' title='bbox 1099 4911 1204 4976; x_wconf 84' lang='lat' dir='ltr'>fecisti</span> <span class='ocrx_word' id='word_1_364' title='bbox 1229 4930 1362 4991; x_wconf 68' lang='lat' dir='ltr'>crornque</span> <span class='ocrx_word' id='word_1_365' title='bbox 1386 4916 1502 4974; x_wconf 87' lang='lat' dir='ltr'>extrrnc</span> <span class='ocrx_word' id='word_1_366' title='bbox 1525 4911 1706 4992; x_wconf 87' lang='lat' dir='ltr'>possedisti,</span> <span class='ocrx_word' id='word_1_367' title='bbox 1724 4917 1818 4992; x_wconf 91' lang='lat' dir='ltr'>prout</span> <span class='ocrx_word' id='word_1_368' title='bbox 1835 4911 1937 4975; x_wconf 87' lang='lat' dir='ltr'>adhuc</span> 
     </span>
     <span class='ocr_line' id='line_1_39' title="bbox 427 5015 1936 5100; baseline -0.001 -20"><span class='ocrx_word' id='word_1_369' title='bbox 427 5015 578 5100; x_wconf 87' lang='lat' dir='ltr'>possides</span> <span class='ocrx_word' id='word_1_370' title='bbox 599 5017 731 5099; x_wconf 84' lang='lat' dir='ltr'>pacifice</span> <span class='ocrx_word' id='word_1_371' title='bbox 754 5022 787 5080; x_wconf 89' lang='lat' dir='ltr'>et</span> <span class='ocrx_word' id='word_1_372' title='bbox 809 5018 926 5098; x_wconf 89' lang='lat' dir='ltr'>quiete.</span> <span class='ocrx_word' id='word_1_373' title='bbox 951 5015 1068 5080; x_wconf 91' lang='lat' dir='ltr'>Verum</span> <span class='ocrx_word' id='word_1_374' title='bbox 1091 5016 1177 5097; x_wconf 90' lang='lat' dir='ltr'>quia,</span> <span class='ocrx_word' id='word_1_375' title='bbox 1202 5015 1284 5079; x_wconf 91' lang='lat' dir='ltr'>sicut</span> <span class='ocrx_word' id='word_1_376' title='bbox 1307 5015 1418 5079; x_wconf 88' lang='lat' dir='ltr'>eudem</span> <span class='ocrx_word' id='word_1_377' title='bbox 1443 5015 1559 5096; x_wconf 89' lang='lat' dir='ltr'>peticio</span> <span class='ocrx_word' id='word_1_378' title='bbox 1583 5016 1804 5097; x_wconf 80' lang='lat' dir='ltr'>subiungebat,</span> <span class='ocrx_word' id='word_1_379' title='bbox 1822 5022 1856 5079; x_wconf 93' lang='lat' dir='ltr'>tu</span> <span class='ocrx_word' id='word_1_380' title='bbox 1880 5016 1936 5079; x_wconf 81' lang='lat' dir='ltr'>‹ln-</span> 
     </span>
     <span class='ocr_line' id='line_1_40' title="bbox 425 5120 1937 5202; baseline -0.003 -15"><span class='ocrx_word' id='word_1_381' title='bbox 425 5122 524 5199; x_wconf 85' lang='lat' dir='ltr'>bitas,</span> <span class='ocrx_word' id='word_1_382' title='bbox 558 5121 641 5202; x_wconf 90' lang='lat' dir='ltr'>quod</span> <span class='ocrx_word' id='word_1_383' title='bbox 673 5121 816 5186; x_wconf 90' lang='lat' dir='ltr'>custodia</span> <span class='ocrx_word' id='word_1_384' title='bbox 849 5122 919 5202; x_wconf 90' lang='lat' dir='ltr'>ipsa</span> <span class='ocrx_word' id='word_1_385' title='bbox 949 5120 1031 5185; x_wconf 84' lang='lat' dir='ltr'>foret</span> <span class='ocrx_word' id='word_1_386' title='bbox 1061 5126 1205 5201; x_wconf 91' lang='lat' dir='ltr'>tempore</span> <span class='ocrx_word' id='word_1_387' title='bbox 1233 5120 1466 5200; x_wconf 85' lang='lat' dir='ltr'>acceptacionis</span> <span class='ocrx_word' id='word_1_388' title='bbox 1490 5124 1522 5184; x_wconf 90' lang='lat' dir='ltr'>et</span> <span class='ocrx_word' id='word_1_389' title='bbox 1544 5120 1735 5200; x_wconf 76' lang='lat' dir='ltr'>provisionis</span> <span class='ocrx_word' id='word_1_390' title='bbox 1757 5120 1937 5185; x_wconf 89' lang='lat' dir='ltr'>huiusmodi</span> 
     </span>
     <span class='ocr_line' id='line_1_41' title="bbox 427 5224 1935 5308; baseline -0.002 -16"><span class='ocrx_word' id='word_1_391' title='bbox 427 5224 597 5292; x_wconf 91' lang='lat' dir='ltr'>collacioni</span> <span class='ocrx_word' id='word_1_392' title='bbox 621 5232 654 5290; x_wconf 89' lang='lat' dir='ltr'>et</span> <span class='ocrx_word' id='word_1_393' title='bbox 677 5226 881 5308; x_wconf 89' lang='lat' dir='ltr'>disposicioni</span> <span class='ocrx_word' id='word_1_394' title='bbox 906 5224 1117 5307; x_wconf 87' lang='lat' dir='ltr'>apostolice·)</span> <span class='ocrx_word' id='word_1_395' title='bbox 1140 5229 1313 5301; x_wconf 79' lang='lat' dir='ltr'>reseruata,</span> <span class='ocrx_word' id='word_1_396' title='bbox 1337 5228 1370 5286; x_wconf 90' lang='lat' dir='ltr'>et</span> <span class='ocrx_word' id='word_1_397' title='bbox 1392 5224 1475 5305; x_wconf 91' lang='lat' dir='ltr'>quod</span> <span class='ocrx_word' id='word_1_398' title='bbox 1499 5228 1669 5306; x_wconf 87' lang='lat' dir='ltr'>propterea</span> <span class='ocrx_word' id='word_1_399' title='bbox 1692 5242 1804 5306; x_wconf 89' lang='lat' dir='ltr'>posses</span> <span class='ocrx_word' id='word_1_400' title='bbox 1835 5225 1867 5287; x_wconf 91' lang='lat' dir='ltr'>in</span> <span class='ocrx_word' id='word_1_401' title='bbox 1897 5244 1935 5289; x_wconf 89' lang='lat' dir='ltr'>ea</span> 
     </span>
     <span class='ocr_line' id='line_1_42' title="bbox 425 5327 1936 5414; baseline -0.001 -20"><span class='ocrx_word' id='word_1_402' title='bbox 425 5348 488 5414; x_wconf 92' lang='lat' dir='ltr'>pro</span> <span class='ocrx_word' id='word_1_403' title='bbox 510 5335 654 5411; x_wconf 85' lang='lat' dir='ltr'>ternpore</span> <span class='ocrx_word' id='word_1_404' title='bbox 676 5331 857 5395; x_wconf 90' lang='lat' dir='ltr'>molestari:</span> <span class='ocrx_word' id='word_1_405' title='bbox 880 5329 941 5395; x_wconf 87' lang='lat' dir='ltr'>fuit</span> <span class='ocrx_word' id='word_1_406' title='bbox 963 5330 1054 5394; x_wconf 91' lang='lat' dir='ltr'>nobis</span> <span class='ocrx_word' id='word_1_407' title='bbox 1077 5348 1134 5412; x_wconf 92' lang='lat' dir='ltr'>pro</span> <span class='ocrx_word' id='word_1_408' title='bbox 1158 5335 1249 5410; x_wconf 88' lang='lat' dir='ltr'>parte</span> <span class='ocrx_word' id='word_1_409' title='bbox 1279 5332 1336 5392; x_wconf 91' lang='lat' dir='ltr'>tua</span> <span class='ocrx_word' id='word_1_410' title='bbox 1366 5327 1528 5392; x_wconf 87' lang='lat' dir='ltr'>humiliter</span> <span class='ocrx_word' id='word_1_411' title='bbox 1559 5328 1782 5409; x_wconf 86' lang='lat' dir='ltr'>supplicatum,</span> <span class='ocrx_word' id='word_1_412' title='bbox 1807 5334 1842 5392; x_wconf 97' lang='lat' dir='ltr'>ut</span> <span class='ocrx_word' id='word_1_413' title='bbox 1864 5347 1936 5411; x_wconf 92' lang='lat' dir='ltr'>pro·</span> 
     </span>
     <span class='ocr_line' id='line_1_43' title="bbox 425 5432 1936 5517; baseline -0.004 -15"><span class='ocrx_word' id='word_1_414' title='bbox 425 5434 537 5502; x_wconf 86' lang='lat' dir='ltr'>videre</span> <span class='ocrx_word' id='word_1_415' title='bbox 560 5434 620 5499; x_wconf 89' lang='lat' dir='ltr'>tibi</span> <span class='ocrx_word' id='word_1_416' title='bbox 643 5453 739 5517; x_wconf 90' lang='lat' dir='ltr'>super</span> <span class='ocrx_word' id='word_1_417' title='bbox 761 5434 820 5499; x_wconf 91' lang='lat' dir='ltr'>hoc</span> <span class='ocrx_word' id='word_1_418' title='bbox 844 5435 882 5498; x_wconf 89' lang='lat' dir='ltr'>de</span> <span class='ocrx_word' id='word_1_419' title='bbox 907 5440 1060 5516; x_wconf 89' lang='lat' dir='ltr'>oportuno</span> <span class='ocrx_word' id='word_1_420' title='bbox 1092 5433 1232 5498; x_wconf 89' lang='lat' dir='ltr'>remedio</span> <span class='ocrx_word' id='word_1_421' title='bbox 1264 5432 1475 5514; x_wconf 86' lang='lat' dir='ltr'>dignaremur.</span> <span class='ocrx_word' id='word_1_422' title='bbox 1521 5434 1586 5498; x_wconf 82' lang='lat' dir='ltr'>Nos</span> <span class='ocrx_word' id='word_1_423' title='bbox 1610 5433 1714 5514; x_wconf 81' lang='lat' dir='ltr'>igitur,</span> <span class='ocrx_word' id='word_1_424' title='bbox 1738 5432 1880 5497; x_wconf 87' lang='lat' dir='ltr'>volentes</span> <span class='ocrx_word' id='word_1_425' title='bbox 1902 5439 1936 5497; x_wconf 93' lang='lat' dir='ltr'>te</span> 
     </span>
     <span class='ocr_line' id='line_1_44' title="bbox 426 5536 1936 5623; baseline -0.005 -19"><span class='ocrx_word' id='word_1_426' title='bbox 426 5539 655 5623; x_wconf 88' lang='lat' dir='ltr'>premissorum</span> <span class='ocrx_word' id='word_1_427' title='bbox 677 5540 862 5604; x_wconf 90' lang='lat' dir='ltr'>moritorum</span> <span class='ocrx_word' id='word_1_428' title='bbox 885 5545 1011 5604; x_wconf 88' lang='lat' dir='ltr'>tuorum</span> <span class='ocrx_word' id='word_1_429' title='bbox 1035 5539 1168 5604; x_wconf 90' lang='lat' dir='ltr'>obtentu</span> <span class='ocrx_word' id='word_1_430' title='bbox 1197 5537 1308 5602; x_wconf 81' lang='lat' dir='ltr'>lavore</span> <span class='ocrx_word' id='word_1_431' title='bbox 1341 5538 1490 5619; x_wconf 88' lang='lat' dir='ltr'>prosequi</span> <span class='ocrx_word' id='word_1_432' title='bbox 1524 5537 1678 5619; x_wconf 80' lang='lat' dir='ltr'>graciose,</span> <span class='ocrx_word' id='word_1_433' title='bbox 1712 5536 1776 5601; x_wconf 91' lang='lat' dir='ltr'>tuis</span> <span class='ocrx_word' id='word_1_434' title='bbox 1812 5537 1843 5600; x_wconf 95' lang='lat' dir='ltr'>in</span> <span class='ocrx_word' id='word_1_435' title='bbox 1877 5536 1936 5601; x_wconf 87' lang='lat' dir='ltr'>lrac.</span> 
     </span>
     <span class='ocr_line' id='line_1_45' title="bbox 426 5641 1935 5729; baseline -0.002 -21"><span class='ocrx_word' id='word_1_436' title='bbox 426 5647 522 5729; x_wconf 86' lang='lat' dir='ltr'>parte</span> <span class='ocrx_word' id='word_1_437' title='bbox 552 5643 842 5725; x_wconf 87' lang='lat' dir='ltr'>supplicacionibus</span> <span class='ocrx_word' id='word_1_438' title='bbox 877 5643 1020 5708; x_wconf 91' lang='lat' dir='ltr'>inclinati</span> <span class='ocrx_word' id='word_1_439' title='bbox 1054 5642 1198 5708; x_wconf 84' lang='lat' dir='ltr'>volumus</span> <span class='ocrx_word' id='word_1_440' title='bbox 1232 5647 1265 5706; x_wconf 90' lang='lat' dir='ltr'>et</span> <span class='ocrx_word' id='word_1_441' title='bbox 1299 5643 1366 5721; x_wconf 91' lang='lat' dir='ltr'>tibi,</span> <span class='ocrx_word' id='word_1_442' title='bbox 1402 5642 1456 5723; x_wconf 83' lang='lat' dir='ltr'>qui</span> <span class='ocrx_word' id='word_1_443' title='bbox 1488 5642 1586 5706; x_wconf 89' lang='lat' dir='ltr'>eciam</span> <span class='ocrx_word' id='word_1_444' title='bbox 1611 5642 1642 5704; x_wconf 93' lang='lat' dir='ltr'>in</span> <span class='ocrx_word' id='word_1_445' title='bbox 1666 5641 1776 5705; x_wconf 91' lang='lat' dir='ltr'>eadem</span> <span class='ocrx_word' id='word_1_446' title='bbox 1800 5641 1935 5705; x_wconf 89' lang='lat' dir='ltr'>ecclesia</span> 
     </span>
     <span class='ocr_line' id='line_1_46' title="bbox 425 5744 1934 5831; baseline -0.003 -17"><span class='ocrx_word' id='word_1_447' title='bbox 425 5746 648 5814; x_wconf 72' lang='lat' dir='ltr'>oenonicatum</span> <span class='ocrx_word' id='word_1_448' title='bbox 670 5753 704 5813; x_wconf 91' lang='lat' dir='ltr'>et</span> <span class='ocrx_word' id='word_1_449' title='bbox 726 5747 918 5831; x_wconf 88' lang='lat' dir='ltr'>prebendam</span> <span class='ocrx_word' id='word_1_450' title='bbox 941 5767 977 5812; x_wconf 90' lang='lat' dir='ltr'>ae</span> <span class='ocrx_word' id='word_1_451' title='bbox 1001 5748 1151 5812; x_wconf 92' lang='lat' dir='ltr'>allodium</span> <span class='ocrx_word' id='word_1_452' title='bbox 1175 5748 1206 5810; x_wconf 94' lang='lat' dir='ltr'>in</span> <span class='ocrx_word' id='word_1_453' title='bbox 1231 5745 1457 5810; x_wconf 78' lang='lat' dir='ltr'>Cancelerwitz</span> <span class='ocrx_word' id='word_1_454' title='bbox 1492 5751 1525 5809; x_wconf 90' lang='lat' dir='ltr'>et</span> <span class='ocrx_word' id='word_1_455' title='bbox 1547 5744 1731 5823; x_wconf 78' lang='lat' dir='ltr'>lencowitz,</span> <span class='ocrx_word' id='word_1_456' title='bbox 1755 5744 1934 5810; x_wconf 84' lang='lat' dir='ltr'>Locbowita</span> 
     </span>
    </p>

    <p class='ocr_par' dir='ltr' id='par_1_9' title="bbox 1795 5868 1829 5917">
     <span class='ocr_line' id='line_1_47' title="bbox 1795 5868 1829 5917; baseline 0.029 -1"><span class='ocrx_word' id='word_1_457' title='bbox 1795 5868 1829 5917; x_wconf 80' lang='lat' dir='ltr'>aa</span> 
     </span>
    </p>
   </div>
   <div class='ocr_carea' id='block_1_8' title="bbox 0 0 2596 7045">
    <p class='ocr_par' dir='ltr' id='par_1_10' title="bbox 0 0 2596 7045">
     <span class='ocr_line' id='line_1_48' title="bbox 0 0 2596 7045; baseline 0 0"><span class='ocrx_word' id='word_1_458' title='bbox 0 0 2596 7045; x_wconf 95' lang='lat' dir='ltr'> </span> 
     </span>
    </p>
   </div>
  </div>
 </body>
</html>
