5184 7050
655 858 718 926 114

650 1089 712 1134 non
743 1070 955 1146 obstantibus,
986 1070 1210 1134 executoribus
1240 1075 1273 1133 et
1303 1069 1456 1133 clausulis
1486 1070 1661 1150 oportunis
1693 1073 1742 1132 et·
1757 1069 1841 1150 quod
1864 1068 2107 1148 desipiacioncs
2125 1075 2153 1133 et

651 1174 930 1238 denominaciones
952 1172 1092 1237 locorum
1116 1177 1149 1236 et
1170 1190 1379 1254 personarum
1402 1173 1526 1254 possint
1549 1174 1580 1237 iu
1604 1172 1869 1239 vicecancellaiia
1893 1171 2064 1236 declarari.

755 1304 829 1369 Fiet
851 1304 888 1368 R.

757 1515 850 1579 Anna
880 1513 998 1593 puello,
1029 1516 1106 1576 natu
1135 1512 1292 1577 lobannis
1322 1509 1456 1592 Herclip
1488 1510 1775 1590 Wrotislauiensis
1807 1511 1969 1594 supplicat
2004 1511 2105 1593 recipi
2124 1511 2151 1575 in

653 1618 847 1683 iuonastcu'o
870 1623 980 1683 sancte
1004 1617 1108 1696 Clare,
1132 1617 1275 1682 ciusdem
1297 1616 1370 1694 loci,
1394 1613 1491 1703 [inlu
1514 1634 1656 1680 sororem
1679 1621 1712 1679 ct
1735 1616 1913 1681 monialem.
1930 1615 1954 1696 ¹)

757 1825 832 1890 Fiat
853 1844 910 1907 pro
933 1826 1005 1890 istis
1028 1827 1168 1908 quinque
1190 1825 1227 1890 R,
1261 1825 1304 1889 Et
1327 1823 1411 1905 quod
1434 1824 1647 1904 expediantur
1669 1843 1693 1888 s.
1719 1843 1747 1887 a.
1772 1823 1792 1888 l.
1838 1822 1913 1888 Fiat
1936 1823 1973 1888 u
2021 1825 2060 1888 D.
2084 1823 2154 1888 Aui-

656 1933 751 1996 uione
772 1930 835 1995 Vll
859 1929 922 1994 kal.
945 1928 1035 1995 lunii
1058 1949 1087 1994 a.
1111 1929 1259 1995 secundo,

760 2127 908 2182 Clementis
932 2127 971 2180 Vl
994 2128 1013 2182 S
1036 2127 1091 2194 uss
1118 2130 1155 2196 (b)
1181 2127 1199 2180 i.
1223 2127 1259 2180 4'.
1283 2156 1317 2165 -
1344 2132 1367 2190 ι)
1393 2125 1471 2180 dccet
1491 2125 1519 2178 in
1538 2126 1574 2191 3.,
1593 2125 1752 2194 suppletum
1770 2127 1804 2181 ub
1824 2124 1938 2180 editors.
1957 2155 1991 2165 -
2015 2129 2033 2190 ¹)
2053 2125 2156 2179 Littcru

660 2216 723 2284 ipso
741 2231 797 2268 uon
816 2220 859 2269 est
876 2221 993 2282 repertu

659 2755 750 2821 205.
776 2752 970 2834 chnaldus,
984 2757 1081 2818 uatus
1105 2753 1228 2817 comitis
1242 2752 1280 2816 dc
1294 2751 1473 2835 Sporrbeim,
1489 2752 1711 2832 subdiaconus,
1727 2753 1979 2834 consumpsimus
1993 2752 2161 2830 Jobcunis,

658 2859 740 2939 repis
771 2857 950 2936 Bobemiae,
981 2855 1151 2939 sipnificat,
1181 2856 1263 2938 quod
1293 2856 1368 2920 olim
1398 2857 1465 2939 ipse
1495 2857 1530 2920 in
1559 2861 1664 2921 aetate
1693 2857 1834 2938 lepitima
1867 2859 2057 2923 constitutus
2079 2857 2162 2921 etin

658 2961 792 3027 ecclesia
815 2959 990 3027 Coloniensi
1024 2961 1244 3026 canonicatum
1266 2961 1406 3025 obtinens
1429 2964 1459 3024 et
1484 2960 1711 3043 praebendam,
1739 2960 1977 3045 parrochialem
2002 2960 2164 3027 ecclesium

658 3065 697 3129 dc
725 3063 962 3147 Sprendliupen,
988 3065 1242 3145 Mapuntiuensis
1271 3065 1412 3143 diocesis,
1438 3064 1544 3146 primo
1567 3068 1597 3127 et
1619 3063 1730 3128 deinde
1747 3065 2008 3147 praeposituram
2034 3069 2162 3129 sauctae

660 3170 787 3235 Mariae
810 3167 854 3231 ad
878 3168 1009 3233 Gradus
1032 3168 1288 3248 Mapuntinensis
1311 3167 1397 3231 olias
1422 3169 1570 3232 canonice
1591 3169 1741 3251 receperit
1762 3173 1793 3233 ct
1809 3191 1871 3251 per
1899 3169 2036 3251 quinque
2065 3187 2164 3234 annos

658 3272 788 3336 insimul
816 3273 885 3337 sine
914 3272 1147 3355 dispensatione
1177 3272 1321 3346 tenuerit,
1354 3271 1397 3336 ad
1425 3271 1635 3336 sacerdotium
1657 3293 1720 3337 nou
1737 3276 1910 3356 promotus,
1932 3293 2030 3355 quam
2047 3292 2161 3357 porro·

659 3375 794 3442 chialem
815 3375 981 3441 ecclesium
998 3380 1073 3459 post
1095 3376 1195 3440 dictos
1217 3396 1316 3440 annos
1338 3376 1434 3440 libere
1456 3379 1486 3439 et
1507 3375 1656 3455 desasto
1678 3377 1842 3441 dimiserit.
1868 3374 1975 3450 Quare
1992 3376 2163 3460 supplicat,

658 3485 813 3565 quatenus
842 3500 945 3546 secum
974 3502 1070 3565 suuper
1099 3479 1301 3545 inhabilitate
1328 3480 1375 3545 sic
1406 3484 1569 3545 contractu
1598 3481 1797 3565 dispensetur
1819 3484 1849 3545 at
1875 3485 2009 3562 fructus
2031 3479 2166 3547 indebite

655 3587 799 3669 percepti
821 3585 882 3649 sibi
914 3586 1126 3660 remittantur,
1148 3587 1196 3650 ito
1219 3590 1254 3649 ut
1275 3585 1496 3650 canonicatum
1525 3590 1555 3649 ct
1580 3586 1797 3668 praebendam
1830 3607 1869 3651 uc
1903 3587 2165 3669 praeposituram

655 3690 839 3774 praedictos
853 3690 949 3754 simul
964 3695 994 3753 ct
1008 3690 1094 3754 licite
1108 3691 1242 3754 retinere
1262 3689 1377 3753 caleat.
1403 3689 1632 3763 ,Habilitumus
1647 3710 1717 3755 eum
1732 3694 1762 3752 ot
1780 3689 1818 3753 de
1833 3689 1921 3753 dicta
1937 3690 2165 3772 praepositura

660 3794 721 3858 sibi
738 3794 940 3877 providemus
963 3799 993 3858 et
1008 3798 1139 3874 fructus
1161 3793 1241 3858 bona
1257 3793 1326 3875 fide
1343 3798 1507 3875 perceptos
1530 3795 1727 3857 remittimus.
1759 3795 1834 3858 liat
1857 3794 1910 3859 Ji.
1928 3844 1935 3857 .
1954 3843 1986 3859 ..
2021 3794 2064 3859 D.
2088 3792 2164 3857 Aui-

1105 3900 1197 3962 nioue
1227 3899 1293 3961 VII
1309 3896 1374 3963 lul.
1397 3897 1492 3964 Junii
1514 3918 1544 3961 a.
1568 3885 1721 3963 secundo!

1664 4070 1935 4146 Acinione,1343
1960 4070 2045 4136 Maii
2067 4072 2119 4134 26.

766 4158 914 4213 Clementis
932 4158 970 4211 Vl
988 4158 1006 4211 S
1025 4158 1080 4227 uss
1099 4159 1137 4228 (5)
1157 4158 1175 4211 i.
1196 4160 1246 4211 1⁶2¹.

661 4697 753 4762 206.
775 4695 949 4769 Jobanues,
973 4716 1029 4758 rec
1051 4697 1230 4774 Boionius,
1249 4695 1390 4770 Carolus,
1407 4694 1547 4759 rnarcbio
1572 4695 1744 4774 Mora-ciac,
1761 4716 1830 4760 cum
1852 4699 1993 4759 consorte
2014 4700 2045 4760 et
2067 4695 2162 4761 abbas

661 4806 690 4863 et
713 4804 879 4864 corruantur
903 4801 1087 4863 ruoriasterii
1109 4800 1300 4864 Scillicensis
1322 4799 1515 4882 supplicant,
1538 4803 1692 4880 quatenus
1715 4799 1889 4881 applicatio
1909 4803 2081 4880 fructuum
2103 4821 2165 4864 ccr-

661 4910 768 4969 toruru
791 4902 986 4984 capellarum
1010 4925 1109 4986 nuper
1132 4905 1165 4967 in
1189 4904 1348 4968 Mortibus
1373 4904 1509 4969 Cbrrtuis
1533 4907 1783 4967 constructarum
1812 4903 1965 4986 hospitali
1988 4922 2166 4987 pauperum

864 5011 893 5069 et
917 5007 1113 5087 infirmorum
1137 5008 1170 5070 in
1192 5007 1382 5071 monasterio
1404 5007 1577 5071 Sedliccusi
1600 5008 1747 5070 existenti
1769 5009 1977 5090 confirmetur.

1665 5179 1937 5255 Aninione,1343
1962 5181 2047 5246 Moii
2069 5183 2121 5247 26.

766 5355 952 5437 Significant
974 5355 1005 5420 S.
1030 5355 1066 5418 V.
1091 5355 1197 5418 ‹lcvoti
1221 5354 1251 5419 ti.
1268 5374 1317 5417 vu.
1335 5355 1579 5431 loliauucs,1·ox
1597 5354 1759 5431 Bolieuiic,
1776 5358 1808 5417 ot
1824 5354 2055 5436 primogenitus
2077 5354 2159 5419 tilius

663 5461 733 5524 cius
757 5459 905 5537 liurolus,
928 5459 1068 5524 riuucliio
1092 5459 1281 5539 M01·auic,⁸)
1306 5464 1338 5522 ot
1357 5460 1427 5522 cius
1443 5478 1572 5522 coriscus
1589 5476 1626 5520 ac
1642 5457 1776 5522 luiiuiles
1793 5460 1937 5522 oratores
1952 5460 2052 5524 vostri
2069 5460 2164 5523 abbas

664 5570 696 5626 ut.
730 5568 903 5627 convontus
937 5563 1120 5626 monosterii
1156 5562 1363 5639 Colliccnsis,
1400 5561 1624 5627 Cistcrcicusis
1654 5562 1783 5639 ordinis,
1816 5562 1987 5643 Pragcusis
2023 5562 2166 5640 diocesis,

664 5667 747 5747 «puori
770 5667 873 5747 ipsunt
904 5667 1130 5730 pronostoriuui
1154 5665 1350 5742 Ccilliccusc,
1380 5667 1462 5747 quod
1495 5666 1534 5727 ab
1566 5664 1639 5728 oliui
1671 5683 1728 5745 poi·
1759 5665 1844 5733 clarc
1875 5667 2027 5730 memorie
2058 5667 2166 5749 predo·

664 5789 807 5834 cessores
832 5789 940 5834 corum
963 5770 1123 5851 principos
1147 5775 1179 5832 ot
1202 5770 1338 5832 boronus
1362 5769 1486 5849 sliquos
1510 5768 1597 5849 regui
1629 5768 1781 5832 Boheuiic
1812 5768 1979 5832 fundatum
2010 5771 2116 5835 extitit
2138 5777 2167 5833 ct
