<?xml version="1.0" encoding="UTF-8"?>
<!DOCTYPE html PUBLIC "-//W3C//DTD XHTML 1.0 Transitional//EN"
    "http://www.w3.org/TR/xhtml1/DTD/xhtml1-transitional.dtd">
<html xmlns="http://www.w3.org/1999/xhtml" xml:lang="en" lang="en">
 <head>
  <title>
</title>
<meta http-equiv="Content-Type" content="text/html;charset=utf-8" />
  <meta name='ocr-system' content='tesseract 3.04.00' />
  <meta name='ocr-capabilities' content='ocr_page ocr_carea ocr_par ocr_line ocrx_word'/>
</head>
<body>
  <div class='ocr_page' id='page_1' title='image "./monumentavatica01vatigoog_0574.png"; bbox 0 0 5184 7050; ppageno 0'>
   <div class='ocr_carea' id='block_1_1' title="bbox 547 884 613 951">
    <p class='ocr_par' dir='ltr' id='par_1_1' title="bbox 547 884 613 951">
     <span class='ocr_line' id='line_1_1' title="bbox 547 884 613 951; baseline -0.03 0"><span class='ocrx_word' id='word_1_1' title='bbox 547 884 613 951; x_wconf 78' lang='lat'><strong>552</strong></span> 
     </span>
    </p>
   </div>
   <div class='ocr_carea' id='block_1_2' title="bbox 541 1091 2049 4928">
    <p class='ocr_par' dir='ltr' id='par_1_2' title="bbox 541 1091 2049 4498">
     <span class='ocr_line' id='line_1_2' title="bbox 544 1091 2048 1176; baseline 0 -19"><span class='ocrx_word' id='word_1_2' title='bbox 544 1092 584 1158; x_wconf 92' lang='lat' dir='ltr'><strong>de</strong></span> <span class='ocrx_word' id='word_1_3' title='bbox 607 1092 677 1158; x_wconf 93' lang='lat' dir='ltr'><strong>iure</strong></span> <span class='ocrx_word' id='word_1_4' title='bbox 699 1109 762 1157; x_wconf 92' lang='lat' dir='ltr'><strong>non</strong></span> <span class='ocrx_word' id='word_1_5' title='bbox 784 1097 903 1174; x_wconf 88' lang='lat' dir='ltr'><strong>posset,</strong></span> <span class='ocrx_word' id='word_1_6' title='bbox 926 1109 1076 1157; x_wconf 88' lang='lat' dir='ltr'><strong>revocare</strong></span> <span class='ocrx_word' id='word_1_7' title='bbox 1100 1091 1291 1173; x_wconf 80' lang='lat' dir='ltr'>dampnabili</span> <span class='ocrx_word' id='word_1_8' title='bbox 1316 1092 1409 1158; x_wconf 92' lang='lat' dir='ltr'><strong>immo</strong></span> <span class='ocrx_word' id='word_1_9' title='bbox 1433 1092 1634 1176; x_wconf 89' lang='lat' dir='ltr'><strong>dampnanda</strong></span> <span class='ocrx_word' id='word_1_10' title='bbox 1653 1093 1838 1158; x_wconf 72' lang='lat' dir='ltr'><strong>temeritate</strong></span> <span class='ocrx_word' id='word_1_11' title='bbox 1864 1093 2048 1175; x_wconf 80' lang='lat' dir='ltr'><strong>presumpsit</strong></span> 
     </span>
     <span class='ocr_line' id='line_1_3' title="bbox 545 1194 2048 1278; baseline -0.001 -17"><span class='ocrx_word' id='word_1_12' title='bbox 545 1203 578 1261; x_wconf 92' lang='lat' dir='ltr'><strong>et</strong></span> <span class='ocrx_word' id='word_1_13' title='bbox 601 1200 710 1261; x_wconf 91' lang='lat' dir='ltr'><strong>contra</strong></span> <span class='ocrx_word' id='word_1_14' title='bbox 732 1196 865 1262; x_wconf 89' lang='lat' dir='ltr'><strong>eandem</strong></span> <span class='ocrx_word' id='word_1_15' title='bbox 889 1199 1038 1272; x_wconf 82' lang='lat' dir='ltr'><strong>sanctam,</strong></span> <span class='ocrx_word' id='word_1_16' title='bbox 1063 1194 1251 1260; x_wconf 81' lang='lat' dir='ltr'><strong>catholicam</strong></span> <span class='ocrx_word' id='word_1_17' title='bbox 1272 1199 1305 1260; x_wconf 90' lang='lat' dir='ltr'><strong>et</strong></span> <span class='ocrx_word' id='word_1_18' title='bbox 1320 1195 1531 1262; x_wconf 88' lang='lat' dir='ltr'><strong>universalem</strong></span> <span class='ocrx_word' id='word_1_19' title='bbox 1554 1195 1731 1276; x_wconf 88' lang='lat' dir='ltr'><strong>ecclesiam,</strong></span> <span class='ocrx_word' id='word_1_20' title='bbox 1755 1214 1851 1278; x_wconf 91' lang='lat' dir='ltr'><strong>quam</strong></span> <span class='ocrx_word' id='word_1_21' title='bbox 1875 1197 1964 1263; x_wconf 92' lang='lat' dir='ltr'><strong>solus</strong></span> <span class='ocrx_word' id='word_1_22' title='bbox 1979 1196 2048 1261; x_wconf 87' lang='lat' dir='ltr'><strong>dens</strong></span> 
     </span>
     <span class='ocr_line' id='line_1_4' title="bbox 545 1299 2048 1385; baseline -0.001 -20"><span class='ocrx_word' id='word_1_23' title='bbox 545 1303 613 1385; x_wconf 91' lang='lat' dir='ltr'><strong>ipso</strong></span> <span class='ocrx_word' id='word_1_24' title='bbox 636 1300 781 1367; x_wconf 85' lang='lat' dir='ltr'><strong>fundavit</strong></span> <span class='ocrx_word' id='word_1_25' title='bbox 804 1306 837 1365; x_wconf 88' lang='lat' dir='ltr'><strong>ct</strong></span> <span class='ocrx_word' id='word_1_26' title='bbox 860 1301 951 1383; x_wconf 83' lang='lat' dir='ltr'><strong>regit,</strong></span> <span class='ocrx_word' id='word_1_27' title='bbox 974 1299 1196 1380; x_wconf 81' lang='lat' dir='ltr'><strong>blasphemare</strong></span> <span class='ocrx_word' id='word_1_28' title='bbox 1219 1317 1281 1364; x_wconf 94' lang='lat' dir='ltr'><strong>non</strong></span> <span class='ocrx_word' id='word_1_29' title='bbox 1307 1307 1462 1381; x_wconf 91' lang='lat' dir='ltr'><strong>metuens,</strong></span> <span class='ocrx_word' id='word_1_30' title='bbox 1495 1302 1596 1384; x_wconf 81' lang='lat' dir='ltr'><strong>ipsam</strong></span> <span class='ocrx_word' id='word_1_31' title='bbox 1628 1301 1855 1383; x_wconf 82' lang='lat' dir='ltr'><strong>civitatemque</strong></span> <span class='ocrx_word' id='word_1_32' title='bbox 1888 1300 2048 1365; x_wconf 83' lang='lat' dir='ltr'><strong>Romanam</strong></span> 
     </span>
     <span class='ocr_line' id='line_1_5' title="bbox 546 1402 2048 1488; baseline -0.003 -16"><span class='ocrx_word' id='word_1_33' title='bbox 546 1407 630 1473; x_wconf 93' lang='lat' dir='ltr'><strong>idem</strong></span> <span class='ocrx_word' id='word_1_34' title='bbox 660 1424 732 1472; x_wconf 91' lang='lat' dir='ltr'><strong>esse</strong></span> <span class='ocrx_word' id='word_1_35' title='bbox 763 1405 902 1472; x_wconf 90' lang='lat' dir='ltr'><strong>asseruit</strong></span> <span class='ocrx_word' id='word_1_36' title='bbox 932 1410 964 1468; x_wconf 93' lang='lat' dir='ltr'><strong>et</strong></span> <span class='ocrx_word' id='word_1_37' title='bbox 997 1403 1061 1468; x_wconf 91' lang='lat' dir='ltr'><strong>alia</strong></span> <span class='ocrx_word' id='word_1_38' title='bbox 1093 1402 1183 1485; x_wconf 92' lang='lat' dir='ltr'><strong>plura</strong></span> <span class='ocrx_word' id='word_1_39' title='bbox 1205 1405 1345 1469; x_wconf 87' lang='lat' dir='ltr'><strong>evomuit</strong></span> <span class='ocrx_word' id='word_1_40' title='bbox 1367 1405 1570 1488; x_wconf 89' lang='lat' dir='ltr'><strong>impudenter</strong></span> <span class='ocrx_word' id='word_1_41' title='bbox 1590 1423 1724 1470; x_wconf 90' lang='lat' dir='ltr'><strong>erronea</strong></span> <span class='ocrx_word' id='word_1_42' title='bbox 1745 1408 1780 1470; x_wconf 90' lang='lat' dir='ltr'><strong>et</strong></span> <span class='ocrx_word' id='word_1_43' title='bbox 1801 1402 1878 1470; x_wconf 90' lang='lat' dir='ltr'><strong>fidei</strong></span> <span class='ocrx_word' id='word_1_44' title='bbox 1902 1404 2048 1470; x_wconf 88' lang='lat' dir='ltr'><strong>catholice</strong></span> 
     </span>
     <span class='ocr_line' id='line_1_6' title="bbox 543 1507 2047 1594; baseline -0.002 -18"><span class='ocrx_word' id='word_1_45' title='bbox 543 1512 682 1589; x_wconf 91' lang='lat' dir='ltr'><strong>inimica,</strong></span> <span class='ocrx_word' id='word_1_46' title='bbox 705 1528 848 1594; x_wconf 91' lang='lat' dir='ltr'><strong>perque</strong></span> <span class='ocrx_word' id='word_1_47' title='bbox 872 1509 912 1573; x_wconf 90' lang='lat' dir='ltr'><strong>de</strong></span> <span class='ocrx_word' id='word_1_48' title='bbox 934 1508 1084 1573; x_wconf 87' lang='lat' dir='ltr'><strong>scismate</strong></span> <span class='ocrx_word' id='word_1_49' title='bbox 1107 1513 1290 1590; x_wconf 88' lang='lat' dir='ltr'><strong>suspectum</strong></span> <span class='ocrx_word' id='word_1_50' title='bbox 1314 1525 1349 1573; x_wconf 91' lang='lat' dir='ltr'><strong>se</strong></span> <span class='ocrx_word' id='word_1_51' title='bbox 1372 1508 1512 1576; x_wconf 84' lang='lat' dir='ltr'><strong>reddidit</strong></span> <span class='ocrx_word' id='word_1_52' title='bbox 1526 1508 1552 1591; x_wconf 71' lang='lat' dir='ltr'><strong>s)</strong></span> <span class='ocrx_word' id='word_1_53' title='bbox 1587 1515 1620 1576; x_wconf 89' lang='lat' dir='ltr'><strong>et</strong></span> <span class='ocrx_word' id='word_1_54' title='bbox 1646 1510 1766 1576; x_wconf 90' lang='lat' dir='ltr'><strong>utinam</strong></span> <span class='ocrx_word' id='word_1_55' title='bbox 1797 1527 1863 1575; x_wconf 94' lang='lat' dir='ltr'><strong>non</strong></span> <span class='ocrx_word' id='word_1_56' title='bbox 1893 1507 2047 1574; x_wconf 84' lang='lat' dir='ltr'><strong>iniectum.</strong></span> 
     </span>
     <span class='ocr_line' id='line_1_7' title="bbox 544 1612 2047 1696; baseline -0.002 -14"><span class='ocrx_word' id='word_1_57' title='bbox 544 1614 685 1682; x_wconf 83' lang='lat' dir='ltr'><strong>Clericos</strong></span> <span class='ocrx_word' id='word_1_58' title='bbox 708 1617 857 1696; x_wconf 91' lang='lat' dir='ltr'><strong>preterea</strong></span> <span class='ocrx_word' id='word_1_59' title='bbox 879 1613 1046 1692; x_wconf 87' lang='lat' dir='ltr'><strong>Romanos,</strong></span> <span class='ocrx_word' id='word_1_60' title='bbox 1070 1616 1161 1676; x_wconf 88' lang='lat' dir='ltr'><strong>extra</strong></span> <span class='ocrx_word' id='word_1_61' title='bbox 1184 1613 1295 1678; x_wconf 91' lang='lat' dir='ltr'><strong>urbem</strong></span> <span class='ocrx_word' id='word_1_62' title='bbox 1317 1617 1482 1679; x_wconf 91' lang='lat' dir='ltr'><strong>manentes</strong></span> <span class='ocrx_word' id='word_1_63' title='bbox 1501 1615 1644 1694; x_wconf 88' lang='lat' dir='ltr'><strong>eandem,</strong></span> <span class='ocrx_word' id='word_1_64' title='bbox 1667 1621 1703 1679; x_wconf 91' lang='lat' dir='ltr'><strong>ut</strong></span> <span class='ocrx_word' id='word_1_65' title='bbox 1725 1614 1871 1679; x_wconf 88' lang='lat' dir='ltr'><strong>redirent</strong></span> <span class='ocrx_word' id='word_1_66' title='bbox 1893 1612 1936 1678; x_wconf 89' lang='lat' dir='ltr'><strong>ad</strong></span> <span class='ocrx_word' id='word_1_67' title='bbox 1959 1612 2047 1689; x_wconf 86' lang='lat' dir='ltr'><strong>illam,</strong></span> 
     </span>
     <span class='ocr_line' id='line_1_8' title="bbox 544 1716 2048 1801; baseline -0.002 -18"><span class='ocrx_word' id='word_1_68' title='bbox 544 1718 706 1801; x_wconf 92' lang='lat' dir='ltr'><strong>proposito</strong></span> <span class='ocrx_word' id='word_1_69' title='bbox 741 1718 846 1782; x_wconf 88' lang='lat' dir='ltr'><strong>edicto</strong></span> <span class='ocrx_word' id='word_1_70' title='bbox 881 1716 991 1783; x_wconf 87' lang='lat' dir='ltr'><strong>citavit</strong></span> <span class='ocrx_word' id='word_1_71' title='bbox 1024 1734 1061 1781; x_wconf 89' lang='lat' dir='ltr'><strong>ac</strong></span> <span class='ocrx_word' id='word_1_72' title='bbox 1091 1716 1270 1781; x_wconf 87' lang='lat' dir='ltr'><strong>sentencias</strong></span> <span class='ocrx_word' id='word_1_73' title='bbox 1294 1734 1448 1783; x_wconf 89' lang='lat' dir='ltr'><strong>canonum</strong></span> <span class='ocrx_word' id='word_1_74' title='bbox 1471 1736 1633 1800; x_wconf 81' lang='lat' dir='ltr'><strong>penesque</strong></span> <span class='ocrx_word' id='word_1_75' title='bbox 1656 1736 1718 1783; x_wconf 92' lang='lat' dir='ltr'><strong>non</strong></span> <span class='ocrx_word' id='word_1_76' title='bbox 1740 1719 1867 1783; x_wconf 83' lang='lat' dir='ltr'><strong>veritus</strong></span> <span class='ocrx_word' id='word_1_77' title='bbox 1890 1718 2048 1783; x_wconf 85' lang='lat' dir='ltr'><strong>nonnullos</strong></span> 
     </span>
     <span class='ocr_line' id='line_1_9' title="bbox 543 1820 2047 1905; baseline -0.001 -18"><span class='ocrx_word' id='word_1_78' title='bbox 543 1823 705 1889; x_wconf 89' lang='lat' dir='ltr'><strong>seculares</strong></span> <span class='ocrx_word' id='word_1_79' title='bbox 727 1828 761 1886; x_wconf 91' lang='lat' dir='ltr'><strong>et</strong></span> <span class='ocrx_word' id='word_1_80' title='bbox 783 1822 949 1904; x_wconf 82' lang='lat' dir='ltr'><strong>religiosos</strong></span> <span class='ocrx_word' id='word_1_81' title='bbox 972 1820 1106 1886; x_wconf 90' lang='lat' dir='ltr'><strong>clericos</strong></span> <span class='ocrx_word' id='word_1_82' title='bbox 1130 1822 1248 1886; x_wconf 78' lang='lat' dir='ltr'><strong>artavit</strong></span> <span class='ocrx_word' id='word_1_83' title='bbox 1271 1823 1418 1905; x_wconf 83' lang='lat' dir='ltr'><strong>angustia</strong></span> <span class='ocrx_word' id='word_1_84' title='bbox 1441 1823 1603 1890; x_wconf 88' lang='lat' dir='ltr'><strong>carcerali.</strong></span> <span class='ocrx_word' id='word_1_85' title='bbox 1648 1823 1692 1889; x_wconf 82' lang='lat' dir='ltr'><strong>Et</strong></span> <span class='ocrx_word' id='word_1_86' title='bbox 1715 1823 1792 1889; x_wconf 92' lang='lat' dir='ltr'><strong>licet</strong></span> <span class='ocrx_word' id='word_1_87' title='bbox 1827 1822 1921 1889; x_wconf 85' lang='lat' dir='ltr'><strong>aelus</strong></span> <span class='ocrx_word' id='word_1_88' title='bbox 1945 1823 2047 1889; x_wconf 89' lang='lat' dir='ltr'><strong>domus</strong></span> 
     </span>
     <span class='ocr_line' id='line_1_10' title="bbox 543 1926 2048 2013; baseline -0.001 -21"><span class='ocrx_word' id='word_1_89' title='bbox 543 1928 705 2008; x_wconf 66' lang='lat' dir='ltr'><strong>dominis)</strong></span> <span class='ocrx_word' id='word_1_90' title='bbox 729 1929 819 1992; x_wconf 92' lang='lat' dir='ltr'><strong>cuius</strong></span> <span class='ocrx_word' id='word_1_91' title='bbox 833 1926 860 2008; x_wconf 82' lang='lat' dir='ltr'><strong>h)</strong></span> <span class='ocrx_word' id='word_1_92' title='bbox 883 1926 1146 2010; x_wconf 79' lang='lat' dir='ltr'><strong>gubernacionem</strong></span> <span class='ocrx_word' id='word_1_93' title='bbox 1169 1928 1313 2009; x_wconf 85' lang='lat' dir='ltr'><strong>quamvis</strong></span> <span class='ocrx_word' id='word_1_94' title='bbox 1336 1928 1485 1994; x_wconf 91' lang='lat' dir='ltr'><strong>immeriti</strong></span> <span class='ocrx_word' id='word_1_95' title='bbox 1508 1929 1656 2013; x_wconf 81' lang='lat' dir='ltr'><strong>gerimus,</strong></span> <span class='ocrx_word' id='word_1_96' title='bbox 1674 1928 1715 1994; x_wconf 89' lang='lat' dir='ltr'><strong>ad</strong></span> <span class='ocrx_word' id='word_1_97' title='bbox 1737 1928 1933 1995; x_wconf 86' lang='lat' dir='ltr'><strong>obviandum</strong></span> <span class='ocrx_word' id='word_1_98' title='bbox 1949 1928 2048 1992; x_wconf 74' lang='lat' dir='ltr'><strong>huius</strong></span> 
     </span>
     <span class='ocr_line' id='line_1_11' title="bbox 543 2031 2047 2115; baseline -0.001 -18"><span class='ocrx_word' id='word_1_99' title='bbox 543 2032 627 2097; x_wconf 90' lang='lat' dir='ltr'><strong>modi</strong></span> <span class='ocrx_word' id='word_1_100' title='bbox 641 2038 674 2098; x_wconf 94' lang='lat' dir='ltr'><strong>et</strong></span> <span class='ocrx_word' id='word_1_101' title='bbox 688 2031 759 2096; x_wconf 90' lang='lat' dir='ltr'><strong>aliis</strong></span> <span class='ocrx_word' id='word_1_102' title='bbox 775 2031 919 2114; x_wconf 90' lang='lat' dir='ltr'><strong>pluribus</strong></span> <span class='ocrx_word' id='word_1_103' title='bbox 934 2036 997 2097; x_wconf 89' lang='lat' dir='ltr'><strong>tam</strong></span> <span class='ocrx_word' id='word_1_104' title='bbox 1014 2031 1132 2112; x_wconf 88' lang='lat' dir='ltr'><strong>iniquis</strong></span> <span class='ocrx_word' id='word_1_105' title='bbox 1151 2035 1280 2113; x_wconf 89' lang='lat' dir='ltr'><strong>tamque</strong></span> <span class='ocrx_word' id='word_1_106' title='bbox 1296 2033 1402 2114; x_wconf 85' lang='lat' dir='ltr'><strong>pravis</strong></span> <span class='ocrx_word' id='word_1_107' title='bbox 1418 2032 1495 2098; x_wconf 89' lang='lat' dir='ltr'><strong>dicti</strong></span> <span class='ocrx_word' id='word_1_108' title='bbox 1511 2033 1635 2100; x_wconf 88' lang='lat' dir='ltr'><strong>Nicolai</strong></span> <span class='ocrx_word' id='word_1_109' title='bbox 1652 2033 1817 2099; x_wconf 92' lang='lat' dir='ltr'><strong>conatibus</strong></span> <span class='ocrx_word' id='word_1_110' title='bbox 1833 2050 1893 2098; x_wconf 92' lang='lat' dir='ltr'><strong>nos</strong></span> <span class='ocrx_word' id='word_1_111' title='bbox 1910 2038 2047 2115; x_wconf 79' lang='lat' dir='ltr'><strong>urgeret:</strong></span> 
     </span>
     <span class='ocr_line' id='line_1_12' title="bbox 543 2136 2048 2219; baseline 0.001 -19"><span class='ocrx_word' id='word_1_112' title='bbox 543 2155 601 2202; x_wconf 89' lang='lat' dir='ltr'><strong>nos</strong></span> <span class='ocrx_word' id='word_1_113' title='bbox 616 2144 733 2215; x_wconf 89' lang='lat' dir='ltr'><strong>tamen,</strong></span> <span class='ocrx_word' id='word_1_114' title='bbox 750 2136 969 2202; x_wconf 84' lang='lat' dir='ltr'><strong>desiderantes</strong></span> <span class='ocrx_word' id='word_1_115' title='bbox 985 2138 1109 2201; x_wconf 90' lang='lat' dir='ltr'><strong>attente</strong></span> <span class='ocrx_word' id='word_1_116' title='bbox 1124 2153 1211 2200; x_wconf 90' lang='lat' dir='ltr'><strong>more</strong></span> <span class='ocrx_word' id='word_1_117' title='bbox 1227 2136 1271 2217; x_wconf 93' lang='lat' dir='ltr'><strong>pii</strong></span> <span class='ocrx_word' id='word_1_118' title='bbox 1294 2139 1397 2219; x_wconf 88' lang='lat' dir='ltr'><strong>patris</strong></span> <span class='ocrx_word' id='word_1_119' title='bbox 1420 2156 1492 2203; x_wconf 91' lang='lat' dir='ltr'><strong>eum</strong></span> <span class='ocrx_word' id='word_1_120' title='bbox 1515 2137 1687 2203; x_wconf 91' lang='lat' dir='ltr'><strong>lenimento</strong></span> <span class='ocrx_word' id='word_1_121' title='bbox 1710 2137 1887 2203; x_wconf 86' lang='lat' dir='ltr'><strong>clemencie</strong></span> <span class='ocrx_word' id='word_1_122' title='bbox 1910 2139 1951 2203; x_wconf 88' lang='lat' dir='ltr'><strong>ab</strong></span> <span class='ocrx_word' id='word_1_123' title='bbox 1974 2138 2048 2202; x_wconf 89' lang='lat' dir='ltr'><strong>inrio</strong></span> 
     </span>
     <span class='ocr_line' id='line_1_13' title="bbox 543 2240 2047 2323; baseline -0.001 -18"><span class='ocrx_word' id='word_1_124' title='bbox 543 2241 661 2306; x_wconf 85' lang='lat' dir='ltr'><strong>erroris</strong></span> <span class='ocrx_word' id='word_1_125' title='bbox 675 2240 841 2306; x_wconf 91' lang='lat' dir='ltr'><strong>retrahere</strong></span> <span class='ocrx_word' id='word_1_126' title='bbox 858 2258 895 2304; x_wconf 83' lang='lat' dir='ltr'><strong>ac-</strong></span> <span class='ocrx_word' id='word_1_127' title='bbox 911 2240 951 2304; x_wconf 88' lang='lat' dir='ltr'><strong>ad</strong></span> <span class='ocrx_word' id='word_1_128' title='bbox 967 2241 1050 2304; x_wconf 86' lang='lat' dir='ltr'><strong>viam</strong></span> <span class='ocrx_word' id='word_1_129' title='bbox 1066 2240 1203 2323; x_wconf 78' lang='lat' dir='ltr'><strong>dirigere</strong></span> <span class='ocrx_word' id='word_1_130' title='bbox 1219 2241 1374 2318; x_wconf 87' lang='lat' dir='ltr'><strong>veritatis,</strong></span> <span class='ocrx_word' id='word_1_131' title='bbox 1391 2242 1494 2323; x_wconf 90' lang='lat' dir='ltr'><strong>perd.</strong></span> <span class='ocrx_word' id='word_1_132' title='bbox 1512 2241 1532 2307; x_wconf 89' lang='lat' dir='ltr'><strong>l.</strong></span> <span class='ocrx_word' id='word_1_133' title='bbox 1550 2261 1579 2306; x_wconf 91' lang='lat' dir='ltr'><strong>n.</strong></span> <span class='ocrx_word' id='word_1_134' title='bbox 1595 2242 1817 2321; x_wconf 88' lang='lat' dir='ltr'><strong>Bertrandum,</strong></span> <span class='ocrx_word' id='word_1_135' title='bbox 1842 2242 1932 2307; x_wconf 90' lang='lat' dir='ltr'><strong>tituli</strong></span> <span class='ocrx_word' id='word_1_136' title='bbox 1956 2242 2047 2306; x_wconf 90' lang='lat' dir='ltr'><strong>sancti</strong></span> 
     </span>
     <span class='ocr_line' id='line_1_14' title="bbox 543 2344 2048 2429; baseline -0.002 -19"><span class='ocrx_word' id='word_1_137' title='bbox 543 2345 643 2410; x_wconf 84' lang='lat' dir='ltr'><strong>Marci</strong></span> <span class='ocrx_word' id='word_1_138' title='bbox 666 2345 886 2428; x_wconf 86' lang='lat' dir='ltr'><strong>presbyterum</strong></span> <span class='ocrx_word' id='word_1_139' title='bbox 910 2345 1111 2422; x_wconf 85' lang='lat' dir='ltr'><strong>cardinalem,</strong></span> <span class='ocrx_word' id='word_1_140' title='bbox 1134 2344 1310 2426; x_wconf 90' lang='lat' dir='ltr'><strong>apostolice</strong></span> <span class='ocrx_word' id='word_1_141' title='bbox 1333 2346 1418 2411; x_wconf 90' lang='lat' dir='ltr'><strong>sedis</strong></span> <span class='ocrx_word' id='word_1_142' title='bbox 1441 2346 1589 2429; x_wconf 83' lang='lat' dir='ltr'><strong>legatum,</strong></span> <span class='ocrx_word' id='word_1_143' title='bbox 1613 2348 1757 2429; x_wconf 91' lang='lat' dir='ltr'><strong>paternis</strong></span> <span class='ocrx_word' id='word_1_144' title='bbox 1790 2347 1971 2412; x_wconf 89' lang='lat' dir='ltr'><strong>institimus</strong></span> <span class='ocrx_word' id='word_1_145' title='bbox 1992 2363 2048 2410; x_wconf 81' lang='lat' dir='ltr'><strong>mo</strong></span> 
     </span>
     <span class='ocr_line' id='line_1_15' title="bbox 542 2447 2046 2533; baseline -0.001 -19"><span class='ocrx_word' id='word_1_146' title='bbox 542 2449 627 2528; x_wconf 90' lang='lat' dir='ltr'><strong>uitis,</strong></span> <span class='ocrx_word' id='word_1_147' title='bbox 651 2456 687 2513; x_wconf 91' lang='lat' dir='ltr'><strong>ut</strong></span> <span class='ocrx_word' id='word_1_148' title='bbox 709 2449 888 2513; x_wconf 91' lang='lat' dir='ltr'><strong>huiusmodi</strong></span> <span class='ocrx_word' id='word_1_149' title='bbox 910 2447 1078 2513; x_wconf 79' lang='lat' dir='ltr'><strong>fatuitates</strong></span> <span class='ocrx_word' id='word_1_150' title='bbox 1101 2467 1253 2515; x_wconf 87' lang='lat' dir='ltr'><strong>erroneas</strong></span> <span class='ocrx_word' id='word_1_151' title='bbox 1276 2455 1373 2533; x_wconf 90' lang='lat' dir='ltr'><strong>atque</strong></span> <span class='ocrx_word' id='word_1_152' title='bbox 1396 2450 1567 2532; x_wconf 86' lang='lat' dir='ltr'><strong>pestiferas</strong></span> <span class='ocrx_word' id='word_1_153' title='bbox 1594 2451 1719 2516; x_wconf 92' lang='lat' dir='ltr'><strong>omuino</strong></span> <span class='ocrx_word' id='word_1_154' title='bbox 1750 2450 1933 2533; x_wconf 89' lang='lat' dir='ltr'><strong>deponeret.</strong></span> <span class='ocrx_word' id='word_1_155' title='bbox 1961 2460 1994 2513; x_wconf 86' lang='lat' dir='ltr'><strong>et</strong></span> <span class='ocrx_word' id='word_1_156' title='bbox 2014 2449 2046 2513; x_wconf 88' lang='lat' dir='ltr'><strong>ad</strong></span> 
     </span>
     <span class='ocr_line' id='line_1_16' title="bbox 543 2547 2047 2637; baseline 0.001 -21"><span class='ocrx_word' id='word_1_157' title='bbox 543 2553 671 2618; x_wconf 85' lang='lat' dir='ltr'><strong>salrrbre</strong></span> <span class='ocrx_word' id='word_1_158' title='bbox 694 2553 795 2634; x_wconf 89' lang='lat' dir='ltr'><strong>ipsius</strong></span> <span class='ocrx_word' id='word_1_159' title='bbox 818 2552 906 2616; x_wconf 91' lang='lat' dir='ltr'><strong>urhis</strong></span> <span class='ocrx_word' id='word_1_160' title='bbox 927 2552 1069 2634; x_wconf 80' lang='lat' dir='ltr'><strong>regimen</strong></span> <span class='ocrx_word' id='word_1_161' title='bbox 1092 2557 1259 2618; x_wconf 89' lang='lat' dir='ltr'><strong>contentus</strong></span> <span class='ocrx_word' id='word_1_162' title='bbox 1281 2555 1420 2636; x_wconf 91' lang='lat' dir='ltr'><strong>propriis</strong></span> <span class='ocrx_word' id='word_1_163' title='bbox 1442 2554 1587 2620; x_wconf 88' lang='lat' dir='ltr'><strong>terminis</strong></span> <span class='ocrx_word' id='word_1_164' title='bbox 1610 2547 1768 2636; x_wconf 84' lang='lat' dir='ltr'><strong>cogitatus</strong></span> <span class='ocrx_word' id='word_1_165' title='bbox 1799 2556 1953 2637; x_wconf 82' lang='lat' dir='ltr'><strong>erigeret,</strong></span> <span class='ocrx_word' id='word_1_166' title='bbox 1984 2573 2047 2618; x_wconf 86' lang='lat' dir='ltr'><strong>con·</strong></span> 
     </span>
     <span class='ocr_line' id='line_1_17' title="bbox 545 2656 2046 2740; baseline 0 -18"><span class='ocrx_word' id='word_1_167' title='bbox 545 2663 684 2722; x_wconf 80' lang='lat' dir='ltr'><strong>uerteret</strong></span> <span class='ocrx_word' id='word_1_168' title='bbox 707 2656 813 2722; x_wconf 91' lang='lat' dir='ltr'><strong>studia</strong></span> <span class='ocrx_word' id='word_1_169' title='bbox 835 2662 868 2721; x_wconf 89' lang='lat' dir='ltr'><strong>et</strong></span> <span class='ocrx_word' id='word_1_170' title='bbox 890 2674 987 2740; x_wconf 89' lang='lat' dir='ltr'><strong>opera</strong></span> <span class='ocrx_word' id='word_1_171' title='bbox 1010 2663 1183 2736; x_wconf 83' lang='lat' dir='ltr'><strong>exerceret,</strong></span> <span class='ocrx_word' id='word_1_172' title='bbox 1208 2659 1342 2722; x_wconf 89' lang='lat' dir='ltr'><strong>eandem</strong></span> <span class='ocrx_word' id='word_1_173' title='bbox 1366 2659 1533 2726; x_wconf 92' lang='lat' dir='ltr'><strong>ecclesiam</strong></span> <span class='ocrx_word' id='word_1_174' title='bbox 1556 2659 1588 2724; x_wconf 94' lang='lat' dir='ltr'><strong>in</strong></span> <span class='ocrx_word' id='word_1_175' title='bbox 1612 2659 1768 2725; x_wconf 91' lang='lat' dir='ltr'><strong>dominam</strong></span> <span class='ocrx_word' id='word_1_176' title='bbox 1796 2664 2002 2725; x_wconf 84' lang='lat' dir='ltr'><strong>revereretur</strong></span> <span class='ocrx_word' id='word_1_177' title='bbox 2020 2666 2046 2723; x_wconf 87' lang='lat' dir='ltr'><strong>el</strong></span> 
     </span>
     <span class='ocr_line' id='line_1_18' title="bbox 542 2761 2045 2848; baseline 0.001 -21"><span class='ocrx_word' id='word_1_178' title='bbox 542 2767 685 2841; x_wconf 86' lang='lat' dir='ltr'><strong>matrem,</strong></span> <span class='ocrx_word' id='word_1_179' title='bbox 720 2762 886 2826; x_wconf 88' lang='lat' dir='ltr'><strong>citacionis</strong></span> <span class='ocrx_word' id='word_1_180' title='bbox 920 2761 1072 2840; x_wconf 90' lang='lat' dir='ltr'><strong>eiusdem,</strong></span> <span class='ocrx_word' id='word_1_181' title='bbox 1107 2779 1296 2844; x_wconf 89' lang='lat' dir='ltr'><strong>quamquam</strong></span> <span class='ocrx_word' id='word_1_182' title='bbox 1331 2781 1369 2828; x_wconf 80' lang='lat' dir='ltr'><strong>es</strong></span> <span class='ocrx_word' id='word_1_183' title='bbox 1400 2764 1488 2828; x_wconf 90' lang='lat' dir='ltr'><strong>nulla</strong></span> <span class='ocrx_word' id='word_1_184' title='bbox 1511 2766 1560 2830; x_wconf 92' lang='lat' dir='ltr'><strong>sui</strong></span> <span class='ocrx_word' id='word_1_185' title='bbox 1582 2769 1675 2848; x_wconf 90' lang='lat' dir='ltr'><strong>parte</strong></span> <span class='ocrx_word' id='word_1_186' title='bbox 1698 2765 1893 2829; x_wconf 84' lang='lat' dir='ltr'><strong>subsisteret</strong></span> <span class='ocrx_word' id='word_1_187' title='bbox 1916 2764 2045 2829; x_wconf 88' lang='lat' dir='ltr'><strong>edictum</strong></span> 
     </span>
     <span class='ocr_line' id='line_1_19' title="bbox 544 2865 2046 2950; baseline 0.001 -20"><span class='ocrx_word' id='word_1_188' title='bbox 544 2885 600 2930; x_wconf 87' lang='lat' dir='ltr'><strong>seu</strong></span> <span class='ocrx_word' id='word_1_189' title='bbox 635 2865 805 2931; x_wconf 86' lang='lat' dir='ltr'><strong>ludibrium</strong></span> <span class='ocrx_word' id='word_1_190' title='bbox 840 2865 956 2944; x_wconf 84' lang='lat' dir='ltr'><strong>verius,</strong></span> <span class='ocrx_word' id='word_1_191' title='bbox 991 2867 1073 2930; x_wconf 88' lang='lat' dir='ltr'><strong>sicut</strong></span> <span class='ocrx_word' id='word_1_192' title='bbox 1108 2866 1148 2930; x_wconf 90' lang='lat' dir='ltr'><strong>ad</strong></span> <span class='ocrx_word' id='word_1_193' title='bbox 1182 2865 1262 2931; x_wconf 93' lang='lat' dir='ltr'><strong>illud</strong></span> <span class='ocrx_word' id='word_1_194' title='bbox 1296 2866 1336 2931; x_wconf 90' lang='lat' dir='ltr'><strong>de</strong></span> <span class='ocrx_word' id='word_1_195' title='bbox 1365 2866 1450 2932; x_wconf 84' lang='lat' dir='ltr'><strong>iacto</strong></span> <span class='ocrx_word' id='word_1_196' title='bbox 1473 2872 1683 2950; x_wconf 85' lang='lat' dir='ltr'><strong>processerat,</strong></span> <span class='ocrx_word' id='word_1_197' title='bbox 1709 2869 1754 2932; x_wconf 91' lang='lat' dir='ltr'><strong>sic</strong></span> <span class='ocrx_word' id='word_1_198' title='bbox 1778 2868 1819 2932; x_wconf 89' lang='lat' dir='ltr'><strong>de</strong></span> <span class='ocrx_word' id='word_1_199' title='bbox 1844 2868 1932 2933; x_wconf 85' lang='lat' dir='ltr'><strong>iacto</strong></span> <span class='ocrx_word' id='word_1_200' title='bbox 1956 2868 2046 2933; x_wconf 85' lang='lat' dir='ltr'><strong>eciam</strong></span> 
     </span>
     <span class='ocr_line' id='line_1_20' title="bbox 545 2970 2049 3055; baseline 0 -21"><span class='ocrx_word' id='word_1_201' title='bbox 545 2976 719 3047; x_wconf 73' lang='lat' dir='ltr'><strong>revocaret,</strong></span> <span class='ocrx_word' id='word_1_202' title='bbox 750 2976 855 3035; x_wconf 86' lang='lat' dir='ltr'><strong>errata</strong></span> <span class='ocrx_word' id='word_1_203' title='bbox 879 2970 1061 3052; x_wconf 80' lang='lat' dir='ltr'><strong>corrigeret,</strong></span> <span class='ocrx_word' id='word_1_204' title='bbox 1085 2987 1142 3051; x_wconf 93' lang='lat' dir='ltr'><strong>pro</strong></span> <span class='ocrx_word' id='word_1_205' title='bbox 1165 2970 1341 3035; x_wconf 87' lang='lat' dir='ltr'><strong>commissis</strong></span> <span class='ocrx_word' id='word_1_206' title='bbox 1365 2972 1489 3038; x_wconf 90' lang='lat' dir='ltr'><strong>veniam</strong></span> <span class='ocrx_word' id='word_1_207' title='bbox 1511 2977 1637 3055; x_wconf 89' lang='lat' dir='ltr'><strong>peteret</strong></span> <span class='ocrx_word' id='word_1_208' title='bbox 1658 2978 1691 3036; x_wconf 87' lang='lat' dir='ltr'><strong>et</strong></span> <span class='ocrx_word' id='word_1_209' title='bbox 1715 2990 1734 3036; x_wconf 88' lang='lat' dir='ltr'><strong>a</strong></span> <span class='ocrx_word' id='word_1_210' title='bbox 1757 2972 1995 3037; x_wconf 81' lang='lat' dir='ltr'><strong>committendis</strong></span> <span class='ocrx_word' id='word_1_211' title='bbox 2015 2972 2049 3035; x_wconf 90' lang='lat' dir='ltr'><strong>de</strong></span> 
     </span>
     <span class='ocr_line' id='line_1_21' title="bbox 543 3073 2048 3156; baseline 0 -17"><span class='ocrx_word' id='word_1_212' title='bbox 543 3080 651 3139; x_wconf 89' lang='lat' dir='ltr'><strong>cetero</strong></span> <span class='ocrx_word' id='word_1_213' title='bbox 674 3075 860 3150; x_wconf 89' lang='lat' dir='ltr'><strong>abstineret,</strong></span> <span class='ocrx_word' id='word_1_214' title='bbox 884 3079 1037 3156; x_wconf 88' lang='lat' dir='ltr'><strong>occupata</strong></span> <span class='ocrx_word' id='word_1_215' title='bbox 1062 3091 1120 3155; x_wconf 91' lang='lat' dir='ltr'><strong>per</strong></span> <span class='ocrx_word' id='word_1_216' title='bbox 1142 3092 1213 3138; x_wconf 91' lang='lat' dir='ltr'><strong>eum</strong></span> <span class='ocrx_word' id='word_1_217' title='bbox 1237 3073 1338 3156; x_wconf 90' lang='lat' dir='ltr'><strong>ipsius</strong></span> <span class='ocrx_word' id='word_1_218' title='bbox 1362 3075 1497 3140; x_wconf 91' lang='lat' dir='ltr'><strong>ecclesie</strong></span> <span class='ocrx_word' id='word_1_219' title='bbox 1530 3077 1603 3141; x_wconf 87' lang='lat' dir='ltr'><strong>iura</strong></span> <span class='ocrx_word' id='word_1_220' title='bbox 1637 3076 1813 3141; x_wconf 89' lang='lat' dir='ltr'><strong>dimitteret</strong></span> <span class='ocrx_word' id='word_1_221' title='bbox 1845 3083 1880 3142; x_wconf 92' lang='lat' dir='ltr'><strong>et</strong></span> <span class='ocrx_word' id='word_1_222' title='bbox 1903 3078 1944 3141; x_wconf 90' lang='lat' dir='ltr'><strong>ah</strong></span> <span class='ocrx_word' id='word_1_223' title='bbox 1967 3095 2048 3141; x_wconf 78' lang='lat' dir='ltr'><strong>‹ncn-</strong></span> 
     </span>
     <span class='ocr_line' id='line_1_22' title="bbox 543 3178 2047 3262; baseline 0.002 -20"><span class='ocrx_word' id='word_1_224' title='bbox 543 3179 656 3260; x_wconf 87' lang='lat' dir='ltr'><strong>pandis</strong></span> <span class='ocrx_word' id='word_1_225' title='bbox 688 3197 801 3245; x_wconf 91' lang='lat' dir='ltr'><strong>manus</strong></span> <span class='ocrx_word' id='word_1_226' title='bbox 834 3179 1008 3261; x_wconf 79' lang='lat' dir='ltr'><strong>sacrilegas</strong></span> <span class='ocrx_word' id='word_1_227' title='bbox 1042 3184 1216 3243; x_wconf 80' lang='lat' dir='ltr'><strong>revocaret.</strong></span> <span class='ocrx_word' id='word_1_228' title='bbox 1264 3178 1406 3261; x_wconf 82' lang='lat' dir='ltr'><strong>Cumque</strong></span> <span class='ocrx_word' id='word_1_229' title='bbox 1441 3180 1561 3244; x_wconf 90' lang='lat' dir='ltr'><strong>monita</strong></span> <span class='ocrx_word' id='word_1_230' title='bbox 1595 3181 1695 3262; x_wconf 89' lang='lat' dir='ltr'><strong>patris</strong></span> <span class='ocrx_word' id='word_1_231' title='bbox 1725 3180 1905 3246; x_wconf 87' lang='lat' dir='ltr'><strong>obaudiens</strong></span> <span class='ocrx_word' id='word_1_232' title='bbox 1929 3194 1963 3245; x_wconf 87' lang='lat' dir='ltr'><strong>et</strong></span> <span class='ocrx_word' id='word_1_233' title='bbox 1985 3200 2047 3245; x_wconf 90' lang='lat' dir='ltr'><strong>cou-</strong></span> 
     </span>
     <span class='ocr_line' id='line_1_23' title="bbox 542 3283 2046 3367; baseline -0.001 -20"><span class='ocrx_word' id='word_1_234' title='bbox 542 3290 716 3365; x_wconf 89' lang='lat' dir='ltr'><strong>tempnens,</strong></span> <span class='ocrx_word' id='word_1_235' title='bbox 740 3302 803 3366; x_wconf 92' lang='lat' dir='ltr'><strong>quo</strong></span> <span class='ocrx_word' id='word_1_236' title='bbox 825 3302 897 3348; x_wconf 90' lang='lat' dir='ltr'><strong>eum</strong></span> <span class='ocrx_word' id='word_1_237' title='bbox 919 3283 1128 3348; x_wconf 88' lang='lat' dir='ltr'><strong>toleraremus</strong></span> <span class='ocrx_word' id='word_1_238' title='bbox 1152 3283 1343 3364; x_wconf 83' lang='lat' dir='ltr'><strong>pacienciae,</strong></span> <span class='ocrx_word' id='word_1_239' title='bbox 1367 3302 1404 3348; x_wconf 91' lang='lat' dir='ltr'><strong>co</strong></span> <span class='ocrx_word' id='word_1_240' title='bbox 1434 3284 1662 3348; x_wconf 84' lang='lat' dir='ltr'><strong>intumesceret</strong></span> <span class='ocrx_word' id='word_1_241' title='bbox 1692 3284 1812 3367; x_wconf 80' lang='lat' dir='ltr'><strong>pocius,</strong></span> <span class='ocrx_word' id='word_1_242' title='bbox 1848 3302 1887 3349; x_wconf 89' lang='lat' dir='ltr'><strong>co</strong></span> <span class='ocrx_word' id='word_1_243' title='bbox 1918 3285 2046 3366; x_wconf 86' lang='lat' dir='ltr'><strong>amplius</strong></span> 
     </span>
     <span class='ocr_line' id='line_1_24' title="bbox 546 3384 2048 3470; baseline 0.003 -21"><span class='ocrx_word' id='word_1_244' title='bbox 546 3387 742 3469; x_wconf 87' lang='lat' dir='ltr'><strong>superbiret:</strong></span> <span class='ocrx_word' id='word_1_245' title='bbox 766 3404 824 3451; x_wconf 91' lang='lat' dir='ltr'><strong>nos</strong></span> <span class='ocrx_word' id='word_1_246' title='bbox 839 3385 1051 3463; x_wconf 87' lang='lat' dir='ltr'><strong>attendentes,</strong></span> <span class='ocrx_word' id='word_1_247' title='bbox 1067 3384 1161 3466; x_wconf 82' lang='lat' dir='ltr'><strong>quorl,</strong></span> <span class='ocrx_word' id='word_1_248' title='bbox 1179 3387 1206 3450; x_wconf 92' lang='lat' dir='ltr'><strong>si</strong></span> <span class='ocrx_word' id='word_1_249' title='bbox 1220 3385 1402 3454; x_wconf 90' lang='lat' dir='ltr'><strong>huiusmodi</strong></span> <span class='ocrx_word' id='word_1_250' title='bbox 1417 3387 1533 3470; x_wconf 84' lang='lat' dir='ltr'><strong>prelati</strong></span> <span class='ocrx_word' id='word_1_251' title='bbox 1556 3387 1678 3453; x_wconf 87' lang='lat' dir='ltr'><strong>Nicolai</strong></span> <span class='ocrx_word' id='word_1_252' title='bbox 1702 3387 1846 3454; x_wconf 90' lang='lat' dir='ltr'><strong>iaciuora</strong></span> <span class='ocrx_word' id='word_1_253' title='bbox 1866 3388 2048 3455; x_wconf 87' lang='lat' dir='ltr'><strong>detestanda</strong></span> 
     </span>
     <span class='ocr_line' id='line_1_25' title="bbox 542 3490 2046 3574; baseline 0.001 -18"><span class='ocrx_word' id='word_1_254' title='bbox 542 3509 756 3573; x_wconf 82' lang='lat' dir='ltr'><strong>excessusque</strong></span> <span class='ocrx_word' id='word_1_255' title='bbox 790 3490 958 3574; x_wconf 90' lang='lat' dir='ltr'><strong>nepharios</strong></span> <span class='ocrx_word' id='word_1_256' title='bbox 993 3491 1052 3557; x_wconf 89' lang='lat' dir='ltr'><strong>sub</strong></span> <span class='ocrx_word' id='word_1_257' title='bbox 1086 3490 1342 3557; x_wconf 75' lang='lat' dir='ltr'><strong>dissimulatione</strong></span> <span class='ocrx_word' id='word_1_258' title='bbox 1373 3492 1508 3558; x_wconf 88' lang='lat' dir='ltr'><strong>ulterius</strong></span> <span class='ocrx_word' id='word_1_259' title='bbox 1540 3498 1731 3573; x_wconf 88' lang='lat' dir='ltr'><strong>pateremur,</strong></span> <span class='ocrx_word' id='word_1_260' title='bbox 1754 3492 1924 3573; x_wconf 84' lang='lat' dir='ltr'><strong>paciencia</strong></span> <span class='ocrx_word' id='word_1_261' title='bbox 1949 3498 2046 3558; x_wconf 82' lang='lat' dir='ltr'><strong>nostra</strong></span> 
     </span>
     <span class='ocr_line' id='line_1_26' title="bbox 543 3595 2046 3678; baseline 0.001 -17"><span class='ocrx_word' id='word_1_262' title='bbox 543 3602 706 3661; x_wconf 89' lang='lat' dir='ltr'><strong>notaretur</strong></span> <span class='ocrx_word' id='word_1_263' title='bbox 740 3597 862 3660; x_wconf 91' lang='lat' dir='ltr'><strong>incuria</strong></span> <span class='ocrx_word' id='word_1_264' title='bbox 894 3601 927 3660; x_wconf 88' lang='lat' dir='ltr'><strong>et</strong></span> <span class='ocrx_word' id='word_1_265' title='bbox 960 3595 1156 3678; x_wconf 78' lang='lat' dir='ltr'><strong>negligencia.</strong></span> <span class='ocrx_word' id='word_1_266' title='bbox 1189 3596 1299 3678; x_wconf 90' lang='lat' dir='ltr'><strong>pocius</strong></span> <span class='ocrx_word' id='word_1_267' title='bbox 1323 3603 1516 3676; x_wconf 85' lang='lat' dir='ltr'><strong>censeretur,</strong></span> <span class='ocrx_word' id='word_1_268' title='bbox 1539 3596 1580 3661; x_wconf 81' lang='lat' dir='ltr'><strong>acl</strong></span> <span class='ocrx_word' id='word_1_269' title='bbox 1601 3597 1741 3663; x_wconf 87' lang='lat' dir='ltr'><strong>radicem</strong></span> <span class='ocrx_word' id='word_1_270' title='bbox 1763 3601 1833 3661; x_wconf 92' lang='lat' dir='ltr'><strong>tam</strong></span> <span class='ocrx_word' id='word_1_271' title='bbox 1858 3597 2046 3664; x_wconf 83' lang='lat' dir='ltr'><strong>infmrctuose</strong></span> 
     </span>
     <span class='ocr_line' id='line_1_27' title="bbox 542 3699 2045 3783; baseline 0.001 -18"><span class='ocrx_word' id='word_1_272' title='bbox 542 3707 670 3783; x_wconf 87' lang='lat' dir='ltr'><strong>tamque</strong></span> <span class='ocrx_word' id='word_1_273' title='bbox 693 3700 873 3781; x_wconf 88' lang='lat' dir='ltr'><strong>pestilentis</strong></span> <span class='ocrx_word' id='word_1_274' title='bbox 897 3700 1020 3763; x_wconf 82' lang='lat' dir='ltr'><strong>arboris</strong></span> <span class='ocrx_word' id='word_1_275' title='bbox 1043 3699 1245 3765; x_wconf 88' lang='lat' dir='ltr'><strong>adhibuimus</strong></span> <span class='ocrx_word' id='word_1_276' title='bbox 1268 3702 1404 3765; x_wconf 87' lang='lat' dir='ltr'><strong>securim</strong></span> <span class='ocrx_word' id='word_1_277' title='bbox 1428 3700 1603 3783; x_wconf 85' lang='lat' dir='ltr'><strong>apostalice</strong></span> <span class='ocrx_word' id='word_1_278' title='bbox 1626 3701 1797 3783; x_wconf 89' lang='lat' dir='ltr'><strong>potestatis</strong></span> <span class='ocrx_word' id='word_1_279' title='bbox 1822 3708 1866 3780; x_wconf 83' lang='lat' dir='ltr'><strong>et,</strong></span> <span class='ocrx_word' id='word_1_280' title='bbox 1890 3703 2045 3768; x_wconf 87' lang='lat' dir='ltr'><strong>sicuttibi</strong></span> 
     </span>
     <span class='ocr_line' id='line_1_28' title="bbox 542 3804 2045 3889; baseline 0.003 -21"><span class='ocrx_word' id='word_1_281' title='bbox 542 3805 709 3888; x_wconf 83' lang='lat' dir='ltr'><strong>scripsisse</strong></span> <span class='ocrx_word' id='word_1_282' title='bbox 731 3804 939 3882; x_wconf 89' lang='lat' dir='ltr'><strong>meminimus,</strong></span> <span class='ocrx_word' id='word_1_283' title='bbox 963 3822 1020 3885; x_wconf 90' lang='lat' dir='ltr'><strong>per·</strong></span> <span class='ocrx_word' id='word_1_284' title='bbox 1042 3804 1178 3869; x_wconf 89' lang='lat' dir='ltr'><strong>eundem</strong></span> <span class='ocrx_word' id='word_1_285' title='bbox 1201 3804 1342 3887; x_wconf 86' lang='lat' dir='ltr'><strong>legatum</strong></span> <span class='ocrx_word' id='word_1_286' title='bbox 1366 3804 1575 3889; x_wconf 89' lang='lat' dir='ltr'><strong>spiritualiter·</strong></span> <span class='ocrx_word' id='word_1_287' title='bbox 1596 3824 1634 3870; x_wconf 90' lang='lat' dir='ltr'><strong>ac</strong></span> <span class='ocrx_word' id='word_1_288' title='bbox 1650 3804 1875 3871; x_wconf 91' lang='lat' dir='ltr'><strong>nichilominus</strong></span> <span class='ocrx_word' id='word_1_289' title='bbox 1892 3809 1925 3872; x_wconf 90' lang='lat' dir='ltr'><strong>in</strong></span> <span class='ocrx_word' id='word_1_290' title='bbox 1942 3807 2045 3872; x_wconf 80' lang='lat' dir='ltr'><strong>bellica</strong></span> 
     </span>
     <span class='ocr_line' id='line_1_29' title="bbox 542 3907 2045 3996; baseline 0.001 -24"><span class='ocrx_word' id='word_1_291' title='bbox 542 3915 650 3975; x_wconf 91' lang='lat' dir='ltr'><strong>contra</strong></span> <span class='ocrx_word' id='word_1_292' title='bbox 672 3907 839 3974; x_wconf 78' lang='lat' dir='ltr'><strong>Nicolaum</strong></span> <span class='ocrx_word' id='word_1_293' title='bbox 861 3909 989 3990; x_wconf 91' lang='lat' dir='ltr'><strong>procedi</strong></span> <span class='ocrx_word' id='word_1_294' title='bbox 1011 3908 1229 3975; x_wconf 84' lang='lat' dir='ltr'><strong>mandarimus</strong></span> <span class='ocrx_word' id='word_1_295' title='bbox 1250 3915 1468 3976; x_wconf 88' lang='lat' dir='ltr'><strong>memoratum.</strong></span> <span class='ocrx_word' id='word_1_296' title='bbox 1492 3911 1536 3976; x_wconf 87' lang='lat' dir='ltr'><strong>Et</strong></span> <span class='ocrx_word' id='word_1_297' title='bbox 1558 3909 1678 3976; x_wconf 89' lang='lat' dir='ltr'><strong>iactum</strong></span> <span class='ocrx_word' id='word_1_298' title='bbox 1700 3915 1750 3976; x_wconf 89' lang='lat' dir='ltr'><strong>est</strong></span> <span class='ocrx_word' id='word_1_299' title='bbox 1770 3929 1819 3989; x_wconf 90' lang='lat' dir='ltr'><strong>eo,</strong></span> <span class='ocrx_word' id='word_1_300' title='bbox 1837 3913 1893 3993; x_wconf 93' lang='lat' dir='ltr'><strong>qni</strong></span> <span class='ocrx_word' id='word_1_301' title='bbox 1911 3912 2045 3996; x_wconf 86' lang='lat' dir='ltr'><strong>superbis</strong></span> 
     </span>
     <span class='ocr_line' id='line_1_30' title="bbox 542 4012 2043 4097; baseline 0.002 -19"><span class='ocrx_word' id='word_1_302' title='bbox 542 4014 664 4078; x_wconf 88' lang='lat' dir='ltr'><strong>resistit</strong></span> <span class='ocrx_word' id='word_1_303' title='bbox 686 4019 718 4077; x_wconf 89' lang='lat' dir='ltr'><strong>et</strong></span> <span class='ocrx_word' id='word_1_304' title='bbox 741 4012 797 4077; x_wconf 90' lang='lat' dir='ltr'><strong>dat</strong></span> <span class='ocrx_word' id='word_1_305' title='bbox 819 4013 959 4094; x_wconf 84' lang='lat' dir='ltr'><strong>graciam</strong></span> <span class='ocrx_word' id='word_1_306' title='bbox 982 4012 1164 4093; x_wconf 91' lang='lat' dir='ltr'><strong>humilibus,</strong></span> <span class='ocrx_word' id='word_1_307' title='bbox 1181 4014 1379 4097; x_wconf 90' lang='lat' dir='ltr'><strong>disponente,</strong></span> <span class='ocrx_word' id='word_1_308' title='bbox 1403 4014 1488 4097; x_wconf 92' lang='lat' dir='ltr'><strong>quod</strong></span> <span class='ocrx_word' id='word_1_309' title='bbox 1510 4015 1654 4080; x_wconf 89' lang='lat' dir='ltr'><strong>eiusdem</strong></span> <span class='ocrx_word' id='word_1_310' title='bbox 1677 4014 1801 4082; x_wconf 88' lang='lat' dir='ltr'><strong>Nicolai</strong></span> <span class='ocrx_word' id='word_1_311' title='bbox 1828 4034 1949 4083; x_wconf 89' lang='lat' dir='ltr'><strong>cornua</strong></span> <span class='ocrx_word' id='word_1_312' title='bbox 1970 4016 2043 4081; x_wconf 82' lang='lat' dir='ltr'><strong>elata</strong></span> 
     </span>
     <span class='ocr_line' id='line_1_31' title="bbox 543 4118 2044 4205; baseline 0.002 -25"><span class='ocrx_word' id='word_1_313' title='bbox 543 4118 679 4182; x_wconf 85' lang='lat' dir='ltr'><strong>contrita</strong></span> <span class='ocrx_word' id='word_1_314' title='bbox 701 4121 775 4181; x_wconf 90' lang='lat' dir='ltr'><strong>sunt</strong></span> <span class='ocrx_word' id='word_1_315' title='bbox 797 4136 834 4181; x_wconf 90' lang='lat' dir='ltr'><strong>ac</strong></span> <span class='ocrx_word' id='word_1_316' title='bbox 858 4118 936 4198; x_wconf 91' lang='lat' dir='ltr'><strong>ipse,</strong></span> <span class='ocrx_word' id='word_1_317' title='bbox 960 4136 1021 4199; x_wconf 92' lang='lat' dir='ltr'><strong>que</strong></span> <span class='ocrx_word' id='word_1_318' title='bbox 1045 4119 1182 4200; x_wconf 90' lang='lat' dir='ltr'><strong>superbe</strong></span> <span class='ocrx_word' id='word_1_319' title='bbox 1205 4138 1241 4183; x_wconf 86' lang='lat' dir='ltr'><strong>ac</strong></span> <span class='ocrx_word' id='word_1_320' title='bbox 1264 4119 1354 4184; x_wconf 83' lang='lat' dir='ltr'><strong>fatue</strong></span> <span class='ocrx_word' id='word_1_321' title='bbox 1376 4120 1553 4202; x_wconf 88' lang='lat' dir='ltr'><strong>usurpavit,</strong></span> <span class='ocrx_word' id='word_1_322' title='bbox 1569 4119 1741 4184; x_wconf 90' lang='lat' dir='ltr'><strong>tribunicia</strong></span> <span class='ocrx_word' id='word_1_323' title='bbox 1757 4120 1898 4201; x_wconf 85' lang='lat' dir='ltr'><strong>insignia</strong></span> <span class='ocrx_word' id='word_1_324' title='bbox 1918 4121 2044 4205; x_wconf 86' lang='lat' dir='ltr'><strong>perdidit</strong></span> 
     </span>
     <span class='ocr_line' id='line_1_32' title="bbox 542 4220 2042 4307; baseline 0.003 -23"><span class='ocrx_word' id='word_1_325' title='bbox 542 4230 575 4287; x_wconf 84' lang='lat' dir='ltr'><strong>et</strong></span> <span class='ocrx_word' id='word_1_326' title='bbox 605 4223 643 4286; x_wconf 92' lang='lat' dir='ltr'><strong>ah</strong></span> <span class='ocrx_word' id='word_1_327' title='bbox 674 4222 752 4286; x_wconf 90' lang='lat' dir='ltr'><strong>urbe</strong></span> <span class='ocrx_word' id='word_1_328' title='bbox 783 4220 927 4303; x_wconf 90' lang='lat' dir='ltr'><strong>predicta</strong></span> <span class='ocrx_word' id='word_1_329' title='bbox 960 4240 1030 4286; x_wconf 91' lang='lat' dir='ltr'><strong>cum</strong></span> <span class='ocrx_word' id='word_1_330' title='bbox 1054 4222 1224 4305; x_wconf 76' lang='lat' dir='ltr'><strong>ignominia</strong></span> <span class='ocrx_word' id='word_1_331' title='bbox 1247 4229 1297 4288; x_wconf 90' lang='lat' dir='ltr'><strong>est</strong></span> <span class='ocrx_word' id='word_1_332' title='bbox 1320 4224 1473 4302; x_wconf 90' lang='lat' dir='ltr'><strong>deiectus,</strong></span> <span class='ocrx_word' id='word_1_333' title='bbox 1498 4224 1644 4306; x_wconf 90' lang='lat' dir='ltr'><strong>idemque</strong></span> <span class='ocrx_word' id='word_1_334' title='bbox 1667 4223 1793 4306; x_wconf 73' lang='lat' dir='ltr'><strong>legatus</strong></span> <span class='ocrx_word' id='word_1_335' title='bbox 1816 4224 1977 4307; x_wconf 88' lang='lat' dir='ltr'><strong>prelatum</strong></span> <span class='ocrx_word' id='word_1_336' title='bbox 1997 4224 2042 4290; x_wconf 79' lang='lat' dir='ltr'><strong>Ni·</strong></span> 
     </span>
     <span class='ocr_line' id='line_1_33' title="bbox 541 4325 2039 4410; baseline 0 -20"><span class='ocrx_word' id='word_1_337' title='bbox 541 4326 664 4390; x_wconf 86' lang='lat' dir='ltr'><strong>colaum</strong></span> <span class='ocrx_word' id='word_1_338' title='bbox 687 4325 868 4391; x_wconf 92' lang='lat' dir='ltr'><strong>huiusmodi</strong></span> <span class='ocrx_word' id='word_1_339' title='bbox 890 4328 1027 4391; x_wconf 89' lang='lat' dir='ltr'><strong>rectorie</strong></span> <span class='ocrx_word' id='word_1_340' title='bbox 1049 4327 1187 4407; x_wconf 90' lang='lat' dir='ltr'><strong>privavit</strong></span> <span class='ocrx_word' id='word_1_341' title='bbox 1209 4325 1314 4392; x_wconf 88' lang='lat' dir='ltr'><strong>officio</strong></span> <span class='ocrx_word' id='word_1_342' title='bbox 1337 4346 1375 4392; x_wconf 94' lang='lat' dir='ltr'><strong>ao</strong></span> <span class='ocrx_word' id='word_1_343' title='bbox 1398 4334 1582 4410; x_wconf 89' lang='lat' dir='ltr'><strong>suspectum</strong></span> <span class='ocrx_word' id='word_1_344' title='bbox 1605 4329 1674 4394; x_wconf 86' lang='lat' dir='ltr'><strong>lore</strong></span> <span class='ocrx_word' id='word_1_345' title='bbox 1696 4329 1736 4392; x_wconf 92' lang='lat' dir='ltr'><strong>de</strong></span> <span class='ocrx_word' id='word_1_346' title='bbox 1760 4330 1895 4394; x_wconf 88' lang='lat' dir='ltr'><strong>crimine</strong></span> <span class='ocrx_word' id='word_1_347' title='bbox 1931 4329 2039 4395; x_wconf 87' lang='lat' dir='ltr'><strong>heresis</strong></span> 
     </span>
     <span class='ocr_line' id='line_1_34' title="bbox 542 4430 1693 4498; baseline 0.003 -5"><span class='ocrx_word' id='word_1_348' title='bbox 542 4430 780 4495; x_wconf 86' lang='lat' dir='ltr'><strong>sentencialiter</strong></span> <span class='ocrx_word' id='word_1_349' title='bbox 803 4430 988 4496; x_wconf 83' lang='lat' dir='ltr'><strong>declaravit.</strong></span> <span class='ocrx_word' id='word_1_350' title='bbox 1012 4432 1051 4495; x_wconf 88' lang='lat' dir='ltr'><strong>D.</strong></span> <span class='ocrx_word' id='word_1_351' title='bbox 1076 4431 1233 4496; x_wconf 79' lang='lat' dir='ltr'><strong>Aniniorre</strong></span> <span class='ocrx_word' id='word_1_352' title='bbox 1256 4451 1328 4496; x_wconf 92' lang='lat' dir='ltr'><strong>non.</strong></span> <span class='ocrx_word' id='word_1_353' title='bbox 1352 4432 1518 4497; x_wconf 83' lang='lat' dir='ltr'><strong>Februarii</strong></span> <span class='ocrx_word' id='word_1_354' title='bbox 1541 4451 1570 4498; x_wconf 93' lang='lat' dir='ltr'><strong>a.</strong></span> <span class='ocrx_word' id='word_1_355' title='bbox 1595 4440 1693 4498; x_wconf 83' lang='lat' dir='ltr'><strong>sexto.</strong></span> 
     </span>
    </p>

    <p class='ocr_par' dir='ltr' id='par_1_3' title="bbox 647 4533 1602 4620">
     <span class='ocr_line' id='line_1_35' title="bbox 647 4533 1602 4620; baseline 0.004 -22"><span class='ocrx_word' id='word_1_356' title='bbox 647 4535 682 4599; x_wconf 91' lang='lat' dir='ltr'><strong>ln</strong></span> <span class='ocrx_word' id='word_1_357' title='bbox 707 4553 734 4598; x_wconf 90' lang='lat' dir='ltr'><strong>e.</strong></span> <span class='ocrx_word' id='word_1_358' title='bbox 758 4554 797 4599; x_wconf 92' lang='lat' dir='ltr'><strong>m.</strong></span> <span class='ocrx_word' id='word_1_359' title='bbox 823 4554 851 4598; x_wconf 87' lang='lat' dir='ltr'><strong>v.</strong></span> <span class='ocrx_word' id='word_1_360' title='bbox 876 4533 896 4599; x_wconf 89' lang='lat' dir='ltr'><strong>i.</strong></span> <span class='ocrx_word' id='word_1_361' title='bbox 920 4534 1114 4614; x_wconf 84' lang='lat' dir='ltr'><strong>Baldewiuo‚</strong></span> <span class='ocrx_word' id='word_1_362' title='bbox 1138 4535 1379 4620; x_wconf 86' lang='lat' dir='ltr'><strong>archiepiscopo</strong></span> <span class='ocrx_word' id='word_1_363' title='bbox 1402 4538 1602 4603; x_wconf 87' lang='lat' dir='ltr'><strong>Treuerensi.</strong></span> 
     </span>
    </p>

    <p class='ocr_par' dir='ltr' id='par_1_4' title="bbox 651 4639 1619 4725">
     <span class='ocr_line' id='line_1_36' title="bbox 651 4639 1619 4725; baseline 0.004 -22"><span class='ocrx_word' id='word_1_364' title='bbox 651 4640 846 4704; x_wconf 76' lang='lat' dir='ltr'><strong>iserniam.</strong></span> <span class='ocrx_word' id='word_1_365' title='bbox 871 4658 899 4703; x_wconf 78' lang='lat' dir='ltr'><strong>s.</strong></span> <span class='ocrx_word' id='word_1_366' title='bbox 924 4639 944 4704; x_wconf 88' lang='lat' dir='ltr'><strong>f.</strong></span> <span class='ocrx_word' id='word_1_367' title='bbox 970 4639 1139 4718; x_wconf 83' lang='lat' dir='ltr'><strong>Wahamo,</strong></span> <span class='ocrx_word' id='word_1_368' title='bbox 1162 4642 1401 4725; x_wconf 83' lang='lat' dir='ltr'><strong>archiepiscopo</strong></span> <span class='ocrx_word' id='word_1_369' title='bbox 1426 4639 1619 4707; x_wconf 84' lang='lat' dir='ltr'><strong>Coloniensi.</strong></span> 
     </span>
    </p>

    <p class='ocr_par' dir='ltr' id='par_1_5' title="bbox 648 4742 1653 4829">
     <span class='ocr_line' id='line_1_37' title="bbox 648 4742 1653 4829; baseline 0.002 -20"><span class='ocrx_word' id='word_1_370' title='bbox 648 4746 728 4809; x_wconf 88' lang='lat' dir='ltr'><strong>ltem</strong></span> <span class='ocrx_word' id='word_1_371' title='bbox 753 4744 783 4807; x_wconf 92' lang='lat' dir='ltr'><strong>in</strong></span> <span class='ocrx_word' id='word_1_372' title='bbox 808 4761 834 4808; x_wconf 88' lang='lat' dir='ltr'><strong>e.</strong></span> <span class='ocrx_word' id='word_1_373' title='bbox 860 4763 899 4807; x_wconf 92' lang='lat' dir='ltr'><strong>m.</strong></span> <span class='ocrx_word' id='word_1_374' title='bbox 925 4763 952 4809; x_wconf 84' lang='lat' dir='ltr'><strong>r.</strong></span> <span class='ocrx_word' id='word_1_375' title='bbox 977 4742 998 4809; x_wconf 83' lang='lat' dir='ltr'><strong>f.</strong></span> <span class='ocrx_word' id='word_1_376' title='bbox 1023 4744 1170 4825; x_wconf 83' lang='lat' dir='ltr'><strong>Gerlaco,</strong></span> <span class='ocrx_word' id='word_1_377' title='bbox 1194 4747 1433 4829; x_wconf 84' lang='lat' dir='ltr'><strong>archiepiscopo</strong></span> <span class='ocrx_word' id='word_1_378' title='bbox 1457 4747 1653 4829; x_wconf 82' lang='lat' dir='ltr'><strong>Maguntino.</strong></span> 
     </span>
    </p>

    <p class='ocr_par' dir='ltr' id='par_1_6' title="bbox 648 4848 1700 4928">
     <span class='ocr_line' id='line_1_38' title="bbox 648 4848 1700 4928; baseline 0.003 -16"><span class='ocrx_word' id='word_1_379' title='bbox 648 4849 728 4912; x_wconf 86' lang='lat' dir='ltr'><strong>ltem</strong></span> <span class='ocrx_word' id='word_1_380' title='bbox 752 4849 784 4912; x_wconf 91' lang='lat' dir='ltr'><strong>in</strong></span> <span class='ocrx_word' id='word_1_381' title='bbox 808 4869 835 4913; x_wconf 86' lang='lat' dir='ltr'><strong>e.</strong></span> <span class='ocrx_word' id='word_1_382' title='bbox 860 4867 900 4913; x_wconf 92' lang='lat' dir='ltr'><strong>m.</strong></span> <span class='ocrx_word' id='word_1_383' title='bbox 925 4848 953 4913; x_wconf 92' lang='lat' dir='ltr'><strong>d.</strong></span> <span class='ocrx_word' id='word_1_384' title='bbox 978 4848 999 4913; x_wconf 88' lang='lat' dir='ltr'><strong>l.</strong></span> <span class='ocrx_word' id='word_1_385' title='bbox 1024 4849 1122 4914; x_wconf 89' lang='lat' dir='ltr'><strong>nobili</strong></span> <span class='ocrx_word' id='word_1_386' title='bbox 1146 4850 1212 4915; x_wconf 82' lang='lat' dir='ltr'><strong>uiro</strong></span> <span class='ocrx_word' id='word_1_387' title='bbox 1227 4853 1246 4928; x_wconf 88' lang='lat'><strong>¹)</strong></span> <span class='ocrx_word' id='word_1_388' title='bbox 1458 4850 1528 4915; x_wconf 70' lang='lat' dir='ltr'><strong>(luci</strong></span> <span class='ocrx_word' id='word_1_389' title='bbox 1554 4851 1700 4917; x_wconf 77' lang='lat' dir='ltr'><strong>Saxonis.</strong></span> 
     </span>
    </p>
   </div>
   <div class='ocr_carea' id='block_1_3' title="bbox 542 5085 2035 5419">
    <p class='ocr_par' dir='ltr' id='par_1_7' title="bbox 542 5085 2035 5419">
     <span class='ocr_line' id='line_1_39' title="bbox 646 5085 2034 5161; baseline 0.004 -21"><span class='ocrx_word' id='word_1_390' title='bbox 646 5086 795 5141; x_wconf 86' lang='lat' dir='ltr'><strong>Clementis</strong></span> <span class='ocrx_word' id='word_1_391' title='bbox 814 5085 852 5140; x_wconf 89' lang='lat' dir='ltr'><strong>VI</strong></span> <span class='ocrx_word' id='word_1_392' title='bbox 872 5089 903 5141; x_wconf 88' lang='lat' dir='ltr'><strong>V.</strong></span> <span class='ocrx_word' id='word_1_393' title='bbox 923 5093 970 5141; x_wconf 82' lang='lat' dir='ltr'><strong>lli</strong></span> <span class='ocrx_word' id='word_1_394' title='bbox 997 5089 1076 5155; x_wconf 70' lang='lat' dir='ltr'><strong>(secrss</strong></span> <span class='ocrx_word' id='word_1_395' title='bbox 1102 5103 1126 5143; x_wconf 88' lang='lat' dir='ltr'><strong>a.</strong></span> <span class='ocrx_word' id='word_1_396' title='bbox 1147 5088 1195 5154; x_wconf 77' lang='lat' dir='ltr'><strong>l&#39;l)</strong></span> <span class='ocrx_word' id='word_1_397' title='bbox 1221 5105 1247 5143; x_wconf 90' lang='lat' dir='ltr'><strong>n.</strong></span> <span class='ocrx_word' id='word_1_398' title='bbox 1267 5095 1448 5145; x_wconf 83' lang='lat' dir='ltr'><strong>llll-illd.</strong></span> <span class='ocrx_word' id='word_1_399' title='bbox 1468 5122 1496 5132; x_wconf 92' lang='lat'><em>-</em></span> <span class='ocrx_word' id='word_1_400' title='bbox 1519 5092 1585 5161; x_wconf 79' lang='lat' dir='ltr'><strong>Reg.</strong></span> <span class='ocrx_word' id='word_1_401' title='bbox 1605 5092 1633 5145; x_wconf 90' lang='lat' dir='ltr'><strong>in</strong></span> <span class='ocrx_word' id='word_1_402' title='bbox 1652 5090 1744 5146; x_wconf 70' lang='lat' dir='ltr'><strong>Vatis.</strong></span> <span class='ocrx_word' id='word_1_403' title='bbox 1764 5092 1857 5147; x_wconf 81' lang='lat' dir='ltr'><strong>Aktcn</strong></span> <span class='ocrx_word' id='word_1_404' title='bbox 1879 5109 1907 5147; x_wconf 89' lang='lat' dir='ltr'><strong>n.</strong></span> <span class='ocrx_word' id='word_1_405' title='bbox 1924 5097 1994 5147; x_wconf 70' lang='lat'><strong>23³9.</strong></span> <span class='ocrx_word' id='word_1_406' title='bbox 2009 5117 2034 5128; x_wconf 92' lang='lat'><strong>-·</strong></span> 
     </span>
     <span class='ocr_line' id='line_1_40' title="bbox 542 5173 2035 5249; baseline 0.001 -23"><span class='ocrx_word' id='word_1_407' title='bbox 542 5181 570 5241; x_wconf 57' lang='grc' dir='ltr'><strong>κ’)</strong></span> <span class='ocrx_word' id='word_1_408' title='bbox 589 5173 737 5238; x_wconf 80' lang='lat' dir='ltr'><strong>,iudicauit‘</strong></span> <span class='ocrx_word' id='word_1_409' title='bbox 757 5173 788 5228; x_wconf 88' lang='lat' dir='ltr'><strong>V.</strong></span> <span class='ocrx_word' id='word_1_410' title='bbox 817 5177 840 5242; x_wconf 85' lang='lat' dir='ltr'><strong>b)</strong></span> <span class='ocrx_word' id='word_1_411' title='bbox 859 5175 1070 5244; x_wconf 84' lang='lat' dir='ltr'><strong>‚transquillum‘</strong></span> <span class='ocrx_word' id='word_1_412' title='bbox 1091 5176 1121 5230; x_wconf 85' lang='lat' dir='ltr'><strong>V.</strong></span> <span class='ocrx_word' id='word_1_413' title='bbox 1149 5181 1169 5242; x_wconf 67' lang='lat' dir='ltr'><strong>r]</strong></span> <span class='ocrx_word' id='word_1_414' title='bbox 1191 5191 1259 5230; x_wconf 83' lang='lat' dir='ltr'><strong>corr.</strong></span> <span class='ocrx_word' id='word_1_415' title='bbox 1279 5194 1312 5231; x_wconf 87' lang='lat' dir='ltr'><strong>ex</strong></span> <span class='ocrx_word' id='word_1_416' title='bbox 1333 5178 1460 5246; x_wconf 87' lang='lat' dir='ltr'><strong>,populis‘</strong></span> <span class='ocrx_word' id='word_1_417' title='bbox 1481 5179 1512 5233; x_wconf 91' lang='lat' dir='ltr'><strong>V.</strong></span> <span class='ocrx_word' id='word_1_418' title='bbox 1539 5177 1838 5244; x_wconf 75' lang='lat' dir='ltr'><strong>o‚mu1tamn1ta‘v.</strong></span> <span class='ocrx_word' id='word_1_419' title='bbox 1865 5181 1890 5245; x_wconf 70' lang='grc' dir='ltr'><strong>ι)</strong></span> <span class='ocrx_word' id='word_1_420' title='bbox 1909 5175 2035 5249; x_wconf 68' lang='lat' dir='ltr'><strong>,perdone</strong></span> 
     </span>
     <span class='ocr_line' id='line_1_41' title="bbox 543 5260 2034 5333; baseline 0.002 -18"><span class='ocrx_word' id='word_1_421' title='bbox 543 5263 573 5315; x_wconf 85' lang='lat' dir='ltr'><strong>l&#39;.</strong></span> <span class='ocrx_word' id='word_1_422' title='bbox 600 5264 626 5326; x_wconf 78' lang='lat' dir='ltr'><strong>f.)</strong></span> <span class='ocrx_word' id='word_1_423' title='bbox 646 5277 712 5314; x_wconf 87' lang='lat' dir='ltr'><strong>corr.</strong></span> <span class='ocrx_word' id='word_1_424' title='bbox 734 5276 768 5315; x_wconf 84' lang='lat' dir='ltr'><strong>ex</strong></span> <span class='ocrx_word' id='word_1_425' title='bbox 787 5260 894 5328; x_wconf 87' lang='lat' dir='ltr'><strong>‚reddit‘</strong></span> <span class='ocrx_word' id='word_1_426' title='bbox 915 5262 945 5316; x_wconf 83' lang='lat' dir='ltr'><strong>l&#39;.</strong></span> <span class='ocrx_word' id='word_1_427' title='bbox 972 5265 996 5329; x_wconf 81' lang='lat' dir='ltr'><strong>s)</strong></span> <span class='ocrx_word' id='word_1_428' title='bbox 1017 5278 1086 5316; x_wconf 88' lang='lat' dir='ltr'><strong>corr.</strong></span> <span class='ocrx_word' id='word_1_429' title='bbox 1105 5278 1139 5314; x_wconf 82' lang='lat' dir='ltr'><strong>ex</strong></span> <span class='ocrx_word' id='word_1_430' title='bbox 1158 5263 1269 5330; x_wconf 88' lang='lat' dir='ltr'><strong>,domini</strong></span> <span class='ocrx_word' id='word_1_431' title='bbox 1291 5263 1396 5318; x_wconf 85' lang='lat' dir='ltr'><strong>domns‘</strong></span> <span class='ocrx_word' id='word_1_432' title='bbox 1415 5265 1445 5319; x_wconf 79' lang='lat' dir='ltr'><strong>l&#39;.</strong></span> <span class='ocrx_word' id='word_1_433' title='bbox 1474 5267 1498 5332; x_wconf 81' lang='grc' dir='ltr'><strong>ΙΙ)</strong></span> <span class='ocrx_word' id='word_1_434' title='bbox 1519 5266 1644 5333; x_wconf 87' lang='lat' dir='ltr'><strong>sequitur</strong></span> <span class='ocrx_word' id='word_1_435' title='bbox 1661 5264 1714 5331; x_wconf 81' lang='lat' dir='ltr'><strong>‚ad‘</strong></span> <span class='ocrx_word' id='word_1_436' title='bbox 1734 5264 1774 5333; x_wconf 74' lang='lat' dir='ltr'><strong>V,</strong></span> <span class='ocrx_word' id='word_1_437' title='bbox 1792 5281 1863 5320; x_wconf 89' lang='lat' dir='ltr'><strong>corr.</strong></span> <span class='ocrx_word' id='word_1_438' title='bbox 1882 5267 1918 5320; x_wconf 75' lang='lat' dir='ltr'><strong>ah</strong></span> <span class='ocrx_word' id='word_1_439' title='bbox 1936 5263 2034 5318; x_wconf 77' lang='lat' dir='ltr'><strong>edors</strong></span> 
     </span>
     <span class='ocr_line' id='line_1_42' title="bbox 550 5348 1192 5419; baseline 0.003 -18"><span class='ocrx_word' id='word_1_440' title='bbox 550 5355 568 5415; x_wconf 86' lang='lat'><strong>¹)</strong></span> <span class='ocrx_word' id='word_1_441' title='bbox 589 5350 714 5417; x_wconf 82' lang='lat' dir='ltr'><strong>sequitur</strong></span> <span class='ocrx_word' id='word_1_442' title='bbox 734 5348 853 5416; x_wconf 79' lang='lat' dir='ltr'><strong>spatium</strong></span> <span class='ocrx_word' id='word_1_443' title='bbox 871 5364 986 5403; x_wconf 86' lang='lat' dir='ltr'><strong>vacuum</strong></span> <span class='ocrx_word' id='word_1_444' title='bbox 1005 5365 1055 5419; x_wconf 92' lang='lat' dir='ltr'><strong>pro</strong></span> <span class='ocrx_word' id='word_1_445' title='bbox 1074 5351 1192 5404; x_wconf 90' lang='lat' dir='ltr'><strong>nomine.</strong></span> 
     </span>
    </p>
   </div>
   <div class='ocr_carea' id='block_1_4' title="bbox 1179 5621 1400 5645">
    <p class='ocr_par' dir='ltr' id='par_1_8' title="bbox 1179 5621 1400 5645">
     <span class='ocr_line' id='line_1_43' title="bbox 1179 5621 1400 5645; baseline 0.005 -4"><span class='ocrx_word' id='word_1_446' title='bbox 1179 5621 1400 5645; x_wconf 56' lang='lat' dir='ltr'><strong>&#39;‘p———a-——n</strong></span> 
     </span>
    </p>
   </div>
   <div class='ocr_carea' id='block_1_5' title="bbox 0 0 2596 7046">
    <p class='ocr_par' dir='ltr' id='par_1_9' title="bbox 0 0 2596 7046">
     <span class='ocr_line' id='line_1_44' title="bbox 0 0 2596 7046; baseline 0 0"><span class='ocrx_word' id='word_1_447' title='bbox 0 0 2596 7046; x_wconf 95' lang='lat' dir='ltr'><strong> </strong></span> 
     </span>
    </p>
   </div>
  </div>
 </body>
</html>
