5184 7050
2001 870 2060 936 171

540 1072 698 1137 obstante
710 1075 812 1156 possit
824 1074 863 1139 ad
876 1094 984 1139 ornnes
997 1096 1105 1140 sacros
1117 1076 1244 1140 ordines
1259 1077 1436 1158 promoveri
1453 1082 1486 1140 et
1501 1076 1750 1142 ecclesiasticum
1763 1078 1950 1143 beneticium
1961 1079 2061 1141 eciam

542 1183 698 1242 curatum
722 1179 875 1257 obtinere,
899 1199 1006 1244 secum
1029 1182 1199 1262 dignemini
1223 1182 1417 1263 dispensare,
1442 1187 1474 1244 et
1497 1181 1645 1245 cumiani
1661 1199 1718 1262 per
1734 1180 2063 1263 capitulumpredicte

540 1282 689 1347 ecclesie
723 1284 830 1348 forsan
864 1284 1024 1349 deiectum
1057 1285 1238 1350 huiusmodi
1272 1286 1455 1365 ignorantes
1489 1285 1520 1349 in
1555 1287 1738 1349 canonicum
1768 1287 1811 1350 sit
1832 1291 1981 1367 receptus
2005 1286 2063 1349 sub

539 1388 779 1473 expes-taciens
795 1389 965 1470 prebende,
983 1389 1154 1453 rlecemere
1170 1396 1203 1453 et
1218 1389 1381 1454 declarare
1397 1389 1566 1470 dignemini
1583 1389 1758 1471 predictam
1771 1396 1910 1456 vestram
1925 1391 2063 1474 graciam

539 1509 564 1553 a
590 1497 738 1572 tempore
761 1492 835 1556 date
857 1494 958 1574 ipsius
982 1499 1014 1558 et
1037 1513 1225 1576 quecunque
1248 1494 1362 1559 exinde
1384 1499 1494 1558 secute
1517 1493 1648 1558 eandem
1670 1495 1733 1559 vim
1756 1515 1891 1577 euinque
1917 1494 2063 1564 eflectum

539 1603 581 1659 et
614 1596 739 1660 roboris
772 1596 953 1663 uanitatem
987 1599 1113 1676 babere,
1149 1597 1411 1679 quemadmodum
1445 1597 1618 1677 habuisset,
1650 1599 1677 1662 si
1703 1599 1735 1663 in
1758 1617 1797 1663 ea
1819 1599 1858 1663 de
1880 1599 2061 1664 huiusmodi

541 1699 681 1765 defectu
706 1700 800 1782 plena
821 1703 943 1765 mencio
966 1703 1050 1767 facta
1073 1708 1199 1767 etcum
1222 1721 1269 1780 eo,
1294 1702 1377 1784 quod
1401 1702 1442 1766 ad
1464 1721 1572 1766 omnes
1595 1721 1702 1767 sacros
1725 1704 1851 1768 ordines
1885 1705 2063 1787 promoueri

541 1803 685 1883 ualeret,
717 1805 933 1887 dispensatum
962 1806 1086 1885 fnisset,
1117 1814 1150 1871 et
1180 1807 1264 1888 quod
1291 1807 1483 1887 prebendam
1506 1807 1537 1871 in
1560 1807 1646 1872 dicta
1669 1808 1803 1872 ecclesia
1826 1814 1990 1873 vacantem
2012 1809 2061 1873 vel

545 1909 697 1989 proximo
728 1915 909 1975 vacaturam
939 1913 1129 1975 arroteritate
1159 1911 1243 1975 dicte
1273 1917 1380 1975 vestre
1413 1913 1528 1993 gracie,
1552 1913 1578 1975 si
1603 1913 1680 1977 alias
1704 1914 1763 1977 sibi
1787 1914 1935 1978 canonice
1958 1913 2063 1979 coufe-

545 2019 652 2090 ratur·‚
677 2014 779 2094 possit
801 2014 888 2078 licite
911 2015 1064 2095 obtinere,
1088 2015 1214 2081 ‹lefectu
1238 2015 1373 2096 aliisque
1396 2017 1559 2096 premissis
1583 2022 1615 2080 et
1638 2016 1830 2096 quibuslibet
1861 2018 2063 2082 constitucio-

547 2116 646 2179 nibus
669 2118 852 2198 apostolicis
868 2138 904 2183 ac
920 2121 1049 2184 statutis
1072 2126 1105 2183 et
1127 2120 1408 2184 consuetudinibus
1432 2120 1567 2184 ecclesie
1591 2121 1733 2202 predicte
1756 2122 1923 2185 contrariis
1945 2140 2063 2203 nequa·

549 2240 646 2302 quam
671 2222 879 2287 obstantibus.

661 2360 733 2425 Fiat
756 2368 790 2426 ut
814 2363 933 2444 petitur
957 2363 992 2427 R.
1018 2364 1056 2427 D.
1082 2363 1236 2428 buinione
1260 2364 1310 2429 Ill
1333 2362 1396 2427 kal.
1420 2362 1563 2428 Junuarii
1587 2383 1615 2428 a.
1639 2363 1787 2428 secundo.
1811 2364 1854 2429 Et
1870 2384 1898 2444 q.
1915 2368 1937 2428 t.
1955 2382 1979 2427 s.
1996 2383 2024 2428 a.
2042 2364 2061 2429 l.

553 2464 628 2528 Fiat
652 2465 690 2529 R.

660 2637 809 2691 Clementis
829 2638 865 2690 l'l
886 2637 903 2688 S
923 2639 975 2709 lqr
996 2645 1034 2704 (s)
1053 2640 1071 2694 f.
1093 2643 1158 2693 lbt'.

1207 2747 1414 2758 ————-

556 3091 647 3158 278.
673 3088 751 3155 Cum
767 3091 949 3154 Ilermormo
965 3093 1143 3158 Hermodori
1158 3094 1196 3156 de.
1211 3094 1411 3159 Libooboricr
1425 3093 1629 3176 disparabatur
1643 3115 1739 3177 saper
1753 3094 1877 3175 defecta
1893 3095 2061 3163 natalium.

555 3196 655 3259 atad
677 3215 783 3258 onraes
812 3195 938 3259 ordines
964 3199 1140 3279 promoueri
1162 3204 1191 3260 rt
1213 3199 1393 3281 beneficium
1422 3198 1521 3262 etium
1554 3202 1699 3262 arratum
1729 3199 1866 3262 obtinere
1894 3199 2009 3279 roleut,
2032 3205 2062 3262 et

556 3299 763 3382 confirmatur
783 3300 812 3362 ei
832 3300 943 3380 pratia
972 3321 1068 3384 saper
1097 3304 1285 3367 carmaicatu
1317 3303 1375 3367 sab
1408 3303 1621 3385 expectatione
1649 3302 2058 3385 praeseminatores

1111 3406 1357 3488 Vysscprodensr'
1379 3407 1512 3472 obtecta.

626 3487 652 3541 X

609 3558 669 3681 .le
1463 3591 1627 3665 Asiciano,
1650 3592 1736 3654 1343
1760 3590 1942 3653 Decembris
1964 3591 2015 3655 30.

660 3790 701 3855 D.
723 3788 745 3852 f.
768 3788 950 3853 Hermanno
972 3789 1155 3868 Hermauni,
1179 3791 1292 3855 acolito
1315 3791 1484 3872 Pragensis
1507 3790 1652 3867 diocesis,
1670 3809 1694 3853 s.
1711 3796 1770 3855 etc.
1795 3790 1908 3855 Matris
1928 3788 2061 3854 ecclesie

557 3894 685 3975 copiosa
705 3894 884 3975 benignitas
907 3894 980 3974 illis,
1003 3896 1118 3977 quibus
1140 3896 1205 3959 vite
1228 3915 1264 3959 ac
1286 3914 1408 3959 morum
1431 3895 1579 3958 honestas
1602 3899 1636 3958 et
1661 3894 1724 3958 alia
1754 3895 1920 3976 probitatis
1950 3895 2062 3958 rnerita

558 3996 779 4081 suffragantur,
803 3999 942 4080 gradum
965 4018 1022 4063 sue
1044 3999 1244 4064 liberalitatis
1268 3998 1382 4078 attolit,
1398 3999 1481 4080 apud
1497 4017 1551 4062 eos
1566 3999 1701 4081 rigorem
1724 4017 1885 4063 sacrorum
1909 4017 2061 4063 canonum

557 4102 745 4183 quaudoque
778 4121 837 4166 sue
870 4104 975 4184 gracie
1008 4104 1249 4168 rnansuetudine
1278 4104 1492 4185 temperando.
1538 4102 1688 4167 Exhibita
1718 4103 1873 4184 siquidem
1895 4104 1985 4168 nobis
2006 4109 2062 4167 tua

557 4208 673 4288 peticio
690 4208 714 4291 ¹)
737 4208 927 4286 continebat,
951 4208 1034 4288 quod
1058 4207 1132 4272 olim
1154 4213 1259 4272 tecum
1283 4227 1379 4289 super·
1401 4207 1528 4272 defectu
1557 4208 1719 4285 natalium,
1750 4226 1843 4288 quem
1873 4209 1992 4289 pateris
2022 4207 2062 4270 de

557 4312 742 4392 presbytero
773 4313 899 4392 genitus
922 4319 954 4375 ct
977 4314 1152 4395 coniugata,
1177 4319 1210 4377 et
1235 4331 1332 4394 super
1354 4332 1401 4392 eo,
1426 4313 1508 4393 quod
1531 4313 1628 4376 tacito
1652 4312 1691 4375 de
1715 4312 1856 4393 predicto
1880 4312 2005 4376 defectu
2029 4318 2061 4375 te

556 4415 688 4494 ieceras,
712 4415 791 4479 alias
825 4421 930 4480 tamen
953 4417 1023 4494 rite,
1058 4417 1097 4480 ad
1132 4435 1240 4480 omnes
1270 4418 1407 4481 minores
1430 4416 1556 4481 ordines
1579 4417 1765 4499 promoveri,
1790 4416 1874 4497 quod
1897 4416 2061 4497 premissis

556 4538 754 4601 rrequaquam
777 4520 975 4584 obstantibus
998 4540 1110 4603 posses
1133 4522 1164 4585 in
1187 4522 1233 4585 sic
1256 4522 1413 4602 susceptis
1436 4521 1598 4585 ordinibus
1620 4520 1799 4585 ministrare
1823 4524 1855 4583 et
1874 4519 2060 4583 lrcneficium

556 4624 805 4689 ecclesiasticum
829 4625 896 4689 sine
920 4645 995 4690 cura
1017 4626 1169 4704 maino-e,
1193 4625 1253 4691 fuit
1276 4626 1466 4690 auctoritate
1488 4625 1661 4706 apostolica
1683 4623 1908 4705 dispensatum,
1926 4629 1958 4687 et
1977 4622 2060 4705 qnod

557 4735 628 4809 post
649 4729 921 4810 dispensacioncm
944 4730 1122 4795 buiusuurdi
1146 4732 1252 4795 extitit
1272 4730 1331 4795 tibi
1355 4750 1411 4812 per
1434 4735 1557 4793 nostras
1580 4729 1703 4793 litteras
1726 4729 1765 4792 de
1789 4728 1974 4792 canonicatu
1998 4728 2060 4791 col·

555 4831 670 4914 legiate
694 4831 829 4898 ecclesie
851 4834 1105 4917 Wisegradensis
1128 4854 1227 4917 prope
1250 4836 1382 4917 Pragam
1406 4834 1463 4897 sub
1487 4834 1711 4915 expectacione
1734 4832 1894 4915 prebende
1915 4833 1948 4896 in
1968 4832 2061 4897 solita

556 4937 655 5002 tonna
689 4939 860 5020 provisum,
895 4938 935 5002 de
967 4939 1147 5004 huiusmodi
1181 4939 1309 5005 defectu
1340 4945 1372 5003 et
1402 4938 1641 5021 dispensacione
1664 4957 1721 5020 per
1743 4937 1976 5019 simplicitatem
1999 4956 2061 5002 non

556 5041 662 5107 habita
685 5043 858 5121 moncione,
883 5050 915 5107 et
938 5043 1021 5125 quod
1045 5045 1076 5107 in
1100 5045 1170 5125 ipsa
1192 5044 1328 5108 ecclesia
1350 5061 1457 5107 omnes
1481 5042 1640 5123 prebende
1663 5049 1718 5106 aut
1744 5041 1983 5107 subdiaconales
2006 5046 2061 5106 aut

555 5147 734 5212 diaconales
757 5147 808 5210 rel
831 5148 1065 5229 presbyterales
1089 5150 1237 5228 existunt,
1270 5152 1400 5230 propter
1433 5147 1554 5229 quod⁸)
1589 5146 1767 5211 huiusmodi
1801 5146 1908 5228 gracia
1941 5146 2061 5209 inutilis

554 5251 609 5315 tibi
634 5252 760 5330 esistit;
784 5272 884 5333 quare
906 5253 996 5317 nobis
1019 5252 1180 5317 humiliter
1202 5252 1399 5334 supplicasti,
1423 5258 1467 5328 ut,
1492 5270 1561 5315 cum
1584 5256 1619 5315 tu
1643 5252 1726 5315 sicut
1748 5251 1866 5314 asseris
1888 5269 1946 5331 per
1976 5250 2062 5331 capi·

555 5354 654 5419 tulum
689 5356 790 5436 ipsius
824 5355 958 5440 ecclesie
993 5356 1125 5420 forsitan
1159 5356 1318 5422 defectum
1353 5357 1533 5436 ignorantes
1557 5354 1732 5436 predictum
1756 5355 1814 5418 sub
1838 5355 2062 5435 expectacione

553 5459 713 5539 prebende
737 5460 768 5522 in
792 5461 974 5524 canonicum
997 5460 1041 5523 sis
1065 5468 1222 5543 receptus,
1247 5460 1415 5541 providere
1444 5460 1502 5523 tibi
1526 5463 1558 5522 et
1581 5459 1679 5522 statui
1701 5463 1755 5522 tuo
1779 5477 1875 5540 super
1898 5457 2061 5539 premissis

555 5562 593 5626 de
615 5564 813 5644 benignitate
835 5564 1009 5645 apostolica
1032 5564 1240 5646 dignaremur.
1264 5565 1330 5630 Nos
1354 5564 1450 5646 igitur
1473 5561 1615 5627 volentes
1638 5581 1803 5644 personam
1825 5569 1912 5626 tuam
1934 5566 2061 5626 tuorum

556 5669 740 5733 meritorum
773 5668 913 5745 obtentu,
948 5687 1044 5750 super
1078 5670 1192 5749 qrrilrus
1225 5669 1308 5752 apud
1342 5688 1399 5732 uos
1432 5668 1582 5734 iaculabili
1612 5669 1791 5733 testimonio
1822 5667 2060 5744 contruendaris

555 5773 684 5855 speciali
709 5779 743 5836 et
767 5772 904 5836 uberiori
928 5774 1033 5854 gracia
1059 5775 1206 5854 prosequi
1230 5775 1402 5852 etiamne,
1426 5780 1531 5837 tecum
1554 5792 1650 5854 super·
1676 5772 1802 5837 ‹lelectu
1833 5771 1976 5853 predicto
2006 5790 2060 5836 na·
