5184 7050
1868 898 1932 965 489

417 1101 569 1168 crederes
592 1108 625 1168 te
648 1102 760 1181 teneri,
785 1102 846 1168 nisi
870 1104 959 1186 prius
983 1122 1021 1168 ex
1044 1106 1153 1168 nostra
1175 1106 1209 1167 et
1232 1100 1317 1168 dicte
1340 1101 1426 1168 sedis
1449 1108 1541 1186 parte
1563 1102 1738 1187 requisitus
1765 1105 1930 1184 existeres,

415 1209 561 1286 omisisti,
586 1228 776 1291 quamquam
799 1208 854 1274 illa
876 1209 1076 1291 postmodum
1107 1226 1165 1290 per
1194 1209 1319 1290 aliquos
1350 1225 1468 1290 paucos
1500 1207 1578 1286 dies,
1613 1209 1696 1274 sicut
1726 1229 1784 1292 per
1806 1210 1930 1276 litteras

412 1318 487 1377 tuas
510 1319 543 1406 et
567 1313 694 1395 publica
717 1313 914 1391 documenta,
947 1319 1002 1378 tuo
1033 1311 1137 1394 sigillo
1168 1301 1299 1417 mnnita,
1329 1312 1420 1376 nobis
1451 1311 1593 1394 plenarie
1626 1315 1777 1393 constitit,
1810 1314 1930 1380 fuerint

413 1436 472 1500 per
493 1423 529 1482 te
551 1418 640 1482 iuxta
662 1418 819 1500 prefatam
841 1419 956 1482 seriem
987 1416 1125 1482 fideliter
1154 1423 1187 1481 et
1218 1415 1361 1499 plenarie
1383 1422 1544 1483 renovata.
1584 1418 1690 1495 Quare
1712 1419 1804 1483 nobis
1826 1418 1929 1483 humi·

413 1522 490 1587 liter
512 1521 711 1603 supplicasti,
736 1527 772 1587 ut
794 1522 835 1586 ad
857 1521 1031 1586 tollendum
1055 1539 1146 1585 omne
1170 1521 1368 1586 consciencie
1390 1526 1445 1586 tue
1469 1521 1652 1604 scrupulum
1677 1523 1843 1604 providere
1866 1523 1925 1587 tibi

412 1644 510 1709 super
532 1627 593 1691 hoc
615 1626 655 1691 de
677 1626 875 1710 benignitate
905 1624 1080 1709 apostolica
1110 1625 1321 1708 dignaremur.
1363 1623 1431 1690 Nos
1460 1625 1578 1707 itaque,
1609 1627 1673 1691 tuis
1697 1627 1728 1691 in
1751 1625 1812 1692 hac
1835 1632 1927 1709 parte

413 1731 707 1813 supplicationibus
723 1731 874 1808 inclinati,
891 1749 1015 1795 ornnem
1038 1730 1170 1813 periurii
1193 1729 1348 1801 maculam
1373 1730 1441 1795 sive
1464 1735 1659 1813 notamque
1681 1736 1812 1814 propter
1835 1732 1929 1797 omis·

412 1835 537 1900 sionem
559 1839 593 1899 et
614 1835 866 1900 retardationem
888 1834 1070 1900 huiusmodi
1091 1834 1151 1899 tibi
1174 1839 1281 1900 forsan
1304 1839 1415 1914 posset
1444 1834 1586 1917 impingi,
1618 1852 1656 1898 ex
1679 1838 1768 1899 certa
1791 1834 1930 1901 sciencia

413 1944 447 2004 et
470 1939 647 2023 apostolica
669 1939 867 2021 plenitudine
898 1939 1069 2021 potestatis
1098 1943 1211 2005 tenore
1242 1938 1442 2021 presencium
1472 1938 1599 2019 penitus
1630 1937 1819 2005 abolemus,
1841 1938 1927 2004 Nulli

412 2063 490 2126 ergo
513 2049 574 2109 etc.
597 2048 705 2110 nostre
728 2043 913 2109 abolitionis
936 2043 1109 2125 infringere
1129 2049 1189 2109 etc.
1214 2043 1253 2108 D.
1269 2042 1427 2108 Auinione
1443 2041 1503 2108 XV
1517 2041 1579 2108 kal.
1597 2041 1618 2108 J
1621 2042 1744 2108 anuarii
1761 2062 1789 2108 a.
1806 2042 1925 2125 quinto.

520 2259 669 2315 Clementis
687 2259 726 2314 VI
744 2261 777 2314 A.
801 2257 856 2329 Vst
879 2262 935 2328 (99)
963 2258 981 2312 i.
1009 2259 1068 2312 182·
1093 2274 1119 2312 n.
1145 2263 1204 2324 275,
1230 2257 1401 2313 diversarum
1424 2257 1575 2312 formarum
1593 2274 1637 2326 qn.
1656 2263 1680 2326 7,
1710 2258 1758 2334 sed
1776 2259 1929 2314 cancellata

410 2363 476 2400 cnm
493 2354 573 2401 nota:
598 2345 716 2417 ‚Scripta
734 2346 823 2402 estin
842 2353 976 2417 quaterno
1003 2344 1039 2400 de
1055 2344 1149 2399 euria‘.
1180 2344 1212 2398 ln
1231 2344 1263 2397 V.
1284 2350 1334 2399 179
1353 2345 1414 2399 loeo
1432 2344 1525 2399 debito
1544 2343 1630 2400 deest
1656 2345 1761 2400 Iterum
1778 2345 1928 2414 registrare

409 2435 439 2487 in
459 2435 495 2487 A.
516 2435 567 2497 Vl?
587 2435 643 2503 (91)
661 2434 679 2488 i.
698 2437 760 2489 277’
779 2451 804 2489 ιι.
824 2439 858 2488 27
876 2440 941 2504 post
964 2439 1128 2502 quaternum
1151 2430 1195 2499 ,de
1219 2432 1304 2486 curia‘
1328 2448 1390 2486 eum
1415 2438 1493 2486 nota:
1518 2431 1686 2500 ,Scribuntur
1709 2433 1802 2487 littere
1825 2433 1877 2488 iste
1896 2433 1925 2487 in

409 2528 550 2591 quaterno
569 2521 603 2575 de
621 2523 706 2577 curia‘
731 2540 765 2574 :
789 2522 822 2578 V.
842 2528 890 2576 177
910 2523 929 2576 f.
949 2527 981 2575 18
999 2537 1025 2575 n.
1045 2526 1078 2574 29
1098 2520 1136 2589 (l).
1165 2551 1193 2560 -
1219 2518 1271 2572 Ed.
1291 2517 1430 2588 Ludewig,
1449 2518 1594 2588 Reliquiae
1613 2525 1636 2587 6,
1657 2525 1697 2586 14,
1716 2518 1812 2589 Ldnig,
1834 2519 1928 2574 (lodex

409 2610 505 2663 Germ.
526 2617 550 2676 1,
569 2615 628 2676 379,
647 2608 743 2663 Huber
761 2615 817 2663 994.
830 2626 857 2664 n.
878 2616 918 2677 10,
937 2609 1022 2665 ΘΒΜ.
1040 2607 1093 2663 Vll
1111 2623 1137 2660 ιι.
1157 2604 1440 2674 etiamnullum
1459 2623 1485 2661 ιι.
1510 2611 1586 2661 2919.
1606 2635 1639 2646 -
1666 2607 1689 2673 ·)
1715 2605 1805 2677 suppl.
1831 2622 1925 2676 supra.

1068 2887 1275 2899 —n—

409 3219 506 3286 833.
534 3215 751 3298 lbeoderints,
773 3217 945 3282 monnellus
967 3217 1153 3282 monosterii
1174 3217 1210 3281 in
1230 3217 1343 3294 Lenin,
1364 3214 1580 3283 Ontereiensis
1602 3216 1733 3294 ordinis,
1757 3216 1924 3282 Branden·

408 3322 580 3405 bnrpmsis
609 3321 750 3403 diocesis,
781 3320 922 3386 ordinem
950 3322 1056 3406 ipsam
1086 3340 1233 3405 expresse
1256 3325 1435 3406 professes,
1469 3320 1505 3386 in
1529 3319 1704 3387 sacerdotio
1726 3322 1925 3399 canditatus,

403 3427 600 3513 prarrfieitnr
622 3428 658 3492 in
679 3427 858 3511 episcopum
881 3425 1116 3510 Sareptannm;
1138 3425 1190 3489 eni
1210 3445 1327 3490 mnnns
1349 3426 1594 3491 comeerutionis
1617 3449 1637 3491 a
1661 3427 1765 3506 Petro,
1780 3425 1923 3510 episcopo

408 3533 594 3610 Subinensi,
619 3531 706 3617 opnd
727 3531 830 3597 sedem
853 3530 1062 3616 apostolicam
1083 3531 1260 3615 inspersum
1282 3534 1339 3596 est.
1363 3533 1417 3608 ,D.
1440 3530 1598 3596 Aninione
1613 3533 1647 3596 X
1651 3530 1752 3599 Vitat.
1769 3531 1927 3598 Jonnorii

409 3661 443 3703 o.
470 3638 601 3721 qninto.‘
623 3675 667 3685 —
691 3640 731 3701 In
751 3658 777 3701 e.
799 3656 841 3702 m.
865 3633 1004 3719 copr'tnto
1034 3634 1183 3701 ecelesiae
1212 3639 1242 3700 et
1264 3634 1346 3701 clero
1370 3655 1407 3699 oe
1431 3634 1550 3720 populo
1576 3636 1770 3700 civitatiset
1792 3635 1924 3701 diocesis

453 3777 614 3793 ----
1067 3740 1277 3825 sareptanae.

445 3845 621 3970 ἓξὲξ
1324 3842 1488 3922 Arinione,
1511 3846 1599 3910 1346
1622 3843 1805 3909 Decembris
1828 3847 1879 3911 18.

517 4037 667 4092 Clementis
685 4036 723 4091 VI
740 4040 775 4092 A.
792 4036 845 4106 Vll
863 4038 918 4107 (99)
936 4035 956 4092 t.
974 4041 1007 4090 bb
1026 4052 1053 4089 ιι.
1071 4040 1103 4088 41
1118 4054 1152 4087 .-.
1169 4035 1201 4090 V.
1222 4040 1270 4089 177
1289 4034 1308 4089 f.
1328 4035 1371 4088 63⁹
1389 4051 1416 4089 n.
1434 4041 1475 4087 41.

412 4645 507 4716 834.
529 4646 664 4713 Nicolao
686 4646 770 4711 dioto
793 4644 831 4710 de
851 4645 1017 4721 Bobenia,
1040 4643 1162 4710 ordinis
1177 4649 1328 4726 srotrnm
1351 4644 1586 4710 Heremitomnn
1613 4645 1718 4709 sancti
1738 4644 1921 4727 Anpreatini,

409 4753 603 4834 indrdqetnr,
632 4753 663 4817 si
692 4752 761 4836 ipse
790 4751 834 4816 od
857 4754 971 4836 portes
1002 4750 1241 4815 transmarinus
1270 4771 1304 4814 se
1333 4755 1477 4832 conferre
1506 4770 1569 4814 non
1595 4749 1710 4834 possit,
1740 4754 1776 4813 nt
1805 4751 1921 4815 Perna

409 4857 543 4923 Alberti'
558 4856 607 4921 vel
628 4856 814 4921 Dominicns
836 4854 967 4935 dedet,
989 4854 1129 4920 eiusdem
1158 4855 1280 4920 ordinis
1305 4858 1513 4938 professores,
1543 4874 1621 4937 qnos
1642 4874 1745 4920 secum
1769 4856 1923 4939 proponit

410 4964 454 5027 ad
472 4966 589 5047 portes
612 4962 724 5026 dneere
745 4964 947 5036 memoratos,
975 4960 1059 5025 idern
1088 4960 1184 5025 didere
1205 4959 1319 5043 enepni
1334 4959 1471 5045 possint.
1502 4961 1555 5040 ,D.
1577 4959 1735 5025 Aninione
1759 4960 1839 5024 IIII
1854 4958 1920 5025 leui.

521 5101 524 5105 ·
771 5105 773 5108 ·
986 5065 1144 5132 Jannurii
1165 5086 1197 5130 a.
1219 5066 1349 5147 quinto!

450 5191 567 5259 Gratis
589 5206 647 5272 pro
671 5191 739 5255 deo.
1322 5186 1486 5268 damiane,
1509 5188 1596 5253 1346
1618 5185 1800 5251 Decembris
1821 5189 1874 5252 29.

515 5406 665 5461 Clementis
683 5406 721 5459 Vl
738 5408 772 5460 A.
790 5406 843 5477 Vlt
862 5410 964 5476 (tomus
982 5408 1026 5473 93)
1045 5404 1064 5459 f.
1082 5406 1151 5473 225',
1179 5404 1214 5459 de
1232 5403 1346 5459 indultis
1371 5412 1423 5460 etc.
1441 5420 1486 5473 qu.
1506 5410 1568 5458 5:
1581 5404 1614 5459 V.
1635 5409 1684 5457 174
1696 5403 1720 5458 t.
1740 5409 1792 5458 924
1809 5418 1837 5462 ιι.
1856 5409 1918 5459 994.

1061 5689 1266 5700 ——..—-—--
