5184 7050
546 867 588 932 96

546 1128 638 1193 174.
663 1125 831 1193 Grcitlctuio
852 1127 981 1207 Reperti
1003 1131 1205 1190 reservantur
1227 1127 1435 1191 canonicatus
1458 1131 1488 1190 ct
1504 1124 1689 1208 praebenda
1704 1123 1853 1189 ecclesiae
1868 1123 2049 1203 Propensis,

817 1232 873 1313 qui
895 1232 930 1295 in
952 1231 1037 1295 breui
1058 1252 1174 1296 cacare
1195 1236 1375 1314 sperantur.
1421 1234 1538 1296 Forma
1560 1235 1596 1294 ut
1617 1230 1653 1294 in
1674 1251 1704 1293 n.
1728 1231 1781 1293 11.

590 1438 731 1514 Gratis(
1520 1446 1683 1526 Acinione,
1709 1447 1791 1511 1343
1816 1445 1934 1511 Martii
1954 1446 2009 1510 23.

650 1664 688 1728 D.
713 1664 734 1729 1.
759 1664 933 1730 Guillermo
957 1664 1095 1747 Rogerii,
1120 1665 1270 1730 canonico
1293 1665 1504 1743 Narbonensi,
1528 1682 1552 1729 s.
1577 1668 1638 1729 etc.
1682 1663 1894 1745 Exigentibus
1923 1666 2051 1728 tuarum

546 1768 725 1833 nobilitatis
749 1787 787 1832 ac
808 1769 963 1833 virtutum
985 1774 1019 1833 et
1040 1770 1211 1850 probitatis
1233 1769 1377 1834 mentia.
1392 1820 1399 1833 .
1414 1820 1442 1834 ..
1468 1767 1548 1834 Cum
1570 1769 1680 1850 itaque
1695 1767 1902 1833 canonicatus
1925 1771 1960 1831 et
1981 1784 2052 1848 pre

545 1871 650 1936 benda
680 1872 814 1937 ecclesie
844 1872 1023 1955 Pragensis,
1054 1891 1134 1954 quos
1157 1873 1187 1937 d.
1211 1872 1232 1937 1.
1256 1874 1423 1951 Amostae,
1456 1874 1577 1937 electus
1611 1871 1791 1955 Pragensis,
1814 1875 1958 1952 tempore
1981 1888 2052 1952 pro-

545 1976 698 2041 motionis
712 1996 771 2058 per
785 1995 843 2041 uos
858 1975 943 2041 facte
959 1976 998 2040 de
1015 1977 1084 2059 ipso
1101 1977 1141 2041 ad
1158 1977 1351 2059 Prageusem
1373 1982 1449 2041 tunc
1471 1979 1638 2042 vacantem
1654 1975 1822 2040 ecclesiam
1836 1972 1861 2055 ι)
1876 1973 2052 2051 obtinebat,

545 2081 629 2146 sicut
651 2087 684 2145 et
708 2081 812 2146 adhuc
835 2081 966 2159 obtinet,
990 2101 1049 2163 per
1069 2100 1184 2147 munus
1207 2080 1460 2146 consecracionis
1483 2080 1719 2163 suscipiendum
1744 2079 1918 2144 abeodem
1949 2078 2052 2144 electo

545 2184 597 2249 vel
619 2204 677 2266 per
699 2186 824 2267 lapsum
847 2186 999 2267 temporis
1023 2185 1063 2250 de
1087 2184 1311 2252 consecrandis
1335 2185 1493 2266 episcopis
1513 2203 1532 2248 a
1550 2184 1724 2249 canonibus
1747 2181 1917 2249 diffinitum
1936 2201 2052 2247 vacare

544 2295 713 2369 sperentur
735 2290 768 2352 in
790 2290 889 2369 brevi,
911 2308 970 2354 nos
995 2290 1138 2355 volantes
1161 2290 1221 2355 tibi
1243 2309 1275 2373 p.
1298 2308 1338 2353 m.
1362 2294 1385 2354 1.
1410 2290 1431 2353 1.
1454 2308 1482 2371 g.
1507 2288 1529 2353 1.
1553 2307 1589 2368 a,
1614 2287 1743 2355 eosdem
1771 2289 1996 2354 canonicatum
2019 2292 2052 2352 et

546 2392 740 2474 prebendam
771 2393 978 2459 conferendos
1008 2395 1069 2459 tibi
1091 2414 1117 2459 c.
1141 2414 1172 2478 p.
1196 2395 1216 2459 i.
1241 2412 1267 2458 c.
1291 2412 1330 2458 ac
1352 2413 1380 2458 o.
1404 2394 1425 2459 1.
1450 2398 1482 2458 et
1504 2414 1535 2476 p.
1560 2412 1596 2471 a,
1619 2394 1851 2474 quamprimum
1880 2392 1955 2457 illos
1985 2393 2052 2457 sive

545 2516 604 2579 per
626 2498 898 2562 consecracionem
921 2498 1101 2564 huiusmodi
1125 2500 1192 2562 sive
1215 2517 1272 2580 par
1295 2497 1420 2577 lapsum
1442 2496 1579 2578 predicti
1602 2496 1753 2580 temporis
1773 2495 1813 2560 de
1829 2495 2053 2561 consecrandis

546 2602 705 2682 episcopis
729 2602 796 2665 sive
819 2621 1007 2684 quocunque
1030 2602 1093 2667 alio
1116 2603 1218 2680 modo,
1242 2606 1446 2683 preterquam
1469 2620 1527 2683 per
1549 2601 1670 2666 obitum
1691 2602 1793 2682 ipsius
1816 2599 1920 2678 electi,
1936 2618 2053 2664 vacare

549 2706 782 2787 contingeret,·)
818 2706 983 2771 collacioni
1007 2713 1039 2771 et
1070 2707 1275 2788 disposicioni
1299 2710 1406 2771 nostre
1429 2710 1461 2770 et
1484 2706 1571 2770 sedis
1593 2705 1768 2786 apostolice
1790 2703 1850 2769 hac
1873 2704 1943 2769 vice
1966 2710 2053 2769 motu

546 2810 683 2889 proprio,
707 2828 769 2874 non
792 2810 832 2873 ad
856 2813 944 2874 tuam
967 2811 1016 2875 vel
1040 2810 1173 2875 alterius
1197 2830 1254 2892 pro
1277 2815 1310 2874 te
1333 2829 1429 2891 super
1451 2809 1511 2874 hoc
1540 2810 1631 2874 nobis
1663 2809 1770 2875 oblato
1800 2808 1972 2891 peticionis
2006 2810 2054 2872 iu-

546 2914 711 2991 stanciam,
729 2915 785 2979 sed
805 2914 844 2977 de
860 2933 947 2978 irrora
969 2915 1165 2980 liberalitate
1188 2921 1297 2980 nostra
1319 2915 1502 2997 specialiter
1515 2933 1716 2979 reseruemus
1732 2965 1739 2978 .
1756 2964 1763 2978 .
1782 2966 1788 2979 .
1807 2964 1813 2978 .
1839 2913 1877 2978 D.
1895 2913 2053 2979 Aninionc

545 3015 661 3081 Xkal.
686 3017 806 3098 Aprilis
830 3037 857 3082 a.
881 3020 992 3100 primo.

650 3155 688 3219 In
722 3175 749 3220 e.
779 3175 820 3221 m.
856 3158 906 3223 dd.
941 3157 972 3223 ff.
991 3209 1022 3223 ..
1054 3158 1310 3223 Brewnouiensis
1344 3163 1376 3221 ct
1393 3209 1424 3223 ..
1460 3158 1669 3239 Montissyon,
1703 3156 1873 3239 Pragensis
1904 3156 2052 3234 diocesia,

546 3260 810 3325 monasteriorum
837 3262 1007 3327 abbatibus
1031 3267 1063 3327 et
1085 3261 1224 3327 iohanni
1248 3262 1288 3326 de
1310 3263 1458 3340 Pistorio,
1482 3263 1632 3327 canonico
1654 3261 1861 3339 Traiectensi,
1879 3278 1904 3325 s.
1920 3266 2050 3325 etc.....

546 3363 585 3427 D.
609 3368 645 3428 ut
668 3383 691 3429 s.

651 3554 799 3610 Clementis
817 3556 899 3610 VIA
917 3557 958 3626 lja
979 3560 1034 3625 (17)
1054 3556 1072 3612 1.
1093 3564 1132 3623 18,
1152 3556 1186 3610 de
1204 3555 1346 3610 beneficiis
1364 3556 1525 3611 vacandbus
1543 3574 1588 3625 qu.
1609 3557 1725 3609 rozi.
1746 3561 1794 3609 147
1810 3555 1829 3608 1.
1842 3561 1893 3609 316
1905 3572 1932 3608 n.
1947 3560 2006 3609 625.
2019 3585 2052 3594 -

545 3642 574 3708 ⁸)
593 3643 751 3710 ,contingct‘
768 3644 810 3710 A,
829 3659 898 3698 corr.
917 3644 952 3698 ab
971 3643 1084 3699 editore.
1103 3676 1136 3685 -
1156 3645 1176 3711 ¹)
1196 3644 1256 3699 ride
1275 3662 1301 3698 n.
1322 3650 1379 3711 166,
1399 3646 1443 3700 dd.
1462 3661 1505 3714 ap.
1526 3644 1732 3711 villamnovam,
1753 3649 1818 3698 1313
1837 3642 1932 3697 Martii
1951 3649 1976 3698 3.

545 4232 637 4299 175.
658 4231 812 4312 Jobanni,
836 4237 910 4297 nato
935 4229 1119 4310 Christiani,
1137 4238 1258 4299 concitis
1280 4237 1318 4299 de
1336 4235 1514 4317 Oldenburp
1529 4239 1559 4299 et
1574 4234 1804 4310 Deincenborst,
1821 4236 2051 4316 consonpuineo

544 4336 715 4411 Jotranuis,
731 4337 813 4417 repis
829 4337 1008 4414 Boberniac,
1028 4339 1214 4420 providetur
1236 4340 1280 4403 ad
1301 4339 1561 4422 supplicationem
1585 4339 1684 4422 ipsius
1705 4340 1788 4419 repis
1808 4338 1846 4402 de
1859 4339 2053 4403 canonicatu

545 4439 695 4505 ecclesiae
718 4441 908 4507 Coloniensis
940 4441 997 4505 snb
1026 4444 1238 4525 expectatione
1262 4443 1464 4526 praebendae
1496 4447 1527 4507 et
1559 4443 1763 4525 dispensatur
1794 4463 1864 4508 cum
1893 4462 1927 4505 eo
1957 4461 2052 4525 super

546 4544 671 4625 defectu
693 4546 819 4621 aetatis,
843 4566 932 4628 quem
948 4548 1078 4628 patitur
1098 4548 1135 4610 iu
1157 4548 1260 4612 XXII
1278 4548 1395 4612 aetatis
1418 4567 1501 4611 6666
1522 4545 1570 4610 cei
1591 4548 1676 4610 circa
1701 4547 1888 4610 constitutus
1902 4546 2050 4610 66161161.

709 4650 761 4731 ,D.
785 4648 941 4713 Auinione
971 4650 1074 4714 VIIII
1089 4650 1154 4716 161.
1178 4651 1304 4734 Aprilis
1327 4673 1357 4716 a.
1376 4651 1503 4733 primo.‘
1548 4652 1664 4715 Forma
1686 4654 1722 4714 ut
1742 4650 1778 4713 in
1799 4672 1829 4714 6.
1853 4651 1884 4715 6.

601 4785 686 5030 ἑὲ
1516 4893 1679 4967 Acinionc,
1704 4894 1787 4956 1343
1812 4890 1931 4956 11161111
1951 4894 2005 4957 24.

649 5149 797 5204 Clementis
816 5151 854 5204 vl
872 5155 895 5204 Α
915 5151 973 5218 llll
993 5154 1048 5217 (66)
1068 5151 1086 5205 f.
1105 5158 1153 5204 241
1174 5169 1200 5206 n.
1221 5158 1277 5218 176,
1304 5152 1338 5205 de
1369 5153 1546 5221 dignitatibus
1576 5150 1713 5205 vacaturis
1743 5167 1788 5218 qu.
1818 5149 1941 5204 10:V.
1963 5156 2011 5203 152
2028 5149 2047 5203 1.

545 5239 605 5290 343'
625 5254 651 5289 n.
672 5243 728 5292 tro.
766 5238 832 5305 Reg.
851 5238 879 5291 in
898 5238 958 5292 b'at
980 5239 1073 5292 rlkten
1095 5255 1119 5292 n.
1140 5244 1215 5293 6116.
