5184 7050
1992 904 2057 971 343

545 1128 670 1173 omnem
695 1109 906 1174 inhabilitatis
928 1109 1085 1173 maculam
1109 1111 1141 1172 in
1164 1109 1274 1172 eodem
1299 1109 1484 1190 Boguscone
1508 1127 1545 1173 ex
1569 1109 1763 1190 premissis0)
1786 1107 1930 1172 obortam
1954 1112 2055 1177 eciam

546 1213 718 1281 abolendo:
741 1215 921 1296 recepimus
942 1219 975 1279 et
997 1213 1246 1279 examinavimus
1265 1213 1445 1296 diligenter,
1462 1214 1585 1294 etquis
1608 1212 1682 1277 illas
1706 1213 1737 1276 in
1759 1216 1858 1290 carta
1881 1214 2052 1294 scriptura,

545 1317 620 1383 stilo
643 1322 808 1383 eteorum
831 1317 915 1383 serie
937 1337 975 1382 ac
999 1319 1194 1400 appensione
1216 1315 1303 1381 bulle
1326 1317 1411 1382 clare
1434 1323 1467 1382 et
1487 1316 1626 1381 dilucide
1650 1316 1826 1380 invenimus
1849 1333 1921 1380 esse
1943 1317 2053 1398 falsas,

545 1440 735 1504 quecunque
758 1421 930 1487 earundem
953 1422 1131 1486 litterarum
1155 1420 1307 1485 falsarum
1331 1426 1478 1503 pretextu
1501 1419 1588 1484 facta
1607 1424 1640 1482 et
1655 1423 1766 1485 secuta
1788 1425 1872 1497 sunt,
1896 1426 2055 1501 quatenus

547 1530 774 1606 processemnt
796 1525 836 1589 de
860 1524 953 1602 facto,
977 1523 1074 1602 nulla,
1109 1542 1211 1588 vacua
1241 1529 1274 1587 et
1293 1524 1401 1588 inauia
1430 1540 1561 1606 prorsus
1591 1542 1662 1586 esse
1692 1522 1891 1587 decernimus
1918 1543 1976 1588 nec
1998 1544 2057 1607 per

545 1646 603 1692 eas
625 1629 723 1695 robur
745 1628 873 1710 aliquod
897 1628 1006 1693 datum
1029 1645 1110 1692 esse.
1135 1627 1291 1704 Quocirca
1315 1625 1503 1691 discrecioni
1526 1631 1632 1690 vestre
1654 1645 1712 1709 per
1735 1626 1910 1708 apostolica
1933 1630 2054 1710 scripta

544 1732 773 1797 committimus
795 1738 828 1797 et
850 1732 1046 1808 mandamns,
1070 1737 1228 1812 quatenus
1251 1748 1308 1794 vos
1332 1735 1365 1794 et
1387 1729 1522 1811 quilibet
1544 1735 1684 1794 vestrum
1708 1730 1739 1793 in
1760 1730 1895 1795 solidum
1917 1734 2056 1797 auctori-

543 1841 615 1900 tate
638 1842 748 1901 nostra
771 1835 913 1918 prefatas
936 1836 1071 1913 litteras,
1096 1853 1229 1915 quarum
1252 1835 1376 1916 copiam
1392 1833 1432 1897 de
1447 1833 1543 1897 verbo
1564 1834 1604 1897 ad
1621 1833 1751 1897 verbum
1767 1834 1826 1897 sub
1842 1834 1930 1899 bulla
1946 1840 2055 1901 nostra

546 1938 639 2003 vobis
662 1940 817 2004 mittimus
840 1939 1055 2017 interclusam,
1079 1938 1259 2019 ubicunque
1289 1937 1441 2019 expedire
1471 1935 1630 2015 videbitis,
1662 1942 1694 2000 et
1724 1939 1892 2017 presertim
1915 1939 1947 2002 in
1969 1939 2055 2004 dicto

542 2043 739 2108 monasterio
769 2042 809 2106 de
840 2043 984 2121 Orionis,
1008 2042 1207 2106 denuncietis
1237 2041 1365 2123 publice
1397 2048 1429 2106 et
1455 2040 1600 2105 nunciari
1623 2059 1681 2121 per
1704 2041 1784 2106 alios
1807 2040 1933 2106 faciatis
1956 2042 2054 2108 falsas

543 2162 619 2210 esse
642 2149 675 2209 et
697 2145 798 2210 fuisse
821 2152 862 2226 et,
895 2165 1083 2229 quecunque
1112 2150 1188 2209 sunt
1217 2144 1341 2210 illorum
1374 2145 1540 2209 occasione
1563 2150 1758 2226 presumpta,
1783 2145 1901 2210 nullius
1923 2164 2055 2229 prorsus

545 2250 687 2314 existere
702 2249 872 2329 firmitatis,
889 2270 926 2314 ac
943 2250 1164 2315 nichilominus
1180 2249 1404 2315 fabricatorem
1420 2249 1486 2311 sive
1498 2247 1707 2312 fabricatores
1719 2248 1898 2313 litterarum
1914 2251 2053 2332 ipsarum

543 2353 617 2433 capi
641 2360 745 2431 caute,
768 2353 796 2418 si
819 2353 888 2419 fieri
912 2360 945 2418 et
967 2354 1101 2436 reperiri
1125 2357 1284 2435 poterunt,
1316 2353 1454 2431 faciatis,
1477 2357 1543 2416 tarn
1566 2353 1693 2417 eosdem
1724 2354 1932 2419 fabricatores
1959 2375 2054 2438 quarn

545 2462 671 2520 ceteros
695 2457 785 2535 alios,
809 2457 848 2521 de
872 2458 987 2539 quibus
1010 2456 1127 2522 litteris
1151 2456 1215 2520 illis
1238 2457 1376 2521 scientes
1400 2476 1434 2521 se
1450 2474 1526 2520 usos
1549 2473 1620 2520 esse
1636 2457 1725 2520 vobis
1748 2458 1937 2537 constiterit,
1961 2460 2051 2524 iuxta

543 2561 809 2626 constitucionem
832 2566 942 2626 contra
965 2560 1114 2625 falsarios
1137 2562 1256 2626 editam
1278 2563 1470 2625 auctoritate
1494 2561 1669 2642 apostolica
1698 2563 1878 2642 punientes,
1909 2563 2053 2629 invocato

543 2661 585 2726 ad
608 2663 677 2742 boc,
700 2665 727 2728 si
750 2683 831 2747 opus
853 2664 960 2743 fuerit,
983 2664 1102 2728 auxilio
1126 2665 1246 2729 brachii
1270 2664 1433 2744 secularis,
1458 2664 1707 2729 contradictores
1728 2666 1920 2732 auctoritate
1943 2674 2052 2733 nostra

544 2766 766 2848 appellacione
795 2769 974 2850 postposita
1004 2768 1242 2849 compescendo,
1266 2770 1509 2846 nonobstante,
1541 2768 1568 2832 si
1592 2768 1751 2851 aliquibus
1775 2773 1981 2837 communiter
2003 2773 2053 2837 vel

543 2871 672 2935 divisim
695 2891 715 2935 a
737 2872 814 2937 sede
837 2871 1012 2954 apostolica
1036 2874 1078 2937 sit
1102 2872 1267 2950 indultum,
1297 2872 1381 2953 quod
1405 2873 1561 2952 interdici,
1591 2874 1743 2954 suspendi
1767 2874 1817 2939 vel
1840 2877 2052 2940 excommuni-

544 2974 613 3037 cari
638 2993 700 3040 uon
722 2976 846 3057 possint
868 2995 926 3058 per
948 2977 1074 3041 litteras
1097 2976 1299 3057 apostolicas,
1330 2995 1390 3040 non
1420 2977 1576 3041 facientes
1598 2977 1725 3059 plenam
1755 2983 1788 3041 et
1811 2997 1992 3060 expressam
2016 2998 2053 3044 ao

544 3076 588 3140 de
618 3079 714 3144 verbo
745 3079 787 3143 ad
816 3080 945 3144 verbum
976 3081 1016 3144 de
1047 3081 1170 3146 indulto
1199 3080 1380 3145 huiusmodi
1411 3082 1613 3147 mencionem.
1658 3083 1695 3146 D.
1727 3083 1885 3147 Auiuioue
1908 3084 1957 3149 ΙΙΙ
1980 3103 2051 3149 non.

544 3182 734 3248 Decembris
757 3202 786 3249 a.
809 3189 933 3265 quarto.

649 3397 798 3452 Clementis
816 3397 854 3452 Vl
872 3401 904 3452 Α.
923 3401 988 3469 lvsr
1008 3407 1064 3466 (tt)
1082 3399 1100 3454 f.
1123 3409 1144 3466 1,
1162 3399 1197 3453 de
1215 3401 1292 3454 curia
1310 3417 1355 3469 qu.
1376 3408 1388 3452 1
1409 3407 1437 3453 et
1450 3401 1554 3467 unicus,
1574 3401 1684 3454 rubrica
1703 3403 1777 3469 sola;
1796 3402 1904 3457 litterae
1918 3403 1945 3455 in
1959 3401 1990 3456 V.
2003 3408 2052 3457 lto

539 3482 560 3538 f.
586 3486 608 3537 l'
627 3501 654 3537 n.
673 3490 697 3539 o.
727 3515 759 3525 —
785 3484 835 3540 Ed.
855 3484 976 3541 Theiuer
996 3487 1053 3542 MP.
1077 3488 1134 3541 ln.
1154 3493 1212 3542 ott.
1232 3518 1265 3528 —-
1292 3494 1315 3554 ²)
1337 3488 1372 3554 ,iu
1392 3487 1510 3557 oppiam‘
1530 3489 1561 3542 l'.
1590 3489 1612 3554 Ι1)
1632 3487 1736 3555 ,fracto‘
1756 3487 1788 3543 V.
1815 3494 1837 3554 ο)
1855 3504 1923 3543 corr.
1943 3505 1977 3544 ex
1997 3489 2052 3558 ,de-

539 3572 731 3626 tractationis
750 3573 781 3628 V.
808 3574 833 3639 d)
851 3573 977 3640 ,consilii‘
997 3576 1029 3628 V.
1056 3581 1079 3641 ο)
1097 3575 1217 3644 ,premis‘
1237 3575 1267 3628 V.

1194 3860 1400 3868 ——-——.

538 4239 637 4304 567.
666 4238 839 4313 Joltannes,
862 4258 920 4302 ren
943 4239 1121 4319 Bobeniae,
1144 4238 1315 4323 supplicat,
1338 4246 1493 4322 quatenns
1518 4236 1760 4304 Bartholomoeo
1781 4235 1890 4318 Fiptdr'
1911 4236 1950 4300 oe
1963 4235 2050 4300 bene·

538 4340 616 4417 ficio
638 4342 707 4405 sine
727 4361 816 4416 onra,
838 4345 973 4405 avocante
994 4342 1041 4406 oet
1063 4349 1224 4419 vacaturo,
1249 4345 1292 4409 ad
1314 4344 1510 4408 colationem
1533 4342 1657 4407 abban
1687 4347 1718 4405 et
1747 4344 1913 4406 conventos
1942 4360 2050 4404 morto·

539 4444 637 4507 steros
659 4444 832 4524 amanis,
855 4449 885 4508 et
907 4445 1050 4511 Jobonno'
1079 4446 1292 4512 Aroatetoro
1322 4451 1360 4515 de
1390 4449 1582 4514 canonicatu
1612 4444 1762 4511 eaalesr'ae
1791 4445 1902 4509 beatow
1924 4445 2053 4511 Mariae

683 4548 895 4630 Moqdatenoe
925 4549 1129 4614 Virdnnensis
1152 4551 1210 4615 stab
1232 4555 1446 4636 expectatione
1470 4549 1673 4635 ρταεὸοηάαε
1689 4549 1908 4633 provideatur.

1473 4738 1637 4820 Aot'ns'one,
1660 4741 1747 4804 1345
1774 4737 1954 4804 Decembris
1975 4739 2006 4802 4.

649 4956 817 5042 Supplicat
839 4960 870 5027 S.
894 4958 932 5025 V.
956 4959 1089 5025 devotus
1111 4960 1133 5025 f.
1157 4980 1185 5025 v.
1209 4958 1381 5037 lohannes,
1405 4976 1461 5022 rex
1484 4957 1624 5036 Boemie,
1648 4962 1805 5039 quatenus
1836 4956 1896 5021 sibi
1923 4956 1956 5019 in
1979 4973 2051 5037 per-

538 5080 651 5126 sonam
674 5062 782 5128 dilecti
805 5065 855 5129 sui
878 5061 1091 5129 Bartholomei
1115 5064 1229 5144 Figuli,
1254 5063 1360 5127 clerici
1385 5062 1575 5127 Morinensis
1605 5062 1752 5141 (lienosis,
1777 5060 1948 5144 specialem
1980 5078 2051 5142 gra-

539 5167 623 5231 ciam
640 5165 805 5246 facientes,
823 5168 925 5232 eidem
941 5168 980 5231 de
997 5167 1150 5232 beneficio
1170 5168 1387 5233 ecclesiastico
1403 5168 1472 5231 sine
1488 5186 1572 5246 cura,
1591 5171 1755 5248 spectante
1779 5166 1987 5230 communiter
2002 5163 2052 5227 vel

538 5271 667 5336 divisim
691 5273 733 5337 ad
755 5272 968 5351 collacionem,
992 5272 1214 5354 provisionem,
1238 5273 1510 5354 presentacionem
1534 5291 1590 5336 seu
1606 5271 1750 5353 quamvis
1771 5270 1866 5335 aliam
1882 5269 2048 5350 disposici-

539 5393 635 5439 onem
658 5376 784 5441 abbatis
808 5383 841 5441 et
863 5382 1035 5439 conventus
1059 5378 1241 5440 monasterii
1264 5377 1440 5455 bobiensis,
1457 5376 1577 5440 ordiuis
1592 5376 1694 5439 sancti
1709 5373 1884 5451 Benedicti,
1902 5371 2052 5438 Gamera-

544 5480 654 5544 censis
689 5480 836 5559 diocesis,
871 5485 1004 5544 vacante
1038 5481 1089 5544 vel
1123 5485 1285 5559 vacaturo,
1309 5498 1411 5562 usque
1444 5480 1484 5545 ad
1522 5499 1673 5545 summam
1707 5479 1871 5562 sexaginta
1903 5477 2053 5541 librarum

539 5584 775 5649 'turonensium
806 5602 974 5665 parvorum
1005 5585 1177 5649 secundum
1206 5585 1405 5649 taxationem
1435 5584 1557 5650 decime
1588 5584 1758 5665 dignemini
1781 5582 1958 5666 providere,
1983 5600 2051 5646 cum

538 5690 776 5773 acceptacione,
800 5688 1001 5768 inhibicione,
1025 5691 1255 5768 reservacione,
1280 5690 1408 5753 decreto
1432 5695 1465 5753 et
1488 5688 1629 5754 clausula
1661 5686 1813 5751 anteferri
1844 5691 1877 5751 et
1907 5686 2052 5751 omuibus

540 5812 605 5861 uon
629 5793 833 5860 obstantibus
856 5799 890 5858 et
912 5793 1063 5859 clausulis
1086 5801 1118 5859 et
1141 5794 1364 5859 executoribus
1387 5794 1560 5876 oportunis.
