5184 7050
1868 863 1930 928 163

414 1069 545 1129 nostras
562 1065 687 1130 litteras
707 1065 766 1129 sub
782 1084 821 1128 ea
837 1065 947 1142 ferum,
972 1066 1145 1131 secundum
1162 1084 1257 1147 quam
1274 1085 1331 1147 pro
1347 1068 1543 1150 prosperitus
1559 1068 1684 1131 clericis
1699 1069 1928 1134 berreticiandis

413 1178 492 1235 tunc
516 1170 713 1251 scripsimus
736 1174 770 1233 te
793 1169 912 1233 asseris
935 1175 1115 1250 expectare.
1140 1171 1294 1235 Volumus
1319 1175 1436 1250 autem,
1453 1172 1547 1253 quod,
1564 1173 1798 1254 quamprimum
1821 1174 1929 1255 rigere

414 1275 618 1356 presencium
641 1275 798 1340 dictorum
822 1276 1028 1339 canonicatus
1045 1279 1078 1339 ct
1093 1275 1254 1356 prebende
1278 1277 1513 1356 possessionem
1536 1273 1702 1358 pacificam
1719 1275 1818 1341 lucris
1842 1296 1929 1342 esse·

416 1386 520 1456 cutuS,
545 1378 687 1459 predicte
710 1379 818 1443 littere
842 1382 875 1442 et
898 1396 1067 1458 processus
1097 1379 1200 1444 habiti
1223 1400 1283 1462 per
1305 1380 1432 1444 easdem
1455 1383 1489 1442 et
1511 1398 1698 1462 quecunque
1722 1381 1794 1444 inde
1817 1388 1928 1447 secuta

416 1500 540 1546 exnunc
565 1482 630 1546 sint
653 1500 746 1546 cassa
769 1486 803 1547 et
825 1482 918 1545 irrita
941 1486 974 1546 et
996 1483 1116 1547 nullius
1140 1483 1263 1547 roboris
1286 1483 1336 1547 vel
1359 1485 1509 1548 momenti
1512 1534 1620 1548 .....
1655 1485 1695 1548 Ι).
1720 1485 1877 1549 Aninione
1899 1486 1929 1550 X

417 1584 479 1649 kal.
505 1586 693 1650 Decembris
717 1605 745 1649 a.
770 1585 917 1650 seeundo.

523 1692 562 1756 In
585 1710 612 1756 e.
636 1709 676 1754 m.
701 1690 752 1756 dd.
776 1689 807 1756 ff.
825 1740 857 1755 ..
883 1691 991 1755 abbati
1014 1693 1199 1756 monosterii
1225 1692 1462 1757 Strahouiensis
1485 1711 1583 1773 prope
1606 1692 1742 1774 Pragam
1760 1696 1793 1756 et
1808 1693 1928 1757 decano

417 1796 589 1877 pragensis
612 1814 650 1859 ac
674 1796 809 1860 sacriste
834 1795 1060 1860 Aninioncnsis
1083 1795 1290 1860 ecclesiarum
1315 1815 1339 1860 s.
1364 1802 1424 1861 etc.
1441 1847 1448 1860 .
1467 1847 1474 1860 .
1492 1847 1523 1860 ..
1552 1798 1591 1861 D.
1617 1801 1652 1860 ut
1675 1814 1699 1860 s.

520 2017 670 2071 Clementis
688 2018 727 2070 Vl
747 2019 769 2071 Δ
788 2018 843 2088 ΙΙίθ
863 2022 918 2086 (te)
938 2018 957 2072 f.
971 2023 1021 2072 464
1039 2037 1066 2072 ιι.
1080 2019 1292 2084 inlitteratum
1312 2021 1376 2074 artui
1396 2019 1516 2086 secundi,
1535 2036 1589 2087 que
1608 2019 1719 2074 fuerunt
1737 2028 1845 2089 portate
1865 2030 1928 2090 pest

417 2103 601 2157 reddieionern
622 2104 965 2173 librerirm‘q11.3.an.
985 2107 1111 2173 quaterni
1131 2105 1176 2159 isti
1196 2107 1306 2160 omnino
1326 2107 1463 2161 deliciunt.
1477 2138 1508 2146 —
1536 2109 1559 2174 ⁸)
1578 2124 1649 2162 cerr.
1662 2110 1695 2161 ex
1715 2107 1926 2173 ,ordinaverunt

417 2192 449 2242 Α.
466 2221 500 2228 -
530 2190 554 2249 bl
575 2195 623 2254 ‚oc‘
642 2193 675 2244 A.
702 2192 724 2256 c)
744 2191 823 2245 deest
842 2192 924 2256 mu,
945 2192 1034 2260 suppl.
1054 2192 1088 2246 ob
1108 2191 1302 2258 editore-¹)
1324 2200 1390 2247 1329
1410 2194 1534 2249 Jnnuarii
1555 2199 1595 2246 10.
1615 2195 1635 2261 ²)
1650 2194 1684 2248 nd
1699 2195 1926 2263 supplicationem

418 2276 498 2344 Petri,
519 2276 628 2330 abbatis
645 2277 749 2331 Mentis
768 2277 841 2344 Sion,
860 2295 941 2346 quam
961 2279 1022 2333 vide
1041 2279 1069 2332 in
1088 2296 1114 2332 n.
1132 2285 1192 2333 265.

415 2909 507 2974 268.
536 2904 677 2973 Jaeoeio
700 2905 738 2969 de
760 2903 918 2986 Apirnont,
942 2902 1032 2968 mites
1062 2904 1243 2971 Leediensis
1274 2905 1416 2981 cereso,
1449 2907 1708 2990 ,cerneriqninens
1731 2909 1924 2973 serenissimi

410 3009 568 3093 principis
591 3008 712 3073 denrini
732 3008 902 3087 Jehonnis,
929 3010 1012 3089 repis
1035 3011 1182 3085 Beemie‘,
1205 3015 1235 3074 et
1260 3010 1459 3092 Cuneqnndis
1481 3011 1518 3075 de
1540 3011 1778 3092 Bnerenderqr')
1813 3015 1921 3076 Trece-

412 3115 514 3179 rensis
551 3113 694 3186 diocesis,
727 3111 921 3195 supplicent,
955 3117 1110 3194 quotenne
1148 3135 1253 3178 secum
1289 3135 1384 3197 snper
1421 3116 1622 3179 oretrinronie
1660 3115 1728 3178 iem
1761 3120 1921 3180 contrecto

413 3219 623 3301 dispensetur.
669 3217 766 3292 ,Fora
789 3217 819 3280 si
841 3217 948 3280 brenno
971 3217 1057 3280 edito
1074 3222 1212 3298 snernnt
1232 3217 1403 3283 secundnm
1427 3219 1678 3283 consuetudinem
1708 3219 1796 3282 illins
1814 3220 1923 3301 patrie

410 3321 516 3404 qreeed
539 3320 665 3398 nobiles,
685 3343 746 3403 per
767 3319 978 3394 diocesaneum,
1001 3321 1031 3385 si
1053 3322 1096 3384 sit
1119 3322 1164 3386 ito
1190 3324 1241 3386 R.
1262 3375 1267 3386 .
1286 3373 1318 3386 ..
1346 3324 1386 3386 D.
1403 3323 1559 3387 Aninione
1584 3323 1635 3386 IX
1652 3322 1716 3387 tat.
1735 3323 1917 3387 Decembris

1066 3447 1096 3489 o.
1119 3425 1275 3491 seennde‘.

1321 3565 1484 3644 Aeiniene,
1507 3567 1594 3631 1343
1616 3566 1802 3630 Novembris
1824 3570 1875 3631 23.

518 3772 671 3827 Clementis
689 3770 727 3824 Vl
746 3770 764 3826 S
781 3771 836 3840 1111
857 3774 895 3841 (3)
914 3771 933 3827 f.
952 3777 994 3826 70.
1012 3803 1045 3814 -
1072 3772 1095 3838 ⁸)
1115 3771 1272 3839 ,Bereporg‘
1291 3772 1318 3826 S.

413 4331 502 4398 269.
527 4326 654 4409 Coreto,
678 4329 855 4394 rnerclrieni
878 4331 1051 4411 Meretrice,
1075 4331 1234 4405 scribitur,
1257 4335 1412 4412 qnatenus
1434 4332 1620 4414 qrmntecins
1640 4331 1825 4396 Aoinienenr
1848 4352 1917 4395 cen-

408 4438 497 4514 ferre
518 4455 556 4498 se
579 4433 749 4517 disponet,
769 4438 806 4497 nt
828 4455 898 4499 enin
919 4439 1016 4518 petre
1045 4456 1100 4499 sno
1122 4436 1158 4499 in
1179 4436 1300 4516 rreqotie
1330 4435 1594 4500 reconciliationis
1616 4436 1768 4500 Lndeeici
1790 4436 1828 4499 de
1851 4438 1917 4500 Be·

952 4540 1044 4603 eorie
1067 4540 1254 4603 intervenire
1271 4540 1384 4621 pessit.

1319 4727 1481 4806 Aeiniene,
1504 4730 1591 4792 1343
1614 4728 1800 4792 Novembris
1822 4732 1873 4793 24.

514 4923 555 4986 Ι).
579 4920 602 4985 f.
627 4921 724 4986 nobili
748 4923 816 4987 viro
840 4920 966 4998 Garelo,
990 4921 1199 5002 primogenite
1224 4939 1248 4984 c.
1275 4921 1306 4982 iu
1327 4918 1383 4984 Ch.
1408 4919 1428 4983 f.
1446 4938 1474 4983 n.
1492 4918 1658 4996 Jolmnnis,
1682 4920 1766 5000 regis
1789 4919 1918 4984 Boemie

413 5025 558 5103 illustris
575 5025 750 5090 marchioni
768 5026 921 5091 Moronie.
944 5024 1034 5102 Cum,
1051 5026 1135 5089 sicut
1150 5024 1253 5087 relatu
1270 5023 1427 5105 lidedigne
1443 5026 1653 5106 percepimus,
1670 5024 1918 5088 arrrbassiatores

413 5129 567 5194 Ludouici
592 5129 632 5194 de
655 5130 797 5195 Bouaria
820 5149 917 5211 super
938 5129 1069 5211 negocio
1091 5128 1364 5193 reconciliacionis
1387 5128 1488 5207 ipsius
1508 5128 1548 5191 ad
1564 5133 1705 5192 nostram
1720 5128 1918 5208 presenciam

412 5234 442 5297 in
465 5235 612 5316 proximo
635 5235 700 5298 sint
721 5235 858 5312 venturi,
890 5252 1021 5315 nosque,
1045 5234 1072 5297 si
1096 5233 1192 5297 dante
1216 5233 1341 5297 domine
1364 5232 1528 5312 negocium
1551 5231 1704 5313 precedet
1726 5231 1916 5309 huiusmodi,

412 5337 449 5403 de
472 5337 546 5415 hiis,
571 5357 633 5419 que
657 5358 683 5402 c.
708 5339 740 5402 in
764 5338 820 5403 Ch.
844 5338 865 5404 f.
890 5358 919 5402 n.
944 5337 1129 5415 iohannem,
1155 5355 1261 5419 regem
1283 5336 1414 5400 Beemie
1437 5334 1602 5414 illustrem,
1626 5337 1810 5417 genitorem,
1834 5355 1870 5399 ac
1887 5335 1915 5400 d.

411 5440 431 5506 f.
454 5461 483 5507 n.
506 5462 537 5506 r.
562 5440 752 5521 Jelrannem,
776 5442 922 5506 comitem
944 5441 1071 5519 Tirolis,
1098 5459 1282 5522 germanum
1305 5445 1388 5518 tues,
1412 5444 1543 5521 tangere
1574 5440 1790 5517 dinoscuntur,
1821 5458 1917 5521 agere

412 5545 492 5611 inter
526 5552 638 5610 cetera
669 5544 871 5609 intendamus
901 5551 934 5609 et
963 5549 1134 5626 propterea
1164 5544 1367 5622 voluerimus,
1402 5542 1485 5624 qnod
1515 5543 1660 5624 prelatus
1692 5561 1758 5621 rex,
1792 5544 1917 5623 genitor

409 5655 490 5727 tuus,
526 5667 632 5731 nuper
661 5647 834 5712 adsedem
863 5650 1072 5729 apostolicam
1102 5649 1232 5711 veniens
1262 5649 1293 5711 in
1326 5647 1431 5727 alique
1462 5647 1530 5711 loro
1565 5648 1741 5728 propinquo
1775 5646 1915 5710 Rernsne

408 5755 493 5819 curie
517 5755 697 5829 remaneat,
721 5768 885 5833 quousque
909 5752 1052 5816 venerint
1074 5751 1323 5815 ambassiatores
1347 5750 1491 5830 predicti,
1515 5751 1641 5829 etipse
1669 5755 1764 5829 teque
1786 5768 1916 5829 presen-

1765 5870 1810 5919 ιι*
