5184 7050
1887 902 1951 969 325

442 1101 517 1166 tibus
540 1107 620 1168 sunt
642 1104 820 1186 propinqui,
851 1103 976 1187 aliaque
998 1106 1083 1171 mala
1105 1106 1278 1183 innumera,
1309 1106 1370 1169 nisi
1394 1105 1577 1171 obviaretur
1600 1106 1781 1187 salubriter,
1812 1114 1943 1191 possent

443 1206 533 1288 sequi,
569 1207 683 1289 eisque
713 1225 880 1273 occurrere
911 1214 1044 1292 paterne
1067 1210 1279 1275 solicitudinis
1310 1210 1426 1274 studiis
1450 1211 1624 1293 cupientes,
1660 1212 1689 1276 d.
1713 1211 1735 1276 f.
1757 1213 1944 1295 magistrum

443 1309 643 1376 Gnillelmum
664 1312 706 1380 de
727 1311 884 1392 Pusterla,
907 1314 1104 1396 prepositum
1127 1314 1261 1378 ecclesio
1285 1314 1514 1393 Possoniensis,
1546 1315 1774 1396 Strigoniensis
1796 1317 1943 1396 diocesis,

443 1414 636 1497 capellanum
658 1422 811 1496 nostrum,
835 1418 1008 1500 apostolice
1023 1419 1110 1482 sedis
1126 1419 1284 1496 nuncium,
1308 1419 1409 1483 virum
1432 1419 1540 1501 utique
1563 1421 1739 1502 providum,
1764 1421 1943 1487 litterarum

443 1520 585 1598 sciencia,
621 1522 918 1604 circumspeccionis
948 1528 981 1587 et
1011 1521 1175 1589 fidelitatis
1208 1523 1366 1587 industria
1395 1524 1565 1604 preditum,
1604 1526 1702 1610 pacis
1737 1526 1883 1591 veritatis
1914 1532 1948 1591 et

443 1624 563 1689 iusticie
597 1624 780 1705 zelatorem,
816 1627 857 1691 ad
885 1631 972 1691 tunm
1003 1632 1037 1691 et
1060 1627 1204 1692 eiusdem
1233 1629 1318 1709 regis
1348 1629 1544 1709 presenciam
1568 1634 1600 1693 et
1623 1633 1732 1711 partes
1766 1628 1839 1694 illas
1872 1648 1945 1712 pro-

442 1733 547 1809 pterea
582 1731 778 1813 providimus
813 1751 883 1796 cum
914 1730 986 1796 aliis
1017 1732 1134 1795 nostris
1164 1732 1330 1814 oportunis
1359 1730 1477 1796 litteris
1511 1733 1741 1798 destinandum.
1788 1734 1945 1800 verentes

443 1833 541 1914 igitur,
578 1835 663 1916 qnod
693 1835 776 1900 inira
804 1836 983 1917 predictum
1011 1836 1180 1900 terminum
1211 1836 1251 1902 ad
1272 1841 1382 1917 partes
1412 1836 1485 1900 illas
1514 1838 1681 1920 pervenire
1716 1837 1800 1901 dicto
1831 1839 1945 1904 nuncio

443 1954 496 2002 non
510 1937 642 2002 calente
665 1943 935 2021 attemptarentur
957 1939 1064 2021 aliqua
1078 1938 1179 2004 hostis
1194 1941 1330 2022 predicti
1353 1939 1480 2006 malicia
1496 1941 1678 2023 instigante,
1702 1960 1764 2023 que
1780 1944 1945 2024 negocium

443 2040 673 2107 reformacionis
696 2043 784 2125 pacis
798 2048 908 2108 mutue
924 2044 1006 2108 inter
1020 2048 1053 2108 te
1069 2044 1252 2126 dictumque
1274 2063 1382 2127 regem
1404 2042 1633 2126 exasperarent
1654 2043 1704 2109 vel
1733 2044 1943 2111 difficiliorem

444 2145 608 2211 redderent
638 2148 720 2212 viam
753 2149 840 2230 pacis
875 2147 1028 2227 eiusdem,
1062 2149 1147 2212 circa
1177 2166 1270 2230 quam
1305 2149 1536 2231 procurandam
1570 2150 1715 2214 laborare
1749 2150 1945 2215 intendimus

444 2249 691 2316 solicitudinibus
714 2254 876 2331 studiosis
894 2251 967 2330 tibi,
991 2250 1198 2317 dilectissime
1220 2252 1274 2330 tili,
1299 2258 1333 2316 et
1352 2254 1419 2335 regi
1443 2253 1567 2335 preiato
1591 2253 1738 2318 celeriter
1761 2255 1942 2336 superbiis

445 2354 638 2420 scribendum
660 2356 855 2438 providimus
878 2362 1042 2437 oportune.
1068 2357 1223 2434 Quocirca
1241 2356 1380 2436 regalem
1403 2357 1628 2423 excellenciam
1650 2359 1807 2424 attencius
1831 2378 1943 2438 rogan-

446 2457 508 2522 dam
530 2459 679 2524 duximus
703 2466 736 2524 et
758 2461 953 2539 hortandam,
984 2465 1141 2541 quatenus
1163 2462 1327 2542 premissis
1358 2462 1529 2544 diligenter
1558 2463 1690 2527 attentis
1722 2462 1940 2527 suffereuciam

446 2566 602 2644 usquead
625 2565 796 2630 adventum
824 2565 960 2647 predicti
991 2565 1097 2628 rrurrcii
1127 2584 1197 2629 curn
1221 2585 1296 2646 rego
1319 2567 1462 2647 predicto
1493 2585 1590 2647 snper
1610 2567 1774 2648 promissis
1804 2568 1942 2648 recipias

447 2673 472 2729 et
492 2669 531 2732 ab
555 2669 701 2742 omnibus
732 2670 1007 2748 commocionibus,
1042 2669 1245 2748 novitatibus,
1276 2671 1379 2734 noxiis
1410 2675 1443 2734 et
1466 2670 1687 2751 congressibus
1717 2670 1841 2735 bellicis
1870 2689 1943 2753 pro-

447 2788 528 2835 cures
551 2793 609 2855 pro
633 2779 741 2838 nostra
763 2779 796 2838 et
818 2773 992 2856 apostolice
1016 2774 1101 2839 sedis
1125 2775 1308 2838 reverencia
1339 2776 1467 2855 penitus
1490 2775 1659 2853 abstinero,
1689 2795 1747 2857 pro
1771 2781 1858 2839 certo
1881 2776 1942 2839 sci-

448 2879 536 2956 tums,
567 2877 661 2960 osred,
692 2879 720 2942 si
743 2881 946 2961 contrarium,
970 2880 1054 2959 quod
1084 2878 1176 2956 absit,
1201 2878 1323 2942 faceres
1346 2884 1379 2942 et
1402 2880 1520 2944 nostris
1542 2878 1722 2943 huiusmodi
1745 2879 1942 2944 exhortacio-

449 2979 528 3045 nibus
551 2981 733 3047 salubribus
756 3002 817 3047 non
832 2984 1052 3064 acquiesceres
1076 3001 1145 3046 cum
1162 2981 1286 3062 effectu,
1311 2984 1401 3047 nobis
1424 2983 1614 3065 displicibile
1638 2982 1843 3061 redderetur3
1868 3003 1940 3047 nain

450 3083 530 3150 simili
560 3087 654 3150 modo
685 3088 770 3153 dicto
801 3088 867 3169 regi
898 3088 1064 3152 scribimus
1087 3093 1120 3151 et
1142 3088 1379 3169 prenominatus
1413 3089 1546 3152 nuncius
1576 3088 1748 3168 adportes
1778 3087 1941 3167 predictas

451 3186 577 3269 festinat,
600 3197 753 3273 quantum
777 3198 884 3275 potest
906 3193 1078 3271 commode,
1103 3193 1163 3255 iter·
1186 3211 1287 3256 suum.
1333 3193 1372 3256 D.
1397 3193 1553 3256 duinione
1576 3192 1641 3256 Illl
1667 3192 1730 3254 kal.
1753 3191 1942 3256 Novembris

452 3300 611 3374 aquario.

540 3416 622 3482 Item
646 3419 677 3482 in
700 3436 728 3482 e.
751 3438 792 3482 m.
817 3419 901 3483 dicto
925 3419 992 3502 regi
1015 3418 1155 3484 Polonie.
1202 3419 1240 3482 D.
1264 3424 1301 3483 ut
1322 3437 1347 3483 s.

541 3660 691 3715 Clementis
709 3662 746 3714 vl
760 3661 791 3716 V.
807 3667 854 3714 139
874 3666 954 3729 (secr.
968 3676 991 3716 a.
1005 3661 1053 3726 IV)
1067 3678 1093 3714 n.
1107 3667 1157 3713 534
1170 3668 1198 3714 et
1211 3667 1269 3714 535.
1289 3661 1339 3714 Ed.
1353 3660 1481 3729 Tbeiner,
1497 3661 1555 3714 ΜΡ.
1569 3661 1581 3714 Ι
1593 3677 1619 3714 n.
1633 3666 1691 3714 632.
1711 3690 1743 3700 -
1770 3666 1793 3727 ·)
1811 3663 1940 3728 ,treugas‘

452 3743 476 3800 V.
503 3748 524 3814 b)
545 3749 714 3815 ‚duraturas‘
733 3749 765 3803 V.

442 4356 526 4426 540.
551 4356 696 4436 Gordus,
719 4357 859 4421 marchio
883 4358 1058 4431 Morarioc,
1081 4360 1221 4437 reputer,
1244 4360 1399 4439 quatenus
1417 4358 1545 4438 petrem
1567 4355 1707 4429 inducat,
1730 4357 1767 4416 ut
1799 4373 1941 4434 conpres-

440 4461 516 4526 sea
546 4461 668 4526 bellicis
706 4482 774 4525 cum
809 4460 975 4535 Cirsimiro,
1009 4482 1080 4542 repr
1115 4460 1273 4540 Peioriioc,
1307 4481 1404 4542 respice
1438 4459 1482 4522 cci
1514 4459 1681 4525 calceatum
1718 4458 1823 4523 maeuii
1855 4456 1940 4521 sedis

994 4565 1186 4648 apostolicae
1209 4564 1376 4630 abstineut.

1377 4730 1540 4803 Aciaione,
1563 4731 1649 4793 1345
1674 4725 1819 4793 Octobris
1839 4729 1892 4791 29.

538 4951 578 5016 D.
602 4951 623 5017 f.
654 4970 738 5015 ιιι.
763 4950 888 5029 carolo,
923 4950 1133 5032 primogenito
1164 4969 1189 5013 c.
1222 4950 1252 5013 in
1285 4948 1342 5013 Ch.
1373 4948 1394 5012 i.
1427 4967 1457 5010 n.
1488 4945 1653 5024 lobannis,
1688 4945 1773 5029 regis
1807 4943 1937 5009 Boemie

433 5057 579 5133 illustria,
603 5056 740 5137 principi
764 5055 919 5119 Morauie.
943 5053 1080 5132 Decium,
1104 5055 1188 5117 sicut
1211 5053 1434 5129 intelleximus,
1458 5052 1541 5114 inter
1557 5050 1738 5126 carissimos
1761 5049 1792 5111 in
1811 5046 1938 5112 Christo

433 5160 462 5227 Ε
486 5181 539 5226 nn.
563 5160 743 5225 iohannem
765 5160 906 5237 Boemie,
933 5160 1106 5239 genitorem
1130 5164 1229 5236 tuum,
1254 5163 1286 5220 et
1310 5157 1504 5220 Kazimirum
1528 5154 1658 5219 Polonie
1681 5170 1773 5231 reges
1796 5150 1938 5216 illustres

432 5267 538 5347 gravis
562 5264 773 5329 dissensionis
787 5263 931 5341 materia,
955 5281 1012 5344 per
1027 5280 1122 5344 quam
1139 5261 1229 5326 hoste
1252 5265 1442 5342 procurante
1465 5259 1592 5322 huniani
1609 5257 1736 5337 genueris
1752 5256 1792 5320 ad
1809 5273 1938 5337 guerra·

431 5388 500 5434 rum
530 5373 566 5433 et
596 5366 762 5432 hostilium
792 5384 1016 5448 congressuum
1050 5365 1196 5430 fremitus
1227 5365 1360 5427 invicem
1390 5366 1613 5445 processerant
1643 5380 1698 5424 scu
1731 5359 1939 5424 intendebant

432 5473 616 5555 procedere,
651 5469 831 5554 periculose
861 5469 991 5532 nimium
1022 5469 1187 5546 suscitata,
1211 5469 1339 5532 tandem
1363 5466 1551 5549 quibusdam
1576 5465 1652 5529 viris
1675 5463 1817 5546 pacificis
1840 5462 1939 5527 merdi-

431 5579 559 5643 antibua
581 5581 617 5642 et
631 5574 846 5640 tractantibus
868 5579 980 5654 treuge
1002 5573 1092 5655 pacis
1115 5579 1373 5654 representantes
1396 5573 1562 5651 iumginem
1586 5572 1745 5635 intereos
1769 5567 1841 5631 irinc
1865 5565 1938 5630 indo

431 5680 504 5748 inite
528 5684 673 5760 inerunt,
696 5697 796 5761 usque
819 5679 860 5743 ad
883 5679 1006 5741 instans
1037 5678 1152 5742 festum
1183 5678 1268 5740 licenti
1294 5676 1421 5740 liartini
1454 5675 1594 5756 proximo
1624 5675 1813 5753 «iuraturos
1859 5667 1938 5733 Cum

430 5796 533 5856 tutem
558 5785 634 5855 finis
656 5792 840 5869 treugarum
873 5784 1012 5865 ipsarum
1037 5782 1155 5846 instare
1186 5786 1345 5859 noscatur,
1380 5797 1437 5843 nos
1458 5779 1618 5855 timentes,
1653 5775 1736 5857 quiid
1759 5791 1851 5855 reges
1874 5773 1936 5853 ipsi
