5184 7050
384 512 551 575 arulam
578 512 714 591 arratam
738 509 953 591 appellatione
977 509 1027 571 vel
1050 512 1239 575 familiarum
1274 512 1469 591 ‹ropmonrine
1492 522 1525 573 ut
1550 528 1631 573 nunc
1656 510 1751 573 naonis
1774 521 1834 575 est,
1856 530 1919 591 pro-

385 625 510 687 venit.
538 625 602 687 hoc
627 641 740 687 nomen
764 641 822 686 uox
846 622 1032 703 principalis
1065 634 1125 686 est.
1161 623 1277 686 l'etera
1312 624 1438 687 nomina
1473 625 1586 688 omnia.
1624 641 1705 702 «purte
1729 624 1768 684 ad
1792 623 1927 686 eundem

386 738 581 800 §nminem
607 737 778 817 pertinent
822 736 892 816 ipsa
936 737 1034 798 etiam
1068 738 1100 799 in
1135 738 1269 800 indicem
1305 737 1408 799 relata
1439 737 1480 799 ad
1510 755 1618 800 rocem
1648 735 1855 817 principalem
1879 755 1927 799 re-

384 860 583 912 vocantur.
607 847 741 911 Nomina
763 847 940 928 principum
964 849 1023 911 suh
1046 868 1154 912 earum
1178 861 1335 913 terrarum
1357 849 1546 915 nominihus.
1568 849 1653 912 unde
1668 866 1808 912 summae
1825 849 1929 929 digni-

386 964 488 1027 tatis
517 961 654 1024 titulum
679 967 853 1023 traxerunt.
881 959 1073 1026 indicantur.
1106 981 1168 1024 una
1198 961 1386 1041 exceptione
1424 961 1507 1043 apud
1542 961 1689 1025 (arulum
1723 961 1816 1025 facta
1839 960 1929 1024 cuius

389 1093 533 1138 nomen
560 1074 699 1136 omnium
723 1072 780 1133 suh
803 1090 865 1134 uno
889 1078 1021 1152 aspectu
1046 1072 1261 1152 ponendortmt
1285 1091 1381 1135 canusa
1403 1074 1461 1135 suh
1478 1091 1553 1136 voce
1567 1073 1737 1136 Bohemiae.
1751 1074 1928 1136 retulimus,

393 1190 537 1269 Papae.
561 1186 617 1266 qni
642 1184 801 1249 avenione
824 1184 933 1246 sedem
958 1183 1146 1249 hahuerunt.
1180 1186 1248 1248 roci
1284 1186 1463 1249 ,ire-nionis.
1502 1186 1633 1248 Rulliani
1673 1187 1789 1249 Romae
1811 1187 1926 1249 inserti

393 1314 502 1363 sunt.
530 1299 599 1362 th
622 1298 733 1361 eadem
756 1297 928 1359 ⁴trenionis
952 1315 1029 1360 noce
1052 1296 1230 1360 cardinales
1253 1306 1383 1360 sanctae
1414 1298 1573 1362 Romanae
1597 1299 1751 1362 ecclesiae
1775 1299 1928 1363 inuenies.

397 1412 575 1494 Episcopi
601 1412 660 1473 suh
683 1409 806 1473 nomine
829 1408 1025 1474 dioeceseos.
1048 1409 1098 1471 cel
1122 1409 1149 1471 si
1183 1428 1290 1472 comm
1321 1418 1395 1473 rmte
1429 1410 1618 1492 dignitatem
1640 1412 1855 1494 episcopalem
1878 1431 1928 1474 ac·

396 1540 548 1607 ceptam
572 1523 694 1587 mentio
716 1522 759 1602 fit,
781 1522 879 1585 etiam
902 1522 961 1584 suh
984 1522 1169 1603 cognomine
1192 1521 1331 1585 familiae
1365 1523 1555 1587 iudicantur.
1579 1523 1777 1606 Singularem
1801 1542 1929 1605 operam

395 1639 605 1703 bcaminihus
628 1635 863 1715 cognoscendis.
884 1635 988 1714 quoad
1011 1634 1080 1698 lieri
1104 1636 1219 1715 potuit,
1242 1635 1284 1697 iis
1307 1637 1468 1702 subsidiis,
1483 1656 1565 1717 ortae
1578 1637 1627 1700 hic
1641 1648 1746 1702 tomus
1757 1638 1929 1712 obtulerat,

409 1752 532 1815 adiuti
556 1749 750 1812 natavimus.

528 1863 624 1938 Quod
647 1862 675 1925 si
697 1879 758 1940 qua
779 1872 863 1935 sunt,
886 1861 940 1923 uhi
963 1861 1149 1925 erratimus.
1172 1860 1271 1923 hahes
1294 1861 1505 1925 indicationes
1520 1864 1738 1944 copiosissime
1751 1872 1931 1944 appamtas.

404 1979 507 2040 unde
534 1975 577 2038 ad
601 1992 707 2036 reram
729 1973 775 2036 rei
798 1973 1010 2052 cognitionem
1034 1973 1212 2036 certissime
1236 1975 1404 2054 peruenire
1416 1982 1517 2055 potes.

526 2088 652 2151 lentus
674 2105 780 2149 mense
804 2085 971 2148 llecemhn'
995 2085 1069 2147 cinni
1096 2087 1178 2150 1896
1201 2087 1287 2167 typis
1311 2086 1448 2149 describi
1470 2097 1603 2168 coeptus
1626 2106 1735 2151 mense
1757 2087 1930 2151 Julioanni

410 2205 508 2268 1³2⁸*
535 2201 662 2281 prelum
683 2198 820 2279 reliquit.
845 2199 923 2263 lude
947 2200 1108 2280 composui
1132 2200 1279 2262 indicem.
1303 2219 1396 2278 «prtem
1409 2219 1470 2263 non
1487 2211 1666 2280 antequam
1680 2219 1787 2264 attense
1800 2201 1930 2263 (lctohri

416 2319 512 2379 ΠΨ
536 2313 629 2396 prelo
651 2313 792 2376 subicere
816 2314 915 2394 potui.
942 2314 956 2374 l
959 2313 1190 2376 tescrihehatur
1205 2332 1263 2394 pet·
1278 2314 1382 2376 uanas
1401 2314 1664 2379 intermissiones,
1676 2314 1808 2377 edituris
1823 2314 1930 2375 morbo

411 2442 452 2491 et
480 2428 559 2490 aliis
583 2426 689 2489 causis
711 2427 872 2493 adductas,
896 2444 997 2505 nsque
1021 2425 1053 2488 in
1077 2445 1217 2488 mensem
1241 2426 1360 2489 llainm
1384 2427 1457 2489 anni
1479 2430 1568 2490 leth).

534 2539 571 2602 ln
595 2539 675 2602 lihro
697 2539 819 2602 edendo
841 2538 951 2601 multis
974 2538 1125 2601 subsidiis
1148 2538 1326 2601 liberaliter
1348 2540 1476 2602 adiutus
1500 2540 1664 2602 inanimam
1681 2539 1814 2620 matiam
1830 2540 1931 2602 debeo

416 2672 549 2717 summo
573 2651 714 2725 consilio,
744 2671 762 2713 a
784 2670 845 2730 quo
868 2670 919 2714 res
943 2662 1049 2713 terrae.
1074 2652 1161 2732 regni
1188 2651 1358 2714 ssohemiae
1382 2652 1654 2717 :aalarainistrantnn
1677 2652 1832 2733 imprimis
1857 2651 1930 2714 llln-

420 2766 589 2830 strissimo
613 2764 746 2844 principi
769 2764 905 2843 lssleongiu
921 2764 961 2826 de
979 2763 1175 2838 Lohkouicn
1192 2763 1400 2827 mareschallo
1417 2765 1517 2844 teani.
1535 2764 1648 2827 Carolo
1666 2764 1805 2827 ildatnelr
1823 2784 1841 2825 a
1857 2782 1928 2826 cou-

425 2880 498 2942 >ilio
524 2877 628 2958 regni,
663 2876 738 2939 viris
768 2877 807 2938 de
838 2878 941 2957 patria
966 2887 998 2940 et
1023 2877 1093 2939 eius
1117 2876 1248 2939 historia
1272 2876 1593 2956 inneneuuendiun
1617 2878 1751 2941 attentis.
1788 2876 1932 2956 Aclolpho

429 2991 615 3054 Bachmann
649 2996 682 3052 et
710 2988 885 3053 lorostaria
909 2989 992 3062 Gall,
1030 2988 1250 3070 philosophiae
1283 2988 1475 3052 doctoribus.
1515 2988 1741 3052 l'nirersitatis
1764 2988 1932 3068 &cinerosis

429 3103 675 3182 professoribus
705 3102 779 3166 airis
801 3102 996 3168 clarissimis.
1022 3102 1075 3181 qui
1100 3124 1117 3163 a
1141 3101 1275 3179 collegio
1299 3102 1435 3164 uirorum
1458 3101 1631 3167 doctorum.
1654 3101 1704 3163 cui
1729 3100 1932 3163 llonomenta

428 3213 587 3282 historiae
622 3215 711 3295 regni
744 3214 914 3278 Bohemiae
941 3234 1037 3278 cunae
1059 3225 1143 3279 snut.
1182 3213 1341 3289 decimati
1373 3222 1494 3277 textum
1525 3213 1620 3277 htaitrs
1642 3214 1725 3279 lihri.
1762 3222 1932 3292 antequam

423 3332 585 3396 ederetur
618 3333 653 3391 et
691 3327 763 3391 dum
796 3329 882 3409 tppis
916 3328 1174 3397 describebatur.
1209 3336 1418 3408 susceperunt
1460 3327 1710 3407 cognoscendum
1744 3336 1777 3389 et
1815 3327 1931 3387 exactii-

418 3445 580 3510 ssandnnn

536 3657 660 3739 scapo
683 3657 799 3739 uagae
822 3657 904 3722 xnz
927 3657 990 3721 ru.
1014 3655 1092 3719 auri
1116 3675 1198 3719 amaa
1215 3655 1365 3719 arcuna.

1405 3949 1463 4014 Dr.
1488 3951 1662 4015 Lodislnus
1687 3951 1846 4013 Klieman.

1495 4083 1516 4114 c.
1535 4084 1557 4113 r.
1576 4064 1749 4114 archimede.
