5184 7050
543 812 615 885 454

543 1025 594 1091 vel
617 1026 744 1092 divisim
768 1026 809 1091 ad
832 1025 1037 1092 collacionem
1060 1032 1120 1092 etc,
1145 1025 1272 1092 obbatis
1303 1031 1335 1091 et
1358 1030 1532 1091 conventus
1554 1024 1741 1092 monasterii
1764 1024 1869 1092 sancti
1892 1023 2049 1092 Vincencii

543 1136 635 1197 extra
657 1150 765 1196 muros
788 1131 1017 1197 Lauduneuses
1039 1129 1143 1209 etc.⁵⁹)

647 1236 729 1301 Item
751 1254 808 1317 pro
830 1235 988 1301 Balduiuo
1010 1233 1103 1314 Pulli,
1127 1234 1242 1300 clerico
1272 1234 1497 1300 Ambiauensis
1528 1234 1675 1313 diocesis,
1711 1234 1751 1298 de
1774 1233 1932 1299 beneficio
1954 1233 2049 1300 eccle·

542 1340 673 1406 siastico
696 1359 767 1406 cum
790 1359 866 1405 cura
888 1339 939 1405 vel
962 1339 1031 1404 sine
1055 1357 1138 1417 cura,
1154 1343 1321 1421 spectante
1343 1339 1551 1404 communiter
1565 1338 1616 1403 vel
1633 1337 1760 1404 divisim
1783 1338 1825 1403 ad
1849 1337 2049 1405 collacionem

542 1449 603 1510 etc.
627 1444 789 1512 ..decani
813 1448 846 1509 et
869 1444 1001 1526 capituli
1024 1462 1060 1508 ac
1083 1443 1279 1525 singulorum
1302 1444 1522 1509 canonicorum
1546 1442 1682 1508 ecclesie
1697 1442 1926 1508 ambianensis
1949 1441 2047 1523 etc⁰⁰l

646 1565 727 1631 Item
749 1585 807 1649 pro
829 1565 1052 1632 Bartholomeo
1075 1566 1265 1646 Gaudihini,
1289 1566 1403 1632 clerico
1428 1566 1701 1632 claromontensIs
1725 1565 1873 1644 diocesis,
1895 1565 1938 1631 de
1959 1566 2052 1631 bene·

543 1670 614 1737 ficio
636 1670 855 1737 ecclesiastico
878 1688 949 1735 cum
971 1689 1049 1737 cura
1071 1670 1121 1736 vel
1145 1671 1213 1736 sine
1236 1689 1323 1751 cura,
1347 1675 1513 1753 spectante
1536 1670 1578 1735 ad
1594 1668 1799 1735 collacionem
1822 1674 1885 1736 etc.
1909 1670 2048 1752 episcopi

543 1776 745 1855 Morincnsis,
769 1777 869 1841 eciam
893 1775 920 1839 si
944 1775 976 1839 iu
999 1775 1135 1840 ecclesia
1159 1774 1334 1841 cathedrali
1349 1775 1400 1840 vel
1420 1779 1611 1857 personatus
1633 1773 1749 1840 ruralis
1773 1774 1903 1853 existat,
1929 1778 1963 1840 et
1986 1793 2051 1840 cnm

543 1880 646 1946 eidem
678 1881 803 1959 clerico,
837 1880 913 1945 licet
942 1882 974 1944 in
1003 1881 1120 1963 graciis
1149 1881 1266 1946 vestris
1299 1880 1516 1945 communibus
1546 1879 1627 1944 alias
1657 1878 1752 1944 factis
1784 1877 2052 1962 supplicacionem

541 1985 711 2051 obtulisset
739 1990 773 2050 et
803 1985 1002 2051 examinatus
1031 1983 1148 2050 luisset
1178 1990 1211 2049 et
1240 1983 1410 2051 habuisset
1431 1985 1514 2050 hene
1544 2002 1602 2067 per
1632 1985 1747 2063 omnia,
1782 1990 1893 2050 tamen
1925 1988 2053 2067 propter

543 2090 778 2175 multitudinem
802 2088 989 2155 clericorum
1012 2090 1254 2172 impetrancium
1278 2089 1409 2157 collacio
1433 2109 1496 2156 non
1518 2090 1616 2157 fuerit
1639 2087 1859 2172 assignatam)

647 2214 729 2280 Item
751 2229 808 2294 pro
831 2212 927 2277 Petro
950 2211 1091 2297 ayraldi,
1116 2211 1231 2278 clerico
1255 2211 1526 2278 claromontensIs
1549 2211 1696 2291 diocesis,
1712 2211 1752 2276 de
1772 2210 1932 2277 beneficio
1956 2210 2053 2277 eccle-

543 2317 673 2384 siastico
697 2336 767 2384 cum
791 2336 866 2382 cura
888 2316 939 2382 vel
962 2317 1030 2382 sine
1054 2336 1140 2396 cura,
1157 2322 1323 2400 spectante
1346 2318 1554 2384 communiter
1568 2316 1618 2381 vel
1635 2316 1762 2382 divisim
1785 2316 1828 2383 ad
1849 2315 2052 2383 collacionem

543 2428 603 2488 etc.
635 2421 786 2505 episcopi,
817 2421 928 2488 decani
962 2427 996 2486 et
1025 2421 1158 2504 capituli
1188 2427 1221 2488 et
1251 2422 1446 2507 siugulorum
1479 2422 1700 2488 canonicorum
1730 2421 1870 2489 ecclesie
1904 2421 2053 2487 Attreba·

543 2528 645 2594 tensis
668 2524 772 2608 otcll)
1673 2541 1675 2545 ⁴

516 2698 525 2715 ,
647 2632 729 2697 Item
751 2650 810 2715 pro
833 2630 1022 2715 hanapum)
1046 2631 1151 2714 Ruphi
1176 2633 1215 2697 de
1238 2632 1445 2715 Aubiguiaco
1466 2631 1581 2696 clerico
1603 2629 1827 2696 laudunensis
1851 2630 2001 2711 diocesis,
2016 2630 2053 2695 de

543 2735 697 2802 beneficio
721 2736 939 2802 ecclesiastico
963 2755 1034 2801 cum
1056 2755 1135 2802 cura
1156 2736 1206 2801 vel
1231 2736 1301 2802 siue
1324 2755 1411 2815 cura,
1435 2740 1601 2819 spectante
1623 2734 1832 2821 communiter
1855 2732 1907 2799 vel
1933 2734 2054 2800 divisim

544 2840 585 2907 ad
608 2840 812 2907 collacIouem
836 2844 896 2906 etc.
921 2840 1072 2923 episcopi,
1097 2840 1208 2905 decani
1230 2845 1263 2904 et
1286 2839 1419 2922 capituli
1436 2845 1469 2905 et
1484 2838 1679 2922 singulorum
1702 2839 1931 2904 canonicorum
1956 2838 2053 2905 eccle

545 2946 592 3012 sle
614 2946 847 3024 laudunensis,
872 2946 972 3011 eciam
996 2945 1023 3011 si
1047 2944 1079 3009 in
1103 2944 1240 3010 ecclesia
1263 2944 1439 3010 cathedrali
1463 2942 1568 3027 etc.⁰')

647 3051 730 3117 Item
751 3069 809 3134 pro
832 3050 976 3116 Johanne
999 3048 1189 3129 Polreuella,
1213 3048 1329 3115 clerico
1355 3049 1623 3115 claromontensis
1647 3048 1794 3127 diocesis,
1826 3048 1868 3113 de
1900 3046 2053 3113 beneficIo

544 3156 762 3224 ecclesiastico
785 3173 855 3221 cum
879 3172 956 3218 cura
978 3152 1029 3218 vel
1052 3155 1120 3219 sine
1145 3173 1230 3233 cura,
1255 3159 1422 3235 spectante
1441 3154 1651 3219 communiter
1672 3151 1724 3217 vel
1748 3151 1876 3218 divisim
1900 3153 1944 3217 ad
1961 3152 2053 3219 colla·

545 3263 667 3328 cionem
697 3263 757 3325 etc.
788 3258 899 3324 decani
930 3264 962 3322 et
993 3257 1126 3340 capituli
1156 3261 1189 3322 et
1218 3257 1415 3340 singulorum
1445 3259 1666 3324 canonicorum
1698 3255 1834 3322 ecclesie
1871 3256 2052 3324 Olaromou·

544 3366 645 3432 teusIs
668 3361 772 3447 etc.⁰⁴)

648 3468 730 3535 Item
760 3486 818 3552 pro
847 3466 1007 3549 Stephano
1037 3466 1150 3547 Yterii‚
1189 3466 1304 3533 clerico
1340 3465 1612 3534 claromontensis
1646 3466 1794 3547 (hocesis,
1828 3466 1868 3532 dc
1902 3465 2053 3533 beneficIo

545 3575 762 3642 ecclesiastico
786 3592 856 3638 cum
880 3592 956 3638 cura
977 3571 1028 3638 vel
1052 3572 1120 3637 sine
1144 3591 1229 3653 cura,
1253 3576 1421 3655 spectante
1445 3573 1655 3638 communiter
1676 3573 1728 3638 vel
1751 3572 1879 3638 divisim
1904 3573 1946 3637 ad
1961 3572 2053 3639 colla·

546 3681 667 3747 cionem
691 3686 751 3745 etc.
774 3679 890 3762 prioris
914 3683 947 3744 et
970 3682 1144 3743 conventus
1166 3677 1353 3742 monasterii
1376 3678 1478 3742 sancti
1502 3678 1658 3759 Porciam,
1681 3677 1801 3743 ordinIs
1826 3678 1931 3745 sancti
1954 3678 2052 3743 Beue

545 3784 632 3867 dicti,
656 3785 741 3851 dicte
768 3781 958 3866 diocesisrr)

648 3908 730 3973 Item
753 3925 810 3990 pro
832 3906 972 3972 Roherto
1003 3904 1088 3970 dicto
1119 3904 1214 3982 Dore,
1249 3903 1364 3970 clerico
1394 3903 1618 3970 Nouiomensis
1649 3904 1794 3983 diocesis,
1829 3904 1869 3969 de
1901 3902 2051 3969 beneficio

545 4012 763 4078 ecclesiastico
787 4030 856 4077 cum
880 4030 957 4076 cura
980 4010 1031 4075 vel
1054 4010 1122 4075 siue
1145 4028 1232 4089 cura,
1257 4013 1425 4092 spectante
1448 4010 1657 4075 communiter
1675 4008 1726 4074 vel
1743 4008 1870 4075 dlesim
1894 4009 1936 4076 ad
1959 4007 2052 4074 colla·

545 4118 667 4183 cionem
689 4122 749 4181 etc.
773 4115 1015 4199 archiepiscopi,
1039 4114 1150 4180 decani
1174 4119 1207 4179 et
1230 4114 1363 4197 capituli
1387 4133 1425 4179 ac
1448 4113 1643 4198 singulorum
1670 4114 1896 4179 canonicorum
1920 4113 2051 4180 ecclesie

545 4218 737 4286 Senonensis
761 4226 831 4300 etc,
847 4239 910 4286 uon
933 4220 1091 4299 obstante,
1108 4219 1194 4301 quod
1216 4219 1258 4284 ad
1281 4218 1488 4284 collacionem
1511 4219 1627 4301 prioris
1650 4219 1810 4300 prioratus
1833 4222 1947 4282 sancte
1971 4217 2051 4282 Mar·

544 4331 657 4408 garetc
680 4326 720 4393 de
742 4325 917 4405 Eliucuria,
934 4324 1054 4390 ordinis
1078 4324 1308 4403 cluniacensis
1331 4323 1541 4389 Beluacensis
1565 4323 1711 4405 diocesis,
1729 4324 1762 4387 in
1781 4324 1940 4389 communi
1955 4323 2052 4389 forma

544 4431 671 4497 litteras
695 4451 714 4496 a
737 4431 767 4498 S.
791 4430 829 4497 V.
854 4430 935 4495 alias
958 4431 1151 4513 Impetravit‚
1175 4429 1291 4512 quibus
1314 4429 1503 4493 renunciare
1527 4433 1577 4493 est
1599 4425 1785 4511 pm'atus.⁰⁸)

649 4553 731 4619 Item
754 4572 811 4635 pro
834 4552 939 4636 Eligio
963 4552 1059 4617 Fabri
1083 4552 1123 4616 de
1145 4551 1299 4634 Senogiis,
1324 4549 1440 4616 clerIco
1464 4550 1705 4616 Cameracensis
1728 4549 1875 4629 diocesis,
1900 4549 1941 4615 de
1959 4549 2052 4615 bene·

545 4655 616 4723 ficio
640 4657 857 4723 ecclesiastico
882 4676 951 4721 cum
975 4676 1052 4722 cmo
1075 4655 1124 4720 vel
1149 4657 1216 4721 siue
1240 4674 1325 4735 cura,
1357 4661 1523 4737 spectante
1554 4656 1761 4720 communiter
1791 4654 1844 4719 vel
1866 4653 1993 4720 divisim
2015 4653 2050 4718 ad

546 4760 748 4826 collacionem
765 4767 825 4827 etc.
841 4762 967 4826 abbatis
979 4766 1012 4825 et
1023 4766 1198 4826 conventus
1214 4761 1398 4827 monasterii
1413 4761 1667 4838 Arremanensis‚
1679 4760 1848 4825 Ihecensis
1864 4757 2051 4834 diocesis.⁶⁷p

649 4883 730 4948 Item
753 4902 810 4965 pro
832 4884 996 4949 Ludouico
1019 4884 1140 4949 Auderi
1164 4884 1204 4949 de
1227 4885 1318 4963 Dola,
1343 4883 1457 4949 clerico
1480 4883 1649 4948 BIsuutine
1673 4882 1819 4961 diocesis,
1836 4880 1877 4946 de
1900 4881 2050 4947 beneficio

547 4988 765 5054 ecclesiastico
789 5007 859 5053 cum
883 5007 959 5053 cura
980 4988 1031 5053 vel
1055 4990 1124 5055 sine
1148 5008 1234 5067 cura,
1252 4993 1418 5071 spectante
1442 4989 1648 5053 communiter
1669 4986 1720 5051 vel
1743 4986 1871 5052 divisim
1895 4986 1937 5052 ad
1960 4985 2053 5053 colla·

546 5094 668 5159 cionem
691 5099 752 5157 etc.
777 5093 889 5158 decani
920 5100 953 5159 et
976 5094 1107 5176 capituli
1139 5093 1399 5176 singulorumque
1430 5093 1650 5157 cauonIcorum
1682 5091 1818 5157 ecclesie
1843 5090 2052 5173 Liugoueusis

546 5203 617 5276 etc,
640 5216 702 5262 non
726 5198 883 5277 obstante,
918 5198 1003 5280 quod
1032 5198 1073 5264 ad
1104 5198 1310 5263 collacionem
1341 5198 1453 5263 decani
1485 5203 1517 5261 et
1547 5203 1721 5263 conventus
1755 5197 1859 5264 sancti
1890 5195 2053 5263 Vincencii

546 5303 585 5367 de
608 5301 763 5385 Vergeyo,
786 5302 998 5386 Lingoueusis
1021 5303 1168 5382 diocesis,
1192 5304 1225 5367 in
1248 5302 1349 5368 lomna
1371 5321 1549 5384 pauperum
1572 5303 1653 5368 alias
1676 5297 1915 5384 impetravit.⁶⁸)

650 5426 730 5490 Item
754 5444 810 5506 pro
833 5425 952 5490 Thema
975 5425 1015 5490 de
1039 5424 1190 5503 Roseriis,
1215 5425 1330 5490 clerloo
1355 5424 1627 5490 claromontensis
1658 5424 1804 5502 diocesis,
1839 5420 1879 5487 de
1902 5421 2052 5488 beneficio
2102 5412 2105 5416 ’

546 5528 763 5594 ecclesiastico
787 5549 857 5594 cum
881 5548 956 5595 cura
979 5530 1029 5593 vel
1053 5531 1122 5594 sine
1146 5550 1232 5609 curo,
1249 5535 1415 5612 spectante
1440 5530 1649 5595 communiter
1671 5527 1721 5592 vel
1745 5528 1871 5593 divisim
1896 5528 1937 5592 ad
1961 5526 2052 5592 colla-

546 5635 667 5699 cionem
683 5641 743 5700 etc.
760 5636 875 5717 priorIs
891 5640 923 5699 et
936 5641 1110 5699 conventus
1129 5636 1314 5701 monasterii
1331 5635 1503 5715 Silurmati,
1521 5633 1742 5699 cluniacensis
1759 5629 1950 5718 [ordinispp
1973 5632 2053 5697 dicte

546 5738 737 5824 dicessisti
2014 5755 2017 5759 “
