5184 7050
1858 863 1925 929 373

407 1064 541 1131 licentia
562 1066 690 1131 minime
713 1064 879 1147 requisita,
903 1083 1092 1147 quacunque
1116 1066 1346 1132 constitucione
1369 1067 1529 1132 centraria
1550 1070 1784 1148 nonobstante,
1803 1071 1920 1134 sereni-

408 1171 471 1235 tati
493 1177 549 1236 tue
574 1171 731 1253 pleuamfl)
761 1171 952 1235 anctoritate
986 1170 1160 1251 apostolica
1189 1176 1301 1236 temne
1332 1173 1531 1253 presencium
1561 1173 1726 1238 licenciam
1750 1173 1922 1255 elargimur

408 1275 544 1357 tibique,
579 1275 664 1356 quod
694 1276 725 1339 in
756 1274 867 1339 eedem
897 1275 1099 1353 monasterie,
1133 1279 1300 1357 postquam
1333 1295 1389 1357 per
1411 1281 1444 1339 te
1468 1277 1612 1341 dotatum
1638 1295 1676 1341 ac
1699 1277 1864 1342 fundatum
1887 1284 1922 1343 et

410 1383 627 1444 constructum
650 1380 748 1444 fuerit
763 1384 799 1444 nt
813 1379 983 1461 prefertur,
1007 1379 1169 1443 abbatissa
1185 1385 1219 1444 et
1234 1396 1359 1443 sorores
1382 1381 1458 1445 dicti
1483 1380 1601 1445 ordinis
1625 1400 1726 1462 nsque
1746 1382 1785 1446 ad
1802 1381 1920 1446 dictum

408 1502 575 1548 numerum
599 1483 638 1546 ad
662 1483 910 1547 nominationem
932 1487 1019 1546 tuam
1042 1482 1101 1547 lrac
1124 1484 1276 1565 primaria
1300 1484 1369 1547 vice
1392 1483 1557 1549 dumtaxat
1580 1486 1703 1566 possint
1726 1491 1759 1549 et
1782 1484 1922 1550 (labeant

410 1587 584 1653 secundum
609 1588 757 1652 instituta
787 1587 928 1650 eiusdem
963 1587 1082 1651 ordinis
1117 1587 1263 1651 collocari
1287 1592 1320 1652 et
1343 1589 1474 1669 insuper
1497 1589 1617 1653 eisdem
1641 1590 1843 1667 monasterie,
1868 1590 1923 1653 ab·

409 1691 533 1755 batisse
567 1697 601 1756 et
631 1692 793 1756 sororibus
824 1697 856 1755 et
886 1711 994 1757 earum
1025 1692 1163 1773 posteris
1194 1692 1437 1773 imperpetuum,
1472 1693 1556 1772 quod
1579 1695 1724 1758 omnibns
1747 1693 1922 1775 privilegiis

411 1802 442 1859 et
466 1796 672 1861 libertatibus
694 1814 731 1860 ac
754 1794 975 1877 indulgentiis,
999 1796 1071 1859 aliis
1094 1796 1296 1860 monasteriis
1327 1801 1360 1860 et
1381 1795 1461 1861 locis
1484 1816 1520 1860 ae
1543 1798 1688 1879 personis
1705 1798 1781 1862 dicti
1804 1798 1923 1862 ordinis

409 1917 464 1962 seu
489 1899 552 1980 ipsi
575 1899 679 1963 ordini
701 1900 741 1964 ab
766 1899 941 1981 apostolica
964 1899 1041 1963 sede
1066 1899 1235 1977 correessis,
1252 1900 1385 1981 perinde
1400 1900 1526 1965 valeant
1549 1903 1698 1984 gaudere,
1715 1902 1799 1990 siant
1813 1920 1921 1966 mena-

409 2004 519 2082 steria,
543 2003 613 2067 loca
636 2008 669 2067 et
692 2021 826 2084 persone
850 2003 1041 2082 huiusmodi,
1066 2004 1182 2085 quibus
1205 2022 1357 2069 concessa
1379 2010 1462 2081 sarrit,
1486 2005 1551 2069 illis
1573 2007 1714 2089 gaudere
1736 2010 1920 2084 noscuntur,

407 2108 603 2172 auctoritate
633 2107 776 2189 predicta
805 2113 918 2172 tenore
949 2109 1149 2188 presencium
1179 2107 1388 2189 indulgemus.
1427 2108 1514 2173 Nulli
1546 2128 1621 2190 ergo
1651 2116 1711 2174 etc.
1742 2115 1920 2174 uestrarum

407 2213 651 2277 concessionum
674 2210 845 2295 infringere
868 2216 929 2277 etc.
954 2212 992 2276 D.
1017 2212 1175 2276 Aniniene
1198 2212 1266 2276 1111
1289 2212 1351 2277 kal.
1376 2213 1453 2276 Maii
1476 2232 1504 2277 a.
1528 2219 1649 2296 quarto.

516 2436 666 2491 Clementis
685 2436 722 2490 Vl
741 2438 774 2489 A.
791 2434 858 2506 IVse
872 2434 915 2505 (V.
928 2436 990 2502 218)
1004 2434 1021 2489 t.
1031 2437 1091 2488 320¹
1111 2441 1210 2503 11191,
1226 2434 1396 2490 diversarum
1415 2435 1563 2491 formarum
1581 2453 1627 2505 qu.
1642 2444 1669 2490 11
1683 2437 1759 2493 :V.
1773 2443 1822 2491 168
1835 2439 1854 2492 t.
1867 2445 1915 2491 411

407 2540 434 2577 n.
454 2528 517 2576 591.
536 2523 587 2576 Ed.
608 2523 668 2576 Vat.
687 2522 779 2576 Akten
797 2537 824 2575 n.
843 2527 920 2588 2262,
939 2521 1025 2576 RBM.
1045 2521 1082 2574 lV
1101 2538 1126 2574 n.
1146 2528 1222 2574 2230.
1242 2553 1274 2560 -
1302 2528 1325 2588 r)
1344 2523 1476 2588 ,illustris‘
1495 2526 1528 2576 Α.
1557 2523 1580 2590 b)
1598 2525 1755 2590 ,servitores
1774 2528 1810 2579 et‘
1830 2526 1919 2593 suppl.

408 2626 498 2678 snpra
518 2613 550 2662 A.
579 2611 601 2676 r)
621 2610 712 2679 suppl.
730 2609 758 2663 in
776 2608 899 2676 margine
918 2609 951 2660 Α.
970 2639 1002 2646 --
1024 2607 1122 2674 ¹>hacc
1141 2608 1307 2676 snpplicatio
1326 2626 1380 2662 nou
1399 2618 1442 2664 est
1460 2617 1577 2679 reperta.

406 3216 503 3284 626.
528 3216 723 3281 Moturstert'o
745 3215 985 3299 Eptcruaccusi,
1008 3215 1130 3280 orrtiuis
1152 3217 1258 3281 sancti
1280 3216 1453 3291 Benedicti,
1486 3217 1684 3282 Trcr’crcusis
1706 3215 1848 3296 dioceses,
1871 3216 1919 3279 iu·

409 3323 599 3403 corporatur
628 3319 673 3383 ad
697 3319 957 3402 supplicationem
986 3319 1156 3399 Jottauais,
1189 3321 1272 3400 repis
1297 3319 1475 3398 tlotceuriac,
1496 3320 1518 3401 l)
1549 3319 1767 3402 parrochialis
1790 3318 1918 3384 ecclesia

408 3424 521 3507 oppid-i
543 3425 798 3507 Epteruuceusr‘s.
823 3425 876 3499 ,D.
894 3423 1051 3488 Auia-teuc
1074 3425 1153 3489 IIII
1162 3422 1227 3490 aar.
1251 3423 1336 3488 Mac
1358 3444 1388 3490 a.
1409 3427 1543 3505 quarto!
1566 3423 1682 3488 dbuua
1697 3427 1733 3486 ut
1748 3423 1783 3487 iu
1797 3445 1827 3488 u.
1843 3426 1917 3488 271.

1379 3614 1543 3690 Aetatem,
1567 3616 1652 3680 1346
1674 3613 1799 3698 Apettis
1821 3617 1873 3679 28.

515 3829 858 3900 ClementisVlA.1Vl3
878 3836 933 3898 (tlt)
952 3831 969 3884 t.
989 3834 1040 3898 lt',
1060 3831 1093 3884 de
1112 3831 1235 3898 indultis,
1262 3831 1413 3899 privilegiis
1436 3835 1464 3884 et
1482 3830 1734 3898 dispensationibus
1752 3847 1798 3899 qn.
1812 3836 1835 3896 6,
1854 3831 1917 3883 rub·

409 3919 465 3973 rica
484 3917 547 3971 sala
561 3936 591 3969 :
606 3917 637 3971 V.
659 3923 707 3971 171
726 3917 745 3971 t.
764 3922 813 3970 ’2117
832 3933 858 3969 n.
878 3922 929 3970 '170
947 3917 1066 3971 litterae.
1086 3949 1115 3956 -
1140 3921 1158 3984 ¹)
1177 3918 1245 3970 baec
1264 3918 1428 3985 snpplicatio
1448 3934 1501 3971 nan
1521 3925 1564 3971 est
1582 3924 1700 3986 reperta.

407 4514 499 4580 627.
525 4506 720 4575 mecoenas
741 4510 848 4573 sancti
864 4508 1002 4576 Romani
1016 4509 1153 4592 imperii,
1175 4511 1350 4590 intorques
1369 4508 1465 4572 aum
1479 4508 1632 4591 Jottauui,
1649 4509 1716 4589 rapi
1734 4507 1916 4588 Rabannae,

493 4615 653 4694 scribitur,
676 4617 832 4696 quatenus
855 4615 898 4678 cut
920 4613 1003 4695 repis
1031 4616 1240 4678 lteruauorum
1263 4613 1442 4677 electionem
1463 4612 1631 4695 procedere
1648 4617 1828 4695 procurent.

1375 4802 1538 4880 Aoiuiooc,
1561 4805 1649 4868 1346
1671 4801 1796 4885 Aprilis
1819 4807 1871 4869 28.

512 5023 621 5089 Nobili
642 5023 710 5088 vire
733 5023 840 5087 comiti
863 5022 1005 5087 Palatino
1036 5022 1126 5100 Reni,
1161 5021 1234 5084 duci
1264 5021 1411 5098 Baucide,
1447 5021 1592 5102 spiritum
1625 5018 1747 5084 consilii
1771 5019 1915 5085 sanioris

406 5132 499 5198 Sicut
521 5128 720 5193 nobilitatem
742 5132 831 5193 tuam
853 5128 1059 5209 supponimus
1083 5126 1211 5191 indubie
1234 5145 1295 5190 non
1320 5126 1429 5203 latere,
1453 5125 1526 5188 olim
1551 5124 1635 5188 clare
1656 5124 1807 5187 memorie
1830 5123 1917 5188 Hen-

406 5236 483 5313 rico,
520 5233 632 5297 ultimo
660 5231 872 5296 Romanorum
904 5231 1102 5312 imperatore,
1139 5232 1234 5295 rebus
1263 5230 1410 5294 humanis
1440 5233 1586 5310 exempto
1618 5247 1654 5291 ac
1685 5229 1918 5309 subsequenter

404 5336 574 5404 Ludouico
598 5334 637 5399 de
660 5334 807 5411 Bauaria,
842 5335 897 5415 qai
921 5334 1087 5398 dicebatur
1116 5336 1148 5398 iu
1172 5334 1331 5398 discordia
1354 5335 1385 5398 iu
1409 5352 1515 5415 regem
1546 5333 1758 5397 Romanorum
1785 5331 1916 5410 electus,

404 5447 540 5525 prepter
563 5456 637 5503 sues
659 5456 772 5520 paves
795 5456 946 5503 excessus
963 5458 1000 5502 ac
1017 5437 1205 5501 detestanda
1225 5437 1356 5501 crimina
1373 5445 1406 5500 et
1421 5436 1546 5514 delicta,
1563 5455 1621 5519 per
1641 5437 1744 5517 ipsum
1760 5435 1914 5500 adversus

404 5548 505 5612 deum
528 5549 564 5607 et
586 5541 754 5607 ecclesiam
777 5549 918 5607 sanctam
950 5561 1038 5606 suam
1068 5540 1225 5622 fidemque
1255 5540 1442 5605 catholicam
1473 5541 1637 5605 commissa
1668 5540 1863 5605 horribiliter
1885 5546 1918 5604 et

403 5653 547 5735 patrata,
578 5664 637 5728 per
667 5664 835 5728 processus
867 5645 887 5711 f.
911 5666 935 5710 r.
959 5645 1114 5711 Johannis
1138 5662 1219 5726 pape
1249 5644 1353 5722 XXII,
1388 5643 1624 5724 predecessoris
1647 5645 1757 5722 nostri,
1792 5644 1917 5708 habites

401 5761 519 5822 contra
551 5769 636 5831 eum,
658 5749 793 5815 diversis
824 5750 1161 5815 excommunicacionis
1199 5748 1334 5829 aliisque
1367 5748 1586 5829 spiritualibus
1624 5753 1657 5811 et
1690 5747 1917 5830 temporalibus
