5184 7050
1876 865 1943 937 759

432 1075 553 1142 1476.
580 1075 736 1139 Wadatio
758 1079 788 1141 et
810 1075 929 1140 dotatio
951 1077 1137 1142 monasterii
1159 1079 1279 1143 Montis
1303 1082 1433 1142 sanctae
1462 1077 1592 1143 Mariae
1620 1079 1655 1141 ia
1687 1078 1790 1153 Glata,
1822 1078 1942 1143 ordinis

732 1180 838 1246 sandi
858 1179 1042 1262 Augustini,
1067 1181 1240 1263 &agensis
1262 1181 1402 1261 dioceses,
1426 1182 1640 1264 confirmator.

489 1283 526 1476 Ξ
1400 1336 1562 1416 Aoinfonc,
1584 1339 1671 1404 1352
1694 1336 1821 1421 Aprilis
1842 1342 1895 1405 24.

531 1510 581 1574 Ad
595 1515 791 1592 'perpetuam
812 1510 860 1574 rei
882 1508 1074 1573 memoriam.
1098 1508 1132 1575 si
1153 1509 1297 1574 honestis
1319 1509 1531 1590 peticionibus
1554 1509 1733 1591 supplicum
1750 1511 1863 1576 deceat
1882 1530 1939 1578 nos

429 1619 554 1697 gratum
584 1615 719 1696 prebere
749 1630 947 1691 consensum,
982 1631 1038 1678 eas
1068 1618 1186 1692 tamen,
1208 1633 1271 1697 que
1293 1613 1455 1696 religionis
1478 1613 1671 1679 incrementa
1693 1616 1878 1697 respiciunt,
1902 1636 1939 1682 eo
1995 1638 1998 1643 ⁴

428 1718 635 1783 favorabilius
656 1718 855 1797 exaudimus,
879 1737 941 1800 quo
963 1717 1062 1782 eciam
1086 1718 1261 1800 irrequisiti
1283 1719 1421 1783 libenter
1443 1722 1552 1783 nostre
1568 1719 1779 1784 solicitudinis
1795 1706 1936 1786 studium

431 1821 628 1887 adhibemus.
673 1821 826 1888 Exhibita
859 1822 1016 1904 siquidem
1049 1823 1141 1888 nobis
1174 1842 1232 1905 pro
1265 1827 1359 1904 parte
1381 1842 1410 1886 v.
1434 1822 1455 1886 f.
1478 1842 1508 1886 ιι.
1533 1824 1672 1902 Arnesti,
1707 1824 1938 1906 archiepiscopi

427 1926 608 2009 Prageusis,
632 1932 665 1991 et
687 1927 739 1992 dd.
761 1925 793 1992 fi.
818 1976 849 1992 ..
873 1926 1028 2008 prepositi
1052 1931 1085 1990 et
1107 1931 1281 1991 conventus
1306 1927 1490 1991 monasterii
1515 1927 1634 1991 Montis
1657 1932 1766 1993 sancto
1786 1927 1889 1993 Maris
1904 1929 1937 1994 in

427 2028 537 2108 GIacz,
561 2049 618 2113 per
640 2031 837 2112 prepositum
861 2030 946 2096 soliti
962 2031 1144 2114 gubernari,
1161 2030 1279 2095 ordinis
1296 2032 1398 2094 sancti
1414 2031 1593 2113 Augustini,
1605 2032 1775 2114 Pragensis
1792 2033 1939 2113 diocesis,

426 2134 546 2218 peticio
570 2135 762 2213 continebat,
786 2126 878 2217 quod
893 2134 969 2198 olim
990 2135 1076 2200 idem
1098 2133 1366 2217 archiepiscopus,
1390 2135 1522 2216 cupiens
1544 2139 1674 2200 terrena
1697 2137 1729 2200 ln
1753 2136 1886 2202 celestia
1906 2143 1939 2203 et

425 2239 612 2305 transitoria
635 2239 666 2303 in
690 2243 801 2304 eterna
823 2237 910 2304 felici
934 2239 1119 2304 commercio
1143 2243 1348 2317 commutare,
1373 2238 1413 2302 ad
1437 2240 1661 2320 omnipotentis
1692 2240 1744 2305 dei
1755 2240 1782 2324 ⁸)
1812 2240 1938 2306 laudem

427 2348 462 2407 et
484 2342 616 2426 gloriam
638 2361 676 2407 ac
699 2362 756 2425 pro
780 2361 837 2407 sue
853 2349 887 2408 et
902 2347 1068 2425 parentum
1085 2360 1213 2407 suorum
1229 2343 1403 2407 animarum
1419 2342 1522 2407 salute
1537 2344 1696 2425 prefatum
1712 2346 1938 2410 monasterium

427 2447 469 2511 de
492 2448 583 2512 bonis
606 2448 672 2512 suis
694 2447 850 2527 fundavit,
874 2448 1051 2512 construxit
1072 2447 1194 2529 pariler
1216 2452 1249 2511 et
1271 2446 1401 2511 dotavit.
1437 2447 1542 2525 Quare
1565 2447 1643 2511 dicti
1665 2448 1937 2530 archiepiscopus,

425 2551 611 2633 prepositus
634 2555 667 2615 et
689 2555 863 2615 conventus
886 2551 976 2615 nobis
999 2551 1161 2615 humiliter
1183 2550 1414 2632 supplicarunt,
1438 2555 1474 2614 ut
1500 2551 1679 2615 fundacioni
1711 2556 1744 2616 et
1774 2553 1933 2617 dotacioni

425 2653 608 2719 huiusmodi
631 2653 881 2720 confirmacionis
902 2659 1011 2720 nostre
1033 2655 1131 2720 robur
1151 2653 1279 2719 adicere
1303 2653 1342 2718 de
1357 2653 1490 2736 speciali
1505 2656 1613 2737 gracia
1630 2655 1842 2737 dignaremur.
1868 2656 1934 2722 Nos

424 2758 534 2841 igitur,
557 2758 737 2824 huiusmodi
760 2759 1049 2841 supplicacionibus
1073 2758 1225 2839 inclinati,
1250 2758 1469 2823 fundaci0nom
1493 2765 1527 2824 et
1549 2759 1746 2824 dotacionem
1771 2760 1934 2842 predictas

425 2867 515 2927 ratas
537 2866 570 2926 et
592 2867 700 2945 gratas
721 2862 886 2941 habentes,
910 2863 983 2929 illas
999 2863 1189 2928 auctoritate
1206 2862 1382 2944 apostolica
1397 2881 1436 2926 ex
1453 2868 1541 2928 certa
1556 2863 1695 2928 sciencia
1711 2863 1935 2929 confirmamus

425 2971 461 3031 et
485 2967 642 3047 presentis
666 2967 776 3056 scripti
800 2967 975 3048 patrocimo
998 2968 1234 3044 communimus,
1258 2965 1445 3048 supplentes
1469 2985 1590 3030 ornnem
1621 2967 1789 3047 defectum,
1809 2969 1837 3033 si
1865 2969 1936 3051 quis

421 3071 534 3136 forsan
557 3071 765 3135 intervenerit
786 3070 820 3135 in
842 3071 973 3150 eisdem,
998 3071 1037 3135 de
1059 3070 1233 3153 apostolice
1257 3070 1455 3152 plenitudine
1470 3071 1648 3152 potestatis.
1672 3072 1758 3138 Nulli
1776 3090 1850 3156 ergo
1872 3079 1933 3138 etc,

423 3171 575 3259 nostrel)
598 3172 849 3239 confirmacionis
872 3180 906 3239 et
928 3174 1142 3257 suppleciouis
1165 3175 1336 3258 iufringere
1359 3179 1420 3239 eto.
1445 3175 1484 3240 D.
1501 3173 1658 3240 Aninione
1673 3176 1751 3242 VIII
1773 3175 1837 3241 kal.
1855 3175 1932 3240 Maii

424 3298 454 3342 a.
480 3278 649 3358 decimo.¹l

530 3430 681 3486 clementis
699 3430 736 3485 Vl
754 3432 787 3486 Δ.
806 3430 861 3501 Χμ
881 3434 953 3500 (119)
970 3430 990 3484 f.
1009 3437 1059 3485 519
1077 3449 1103 3487 n.
1123 3437 1182 3500 726,
1201 3431 1372 3489 disersarum
1390 3433 1539 3487 formarum
1558 3450 1603 3502 qu.
1623 3441 1651 3487 ιι
1670 3453 1700 3485 .-.
1713 3432 1744 3487 V.
1764 3439 1814 3486 209
1834 3432 1852 3486 f.
1872 3435 1930 3486 198⁹

419 3536 448 3573 ιι.
468 3524 528 3573 726.
547 3549 579 3559 -
607 3520 631 3588 ·)
650 3517 740 3588 suppl.
759 3534 844 3588 supra
861 3519 894 3573 Δ.
923 3521 946 3585 b)
965 3518 1056 3588 suppl.
1075 3536 1161 3589 supra
1178 3521 1211 3573 Δ.
1231 3552 1263 3561 -
1283 3523 1304 3589 ¹)
1323 3520 1351 3575 in
1370 3538 1454 3591 marg.
1473 3528 1552 3577 nota:
1570 3519 1615 3589 ,de
1633 3526 1751 3577 camera‘
1768 3525 1799 3574 Α.

1073 3731 1280 3742 -.—-—

421 3976 546 4045 1476.
578 3974 685 4039 niori
714 3978 744 4038 at
772 3974 935 4038 concentui
967 3976 1152 4039 monasterii
1181 3975 1219 4039 dc
1251 3977 1349 4039 Horto
1378 3974 1489 4039 beatae
1511 3976 1639 4041 Mariae
1657 3996 1757 4059 prope
1779 3978 1931 4057 Pragam‚

420 4080 639 4147 Carfusicasia
672 4078 803 4156 ordinis,
838 4078 1026 4158 conceditur,
1060 4082 1096 4142 uf
1129 4079 1271 4143 omnibus
1301 4078 1490 4162 privilegus,
1515 4101 1536 4143 a
1558 4079 1630 4177 sedo
1659 4080 1832 4162 apostoliea
1856 4080 1932 4144 aliis

573 4184 719 4266 personis
741 4186 771 4245 cf
792 4182 994 4247 monastertio
1016 4183 1153 4247 eiusdem
1176 4183 1297 4247 melinis
1319 4183 1481 4262 concessis,
1502 4182 1640 4264 paudm
1657 4183 1793 4265 possint.

465 4303 524 4428 ..ilfi
770 4429 772 4432 Ι
1187 4338 1284 4431 Apud
1314 4338 1551 4452 Villamaooom,
1578 4341 1665 4405 1352
1687 4337 1812 4423 Aprilis
1833 4341 1886 4406 30.

523 4514 585 4579 Dd.
601 4513 631 4580 fi.
650 4514 792 4596 ‚priori
816 4518 849 4578 et
872 4512 1039 4578 conventui
1062 4512 1247 4577 monasterii
1269 4511 1309 4575 de
1333 4512 1412 4577 Orto
1434 4512 1527 4576 beate
1550 4510 1653 4576 Mam'e
1670 4530 1768 4594 prope
1784 4512 1928 4594 Pragam‚

415 4638 479 4704 per
500 4619 638 4699 priorem
662 4617 748 4683 soliti
771 4618 978 4700 gubernari,·)
1003 4615 1217 4680 Cartusieusis
1240 4616 1370 4695 ordinis,
1395 4635 1419 4680 s.
1443 4621 1503 4680 etc.
1539 4615 1714 4697 Religionis
1735 4621 1842 4680 vestre
1865 4635 1930 4681 me·

416 4727 512 4788 retur
532 4721 696 4800 honestas,
720 4726 756 4787 ut
778 4722 833 4787 illa
854 4740 911 4786 vos
934 4721 1041 4803 gracia
1063 4719 1283 4785 favorabiliter
1304 4738 1543 4802 prosequamur,
1565 4738 1659 4801 quam
1682 4718 1772 4785 vobis
1803 4724 1837 4783 et
1857 4739 1930 4802 per·

417 4828 508 4894 sonis
538 4827 640 4893 vestri
669 4827 854 4891 monasterii
882 4843 941 4908 pro
968 4825 1065 4889 divini
1090 4824 1194 4888 cultus
1217 4829 1384 4906 augmento
1408 4824 1475 4888 fore
1499 4822 1708 4904 conspicimus
1731 4830 1929 4904 oportunam.

419 4931 506 4999 Hinc
528 4936 588 5009 est,
611 4930 695 5013 quod
718 4948 786 5009 nos,
810 4930 839 4995 d.
863 4930 884 4995 f.
904 4980 911 4993 .
929 4979 936 4992 .
956 4930 1072 5011 prioris
1095 4927 1253 5011 generalis
1276 4928 1461 4993 monasterii
1478 4925 1702 5006 cartusiensis
1718 4946 1776 5009 per
1792 4928 1928 5008 priorem

418 5035 509 5101 soliti
531 5034 710 5117 gubernari,
745 5032 1004 5116 Graciopolitane
1036 5032 1182 5110 diocesis,
1205 5032 1384 5115 vestrisque
1407 5029 1697 5114 supplicacionibus
1720 5031 1870 5109 inclinati,
1895 5037 1930 5096 ut

418 5142 454 5205 in
477 5139 671 5204 monasterio
693 5143 800 5203 vestro
824 5138 863 5202 de
887 5137 967 5203 Orto
989 5138 1083 5201 beate
1106 5136 1209 5201 Mario
1232 5155 1331 5218 prope
1354 5136 1499 5219 Pragam‚
1524 5134 1737 5200 Cartusieusis
1767 5132 1927 5219 ordinae)

414 5242 504 5327 quod
525 5241 565 5307 de
588 5260 668 5306 novo
691 5243 845 5307 assentur
861 5243 885 5322 ⁰)
909 5258 982 5306 esse
1004 5240 1179 5319 fundatum,
1197 5258 1234 5305 eo
1255 5241 1404 5306 devocius
1420 5240 1535 5304 diviuis
1551 5239 1700 5304 laudibus
1715 5237 1926 5320 insistatunI)

415 5366 481 5431 quo
514 5365 578 5425 vos,
610 5345 676 5425 filii,
707 5348 794 5429 prior
824 5351 857 5411 et
888 5350 1060 5410 conventus
1090 5345 1191 5426 ipsius
1217 5345 1403 5409 monasterii
1427 5344 1466 5409 de
1490 5343 1578 5422 Orto,
1602 5361 1660 5424 per
1681 5343 1818 5425 priorem
1841 5342 1927 5407 soliti

419 5450 606 5535 guhemari,
637 5450 768 5514 maioris
800 5449 961 5514 libertatis
992 5449 1166 5531 privilegiis
1189 5449 1316 5514 fueritis
1340 5449 1531 5527 communiti,
1555 5448 1653 5525 vobis,
1676 5447 1774 5529 priori
1801 5451 1834 5513 et
1856 5466 1928 5513 con·
1958 5462 1961 5468 ·

413 5553 528 5619 ventui
551 5553 694 5635 prefatis,
719 5553 916 5636 singulisque
938 5552 1084 5635 personis
1107 5552 1183 5617 dicti
1206 5553 1390 5617 monasterii
1413 5553 1512 5618 vestri
1534 5553 1575 5616 de
1606 5550 1694 5630 Orto,
1726 5552 1928 5632 presentibus

415 5663 452 5724 et
474 5657 602 5736 futuris,
625 5656 752 5739 ipsique
774 5660 882 5721 vestro
905 5656 1105 5735 monasterio,
1129 5661 1165 5721 ut
1187 5657 1331 5721 omnibus
1350 5662 1383 5721 et
1399 5657 1532 5739 singuIIs
1548 5655 1731 5739 privilegiis,
1749 5657 1928 5737 exempcio·

415 5763 526 5841 nibus,
550 5762 802 5827 immunitatibus
818 5765 852 5825 et
866 5761 982 5842 graciis
997 5761 1165 5843 gaudeatis
1180 5768 1213 5827 et
1229 5761 1445 5842 perfruamini,
1462 5762 1576 5843 quibus
1591 5778 1727 5844 persone
1741 5760 1928 5826 monasterii
