5184 7050
646 849 709 916 180

640 1059 733 1125 300.
777 1055 941 1124 Jolrurmes
964 1055 1002 1119 dc
1025 1053 1163 1121 Moralio
1185 1052 1357 1137 supplicat,
1381 1056 1536 1136 quatenus
1559 1051 1596 1116 dc
1618 1052 1711 1116 aeriis
1733 1052 1848 1116 litteris
1874 1050 2008 1116 ilenrico
2026 1051 2148 1125 Onrleti,

977 1158 1087 1239 fratri
1107 1177 1174 1238 sao,
1199 1157 1351 1222 concessis
1376 1160 1461 1221 certa
1483 1156 1577 1222 acrba
1601 1160 1816 1222 amoveantur.

1581 1347 1744 1428 Aoinione,
1766 1349 1855 1414 1344
1875 1348 2034 1416 Januarr'i
2056 1347 2108 1414 23.

746 1540 909 1624 Significat
930 1540 962 1608 S.
987 1541 1023 1606 V.
1049 1541 1182 1606 devotus
1205 1545 1312 1605 vester
1341 1540 1503 1605 lohannes
1534 1540 1573 1606 de
1596 1540 1740 1619 Merolio,
1774 1541 1944 1607 canonicus
1973 1541 2151 1615 Remensis,

642 1646 838 1713 dominorum
868 1645 1001 1710 Francia
1032 1651 1065 1710 et
1094 1646 1225 1710 Boenrie
1245 1658 1368 1728 'regum
1402 1644 1546 1725 clericus
1581 1646 1666 1727 quod
1698 1665 1779 1711 anno
1815 1647 1913 1728 primo
1948 1644 2152 1728 pontificatus

641 1753 750 1829 vestri,
780 1750 931 1816 videlicet
953 1750 999 1816 XI
1023 1750 1175 1815 kalendas
1207 1750 1430 1832 Decembris,¹)
1466 1750 1567 1814 eidem
1591 1751 1621 1818 S.
1647 1749 1843 1832 significavit,
1878 1751 1962 1832 quod
1991 1750 2151 1816 Hauricus

642 1855 770 1934 Onileti,
794 1855 929 1920 clericus
952 1854 1117 1919 Remensis
1141 1853 1286 1931 diocesis,
1319 1855 1459 1920 Parisios
1482 1854 1623 1931 studens
1658 1854 1758 1919 irater
1779 1872 1856 1919 suus
1878 1873 2058 1935 germanus,
2093 1856 2150 1918 sub

642 1960 735 2026 felice
758 1960 883 2025 nomino
906 1962 1012 2022 vestro
1029 1958 1060 2022 in
1076 1957 1176 2022 lorrna
1200 1959 1355 2022 communi
1378 1957 1565 2023 beneficium
1588 1959 1837 2023 ecclesiasticum
1859 1960 1928 2025 sine
1951 1978 2037 2034 cura,
2062 1978 2151 2040 spec-

641 2071 713 2130 tans
736 2064 776 2129 ad
799 2062 1002 2128 collacionem
1019 2113 1050 2127 ..
1075 2062 1305 2143 archiepiscopi
1328 2062 1503 2141 bernensis
1526 2081 1641 2128 vacans
1665 2062 1715 2127 vel
1736 2067 1931 2140 vacaturum,
1958 2064 2149 2144 impetravit,

642 2175 674 2235 et
696 2168 781 2251 quod
803 2168 887 2233 idem
910 2167 1066 2232 Henricus
1090 2167 1121 2230 in
1144 2165 1229 2230 dicta
1251 2165 1423 2231 collacione
1435 2169 1460 2248 ¹)
1483 2166 1546 2232 Vll
1569 2167 1671 2231 locum
1698 2167 1877 2231 obtinuerat
1900 2167 1960 2231 sibi
1983 2169 2149 2249 assignari,

640 2279 675 2338 et
697 2274 781 2356 quod
803 2274 873 2354 ipse
895 2271 1053 2336 Heuricus
1075 2269 1195 2335 nullunr
1219 2271 1415 2336 commodum
1438 2292 1476 2336 ex
1500 2272 1583 2336 <licto
1600 2271 1668 2335 loco
1684 2271 1833 2353 sperabat
1848 2276 2011 2353 reportare
2028 2291 2084 2354 pra
2102 2291 2149 2348 eo,

643 2384 679 2442 ut
700 2373 835 2455 dicebat,
867 2375 951 2458 quorl
980 2374 1064 2439 idern
1094 2375 1351 2456 archiepiscopus
1382 2395 1483 2456 pauca
1516 2374 1670 2440 beneficia
1703 2374 1852 2440 cadeneia
1874 2375 1906 2438 in
1929 2375 2014 2439 nicta
2048 2376 2148 2441 lanua

641 2483 757 2547 babeat
780 2481 933 2559 conterre,
965 2484 1095 2563 propter
1117 2480 1200 2562 quorl
1224 2480 1327 2543 eidem
1350 2480 1381 2546 S.
1407 2479 1443 2546 V.
1467 2480 1657 2562 supplicavit
1679 2480 1762 2545 idern
1784 2479 1956 2559 lohannes
1988 2486 2024 2544 ut
2046 2481 2149 2545 eidem

641 2587 780 2652 Henrico
802 2607 865 2652 nou
888 2587 1034 2651 obstante
1058 2585 1141 2650 (licto
1165 2584 1243 2661 laco,
1268 2585 1318 2648 cui
1342 2590 1417 2649 tunc
1440 2584 1623 2666 specialiter
1644 2585 1704 2650 luit
1727 2586 1954 2664 renunciatum,
1981 2586 2149 2668 prouidere

642 2692 825 2774 dignaretur
859 2691 899 2754 tle
932 2689 1038 2770 aliquo
1076 2687 1229 2752 beneficio
1267 2688 1493 2769 ecclesiastico,
1531 2690 1714 2771 patronagio
1748 2688 1921 2771 vulgariter
1956 2695 2149 2770 nuncupato,

641 2800 774 2860 vacante
803 2794 854 2859 uel
885 2799 1046 2871 vacaturo,
1081 2798 1245 2874 spectante
1279 2794 1319 2857 ad
1354 2794 1556 2859 collacionenr
1591 2795 1665 2859 ‹liai
1699 2793 1938 2876 archiepiscopi,
1974 2814 2075 2876 usqae
2110 2795 2149 2859 ad

641 2918 792 2967 summam
815 2897 1042 2981 quinquaginta
1064 2895 1214 2960 librarnrn
1237 2896 1466 2962 Turonensium
1489 2898 1660 2962 secundani
1683 2900 1878 2964 taxacionenr
1902 2899 2034 2977 decime,
2065 2899 2149 2980 quad

640 3004 672 3071 S.
696 3002 733 3068 V.
758 3002 924 3080 concessit,
948 3006 1043 3082 prout
1058 3001 1089 3063 in
1105 2999 1221 3064 litteris
1244 3018 1341 3082 super
1363 3001 1422 3065 hoc
1439 3002 1589 3067 coniectis
1612 3003 1794 3086 plenissime
1818 3004 2006 3069 continetur.
2031 3004 2148 3068 Vorurn

641 3127 711 3173 cunr
733 3107 773 3171 ab
796 3106 954 3189 aliquibus
985 3104 1109 3169 dicatur
1136 3105 1251 3169 ‹lictarn
1281 3107 1420 3188 graciam
1450 3112 1517 3171 fore
1549 3108 1772 3190 subrepticiarn
1795 3128 1851 3191 pro
1875 3127 1922 3187 eo,
1958 3109 2042 3191 quod
2065 3109 2149 3172 idern

641 3211 899 3292 archiepiscopus
922 3213 958 3272 ut
980 3209 1095 3273 dicitur
1124 3209 1220 3275 babet
1251 3210 1334 3274 ultra
1363 3210 1486 3275 XXXII
1517 3211 1670 3277 beneficia
1699 3213 1731 3276 in
1755 3212 1839 3277 dicta
1868 3212 1969 3277 forma
1999 3212 2149 3277 cadencia

640 3315 794 3393 conferre,
826 3320 859 3379 et
882 3319 990 3394 posset
1013 3313 1072 3377 sibi
1096 3313 1155 3377 hoc
1178 3314 1210 3377 in
1233 3313 1374 3379 futurum
1404 3315 1519 3396 opponi
1542 3321 1575 3378 et
1598 3314 1636 3380 lis
1659 3304 1755 3396 oriri,
1776 3315 1936 3399 supplicat
1965 3316 2070 3381 dictus
2094 3316 2149 3381 lo

639 3420 759 3485 baanes
791 3417 953 3495 humiliter
975 3422 1007 3482 et
1030 3416 1153 3496 devote,
1185 3424 1341 3499 quatenus
1372 3419 1411 3483 de
1442 3419 1535 3484 dictis
1565 3419 1680 3484 litteris
1711 3440 1856 3486 amovere
1887 3421 2059 3505 dignemini
2090 3420 2148 3485 bec

638 3526 753 3595 verba:
789 3524 856 3603 ,sed
880 3523 955 3604 quia
985 3523 1069 3612 sicut
1098 3524 1251 3587 asseritur
1281 3523 1365 3588 idern
1395 3523 1652 3615 archiepiscopus
1683 3545 1784 3607 pauca
1812 3524 1967 3592 beneficia
1996 3526 2096 3591 habet
2118 3525 2149 3589 in

637 3626 818 3694 huiusmodi
853 3628 953 3693 torma
987 3626 1139 3706 conferre,
1174 3647 1235 3691 non
1267 3634 1424 3708 speratur,
1459 3629 1543 3709 quod
1575 3648 1612 3693 ex
1635 3630 1814 3695 huiusmodi
1848 3629 1917 3695 loco
1951 3631 2150 3696 commodum

639 3734 746 3798 valeat
768 3736 954 3813 reportare‘,
978 3730 1056 3796 alias
1080 3730 1173 3797 dictis
1196 3731 1312 3797 litteris
1335 3739 1368 3797 et
1389 3735 1496 3816 gracia
1519 3735 1550 3796 in
1574 3753 1631 3798 suo
1654 3735 1767 3798 robore
1790 3736 2036 3800 rennuentibus.

744 3838 817 3902 Fiat
839 3837 906 3919 ab
931 3837 973 3901 Et
996 3857 1025 3918 q.
1049 3840 1071 3900 t.
1096 3855 1121 3901 a.
1145 3858 1173 3902 a.
1190 3837 1209 3901 l.
1235 3838 1307 3902 Fiat
1322 3838 1357 3903 R.
1383 3839 1422 3902 D.
1439 3840 1595 3904 turiniano
1618 3839 1647 3902 X
1672 3839 1732 3903 lral.
1756 3838 1920 3903 Februarii
1944 3859 1973 3904 a.
1998 3841 2148 3905 secundo.

744 4026 893 4081 Clementis
911 4026 950 4080 VI
968 4025 986 4080 S
1005 4027 1059 4093 llll
1080 4028 1118 4095 (3)
1138 4026 1156 4079 f.
1176 4028 1244 4080 lt‘t'·
1263 4058 1295 4066 -
1324 4028 1347 4092 ΙΙ)
1366 4034 1517 4081 correctum
1537 4042 1572 4080 ex
1591 4028 1732 4094 ,ecclesia‘.
1748 4059 1779 4067 -
1801 4029 1819 4093 ¹)
1841 4032 1907 4081 1342
1926 4027 2095 4082 Novembris
2107 4034 2153 4082 21.

640 4120 661 4181 ²)
678 4115 772 4168 littera
790 4111 844 4167 ista
862 4130 917 4167 non
936 4119 977 4168 ost
995 4121 1114 4183 reperta.

633 4616 727 4683 301.
759 4615 933 4688 aonraaas,
956 4616 1102 4680 domm
1125 4617 1163 4681 de
1185 4616 1280 4692 Escb,
1304 4618 1403 4697 miles,
1433 4616 1617 4698 familiaris
1640 4622 1670 4680 cl
1692 4616 1894 4682 consiliarius
1918 4616 2175 4705 archicpiscopi

641 4720 837 4785 Trevercasr's
859 4724 889 4783 et
911 4722 994 4801 repis
1019 4720 1197 4796 Bobcmiac,
1222 4722 1393 4805 supplicat,
1415 4726 1570 4803 quatenus
1592 4722 1653 4786 sibi
1677 4721 1829 4786 absolutio
1847 4722 1948 4807 plena
1969 4723 2006 4787 in
2038 4725 2186 4790 aaronis

637 4824 771 4888 articulo
793 4824 981 4888 concedatur
1002 4829 1032 4887 et
1053 4824 1197 4891 Jolranai
1219 4825 1257 4887 dc
1275 4824 1370 4899 Esalr,
1387 4824 1496 4889 clerico
1515 4827 1713 4890 Trerarcasis
1736 4826 1934 4902 divastare
1957 4830 2239 4895 camarata-

635 4928 784 4993 ecclcsiae
813 4918 931 4992 sancti
947 4928 1110 5010 Symeoais
1144 4929 1342 4992 Treuercasis
1371 4929 1428 4993 aab
1459 4932 1671 5012 expectatione
1700 4930 1901 5013 praebendae
1928 4932 2169 5015 provideatur
2184 4969 2239 4988 --

824 5033 910 5111 ,Fial
934 5033 971 5097 R.
986 5032 1008 5111 ¹)
1025 5082 1032 5095 .
1050 5082 1057 5095 .
1076 5082 1107 5095 ..
1133 5033 1174 5096 I).
1198 5031 1355 5096 Aulaioac
1386 5034 1449 5097 VII
1467 5032 1530 5098 lai.
1557 5033 1730 5098 Februarii
1751 5057 1781 5099 a.
1804 5033 1960 5099 secundo!

1572 5220 1732 5296 asanaa,
1758 5223 1843 5285 1344
1865 5195 2026 5289 rumara
2048 5227 2102 5291 aa.

740 5411 889 5467 Clementis
909 5414 945 5467 Vl
965 5414 983 5467 S
1002 5413 1053 5483 llsl
1078 5418 1114 5480 (3)
1133 5410 1153 5464 1,
1174 5417 1229 5463 tta.
1249 5442 1281 5449 -
1304 5412 1323 5476 ¹)
1341 5411 1450 5464 litterae
1469 5410 1539 5464 istac
1559 5427 1612 5464 uon
1634 5420 1697 5467 sunt
1716 5419 1851 5481 repertae.
