5184 7050
673 865 738 932 444

668 1072 875 1139 offerentibus
898 1092 1004 1138 coram
1028 1073 1135 1138 nobis:
1156 1091 1213 1138 nos
1230 1074 1403 1155 premissis,
1421 1093 1477 1157 per
1500 1073 1627 1140 eosdem
1651 1077 1872 1156 procuratores
1896 1080 1929 1141 et
1952 1076 2085 1143 nuncios
2105 1082 2172 1144 tuos

666 1179 848 1261 propositis,
870 1178 1044 1259 diligenter
1066 1177 1185 1245 auditis
1208 1178 1355 1261 iactaque
1378 1181 1469 1244 nobis
1492 1180 1531 1244 de
1558 1179 1738 1245 huiusmodi
1769 1178 1929 1245 eleccione
1961 1184 2109 1248 concordi
2141 1204 2174 1249 ac

666 1283 806 1347 unanimi
837 1282 932 1366 plena
962 1280 1024 1346 lide
1054 1301 1155 1364 eaque
1186 1286 1308 1347 necnon
1338 1302 1475 1364 persona
1504 1289 1570 1364 tua,
1602 1283 1633 1348 in
1657 1290 1809 1366 quantum
1832 1289 1889 1349 tua
1911 1286 2103 1367 paciebatur
2124 1288 2173 1352 ab·

666 1386 783 1465 sencia,
808 1386 977 1469 diligenter
999 1387 1189 1452 examinatis
1213 1406 1250 1452 ac
1275 1387 1315 1452 de
1336 1387 1402 1452 tuis
1425 1385 1498 1466 fide,
1522 1387 1681 1470 probitate
1703 1406 1740 1451 ac
1764 1387 2005 1454 condicionibus
2024 1389 2173 1470 omnibus,

667 1508 729 1572 que
750 1491 957 1573 requiruntur
979 1491 1010 1555 in
1033 1489 1098 1569 illo,
1123 1493 1177 1573 qui
1192 1494 1243 1556 est
1258 1492 1380 1556 electus
1396 1491 1437 1556 ad
1454 1491 1628 1573 imperialis
1644 1490 1789 1556 culminis
1806 1492 1929 1574 apicem
1946 1493 2172 1574 sublimandus,

668 1613 738 1659 cum
761 1594 906 1676 pluribus
928 1594 1063 1677 prelatis
1086 1601 1118 1659 et
1141 1594 1214 1659 aliis
1236 1613 1349 1678 magne
1371 1596 1573 1662 auctoritatis
1596 1596 1683 1674 vicie,
1708 1595 1762 1678 qui
1788 1600 1862 1662 tuos
1892 1615 2009 1678 mores,
2042 1599 2174 1665 condici-

668 1716 745 1763 ones
768 1704 801 1762 et
823 1704 941 1763 statum
964 1698 1090 1782 plenius
1113 1706 1276 1779 noverant,
1292 1699 1454 1782 inquisito,
1476 1701 1516 1766 ad
1541 1700 1667 1765 laudem
1682 1706 1716 1765 et
1730 1700 1863 1783 gloriam
1879 1700 2109 1785 omnipotentis
2130 1704 2175 1769 dei

668 1803 769 1885 patris
793 1808 826 1867 et
847 1801 905 1868 filii
928 1809 961 1867 et
983 1804 1116 1885 spiritus
1139 1805 1242 1869 sancti
1265 1811 1298 1870 11
1320 1805 1414 1870 beate
1437 1824 1474 1870 ac
1498 1804 1635 1888 gloriose
1659 1823 1847 1888 semperque
1870 1805 2004 1889 virginis
2025 1808 2078 1873 dei
2093 1808 2175 1890 geni-

668 1907 758 1972 tricis
792 1907 904 1985 Marie,
937 1908 1103 1973 beatorum
1138 1929 1263 1992 quoque
1298 1909 1514 1993 apostolorum
1548 1911 1636 1976 Petri
1659 1916 1692 1975 et
1716 1910 1808 1976 Pauli
1832 1929 1869 1976 ac
1892 1911 2126 1976 exaltacionem
2148 1917 2177 1976 et

668 2011 818 2076 honorem
841 2011 978 2077 ecclesie
1001 2018 1034 2077 et
1056 2013 1173 2077 bonum
1196 2020 1228 2078 et
1250 2016 1484 2096 promocionem
1508 2015 1633 2096 imperii
1656 2014 1792 2097 predicti
1808 2019 1841 2077 et
1857 2032 2046 2097 prosperum
2063 2020 2176 2080 statum

668 2116 775 2181 mundi
799 2116 839 2180 de
861 2116 993 2181 fratrum
1017 2118 1189 2182 eorundem
1214 2118 1345 2183 consilio
1368 2124 1401 2182 te
1425 2119 1456 2182 in
1479 2118 1651 2200 specialem
1673 2125 1816 2183 nostrum
1847 2124 1881 2185 et
1911 2119 2051 2184 ecclesie
2082 2118 2174 2184 filium

669 2220 877 2302 suscepimus,
900 2221 960 2286 tibi
983 2227 1108 2286 nostros
1131 2221 1270 2287 favorem
1294 2227 1327 2286 ct
1349 2222 1486 2304 graciam
1511 2223 1731 2301 concedentes,
1762 2241 1963 2305 personaque
1998 2230 2066 2302 tua,
2091 2226 2175 2288 cuins

669 2342 727 2389 nos
749 2331 782 2390 et
806 2324 901 2389 iidem
924 2321 1041 2391 fratrea
1064 2327 1165 2390 nostri
1188 2325 1360 2407 specialem
1394 2327 1482 2407 prins
1516 2327 1667 2392 noticiam
1701 2325 1906 2405 habebamus,
1942 2327 2059 2392 idonea
2094 2329 2176 2410 prins

670 2434 829 2511 reputata,
846 2434 879 2493 te
898 2430 1137 2509 nominavimus
1162 2429 1430 2508 denunciavimuS,
1454 2428 1686 2494 declaravimus
1709 2436 1742 2496 et
1764 2432 1996 2513 assumpsimus
2020 2432 2053 2496 in
2076 2450 2176 2515 regern

671 2533 893 2612 Romanorum,
917 2534 1162 2615 promovendum
1186 2535 1217 2598 in
1241 2534 1474 2616 imperatorem,
1499 2535 1632 2600 eandem
1656 2537 1743 2598 tuam
1774 2537 1992 2616 approbantes
2015 2553 2177 2617 personam

671 2656 708 2703 ac
731 2636 940 2703 sufficientem
965 2643 998 2703 et
1019 2638 1156 2704 habilem
1191 2637 1391 2703 declarantes
1425 2639 1466 2703 ad
1500 2637 1736 2719 suscipiendum
1770 2638 1945 2720 imperialis
1982 2639 2176 2705 celsitudinis

671 2741 857 2823 dignitatem
880 2760 917 2806 ac
941 2741 1147 2807 decernentes
1170 2744 1364 2821 amalonem,
1389 2744 1663 2807 consecracionem
1686 2748 1719 2806 et
1741 2744 1981 2809 coronationem
2005 2742 2175 2826 imperialis

672 2844 860 2911 diadematis
883 2845 941 2910 tibi
965 2865 1022 2929 per
1044 2863 1154 2911 manus
1178 2852 1303 2911 nostras
1326 2847 1491 2929 oportunis
1513 2847 1582 2912 loco
1605 2853 1638 2911 et
1668 2851 1812 2929 tempore
1841 2848 2085 2929 impendendas,
2108 2867 2176 2930 sup

670 2949 795 3031 plantes
818 2969 944 3032 quoque
967 2968 1090 3015 omnem
1113 2950 1281 3029 deiectum,
1305 2952 1333 3016 si
1356 2953 1427 3034 quis
1451 2957 1507 3016 aut
1529 2952 1656 3016 racione
1672 2950 1771 3016 forme
1787 2969 1843 3017 seu
1863 2955 1918 3017 tue
1933 2959 1992 3018 aut
2006 2951 2174 3018 electorum

670 3054 885 3137 predictorum
923 3072 1137 3136 personarum,
1175 3055 1228 3136 qui
1267 3055 1418 3121 eleccioni
1455 3062 1510 3120 tue
1547 3055 1769 3134 interfuerunt,
1804 3075 1861 3122 seu
1895 3075 1935 3121 ex
1970 3058 2087 3140 quavis
2120 3056 2176 3121 ulia

672 3158 799 3223 racione
815 3159 882 3223 sive
898 3176 996 3224 causa
1011 3160 1043 3224 in
1058 3160 1169 3224 eadem
1183 3158 1210 3241 ΙΙ)
1235 3158 1396 3225 eleccione
1412 3161 1620 3225 intervenerit
1635 3161 1747 3242 quovis
1762 3160 1864 3238 modo,
1882 3178 1921 3224 ex
1937 3166 2029 3225 certa
2045 3161 2176 3226 sciencia

673 3267 706 3326 et
729 3260 769 3325 de
791 3261 966 3343 apostolice
995 3262 1193 3345 plenitudine
1224 3264 1405 3344 potestatis,
1438 3265 1652 3345 precipientes
1682 3265 1782 3329 eciam
1809 3264 1955 3330 omnibus
1979 3263 2127 3330 fidelibus
2148 3270 2177 3328 et

674 3364 821 3431 vassallis
852 3367 940 3448 regni
970 3371 1004 3432 et
1034 3367 1157 3448 imperii
1181 3367 1404 3449 predictorum,
1428 3373 1464 3432 ut
1485 3367 1544 3432 tibi
1566 3372 1718 3450 tanquam
1741 3368 1809 3450 regi
1833 3368 2047 3433 Romanorum
2072 3369 2104 3433 in
2126 3369 2176 3433 im·

673 3475 853 3553 peratorem
877 3471 1088 3553 promovendo
1112 3477 1246 3554 pareant
1260 3474 1280 3554 ¹)
1306 3470 1478 3537 efficaciter
1500 3478 1533 3537 et
1555 3473 1729 3552 intendant,
1757 3478 1790 3538 11
1820 3471 2043 3539 nichilominus
2067 3473 2175 3540 ibidem

673 3595 693 3641 a
713 3576 865 3658 predictis
888 3577 1145 3657 procuratoribus
1169 3582 1202 3641 et
1224 3577 1349 3642 nunciis
1371 3578 1446 3656 tuis,
1470 3579 1510 3642 ad
1525 3578 1584 3642 hoc
1600 3583 1636 3642 ut
1651 3579 1848 3661 premittitur
1861 3577 2002 3661 plenum,
2019 3576 2175 3644 sufficiem

673 3687 707 3746 at
729 3680 869 3762 speciale
897 3681 1079 3746 mandatum
1109 3681 1310 3761 habentibus,
1343 3688 1435 3764 prout
1458 3683 1518 3765 ipsi
1541 3682 1633 3747 nobis
1655 3682 1842 3763 frequenter
1863 3682 2058 3761 obtulerant,
2082 3682 2175 3747 fideli-

673 3786 750 3850 tatis
779 3787 958 3869 recepimus
989 3786 1207 3850 iuramentum.
1253 3786 1393 3850 attende
1424 3787 1543 3868 itaque,
1566 3784 1611 3851 fili
1635 3786 1806 3865 carissime,
1831 3804 2015 3869 quesumus,
2039 3787 2175 3851 1111111

674 3889 841 3972 precordia
862 3895 918 3955 tua
941 3889 1109 3973 diligenter
1132 3888 1259 3953 revolve
1281 3889 1364 3954 dona
1392 3888 1560 3972 magnifica
1590 3896 1623 3954 et
1656 3889 1845 3972 multiplicia
1877 3889 2046 3970 beneficia,
2069 3891 2175 3974 quibus

674 3999 707 4058 te
730 3994 862 4079 largitor
884 3995 1036 4059 bonorum
1059 3995 1196 4060 omnium
1216 3995 1247 4058 in
1263 3995 1331 4058 suis
1345 3994 1622 4059 benedictionibus
1638 3994 1786 4077 dignatus
1801 4000 1851 4059 est
1866 3995 2046 4078 prevenire,
2064 3994 2174 4077 illaque

675 4099 736 4164 sibi
760 4100 930 4164 devocione
952 4098 1061 4164 humili
1085 4104 1118 4163 et
1137 4100 1280 4181 operosis
1295 4098 1462 4165 affectibus
1477 4117 1714 4181 recognoscens,
1730 4099 1771 4163 ad
1786 4100 1855 4163 eius
1870 4100 2023 4164 mandata
2039 4105 2073 4164 et
2088 4100 2175 4164 bene·

676 4202 793 4286 placita
814 4205 846 4268 in
869 4204 1014 4269 omnibus
1036 4210 1069 4268 te
1092 4210 1206 4286 coapta
1230 4209 1262 4267 et
1291 4205 1394 4268 vitare
1428 4203 1522 4268 stude
1556 4221 1763 4286 summopere,
1799 4222 1860 4286 que
1894 4221 1953 4268 sue
1985 4203 2174 4270 offenderent

676 4306 784 4371 oculos
816 4309 1004 4386 maiestatis,
1040 4326 1121 4389 pone
1154 4324 1283 4390 gressus
1317 4313 1389 4371 tuos
1424 4325 1550 4387 semper
1572 4308 1604 4371 in
1627 4308 1749 4372 semitis
1776 4308 1993 4374 mandatorum
2026 4309 2174 4391 ipsiuset

681 4411 750 4475 eius
780 4413 943 4477 ministros
974 4412 1128 4494 condigna
1156 4409 1400 4477 honorificentia
1434 4413 1582 4493 prosequi
1613 4431 1674 4477 non
1704 4413 1842 4489 omittas,
1871 4412 2030 4494 prefatam
2059 4428 2174 4494 quoquc

676 4518 847 4582 Romanam
871 4516 1048 4596 ecclesiam,
1071 4523 1202 4581 matrem
1225 4522 1322 4597 tuam,
1346 4535 1408 4599 que
1432 4518 1555 4581 interne
1579 4517 1723 4581 caritatis
1746 4514 1849 4581 officio
1873 4522 1906 4580 et
1928 4513 2046 4582 allecto
2069 4515 2110 4581 de
2132 4514 2172 4578 tui

676 4628 780 4687 status
802 4627 835 4686 11
856 4621 985 4686 honoris
1008 4627 1175 4704 augmento
1198 4621 1324 4687 solicita
1355 4621 1508 4699 redditur,
1539 4619 1629 4685 filiali
1663 4621 1807 4686 venerari
1840 4621 2026 4685 reverencia
2059 4636 2174 4702 semper

677 4727 780 4805 stude,
814 4727 973 4791 iusticiam
1007 4725 1113 4807 dilige,
1147 4726 1317 4790 veritatem
1347 4744 1427 4804 ama,
1459 4729 1582 4789 sectare
1604 4744 1723 4807 pacem,
1748 4725 1923 4807 equitatem
1947 4742 2042 4790 serva
2063 4730 2097 4791 et
2117 4722 2172 4788 cle·

677 4832 841 4908 menciam,
866 4848 928 4912 que
951 4832 1070 4894 amicos
1092 4836 1125 4895 et
1148 4829 1278 4895 devotos
1302 4829 1501 4910 multiplicat,
1525 4828 1716 4911 amplexare,
1740 4834 1776 4895 ut
1802 4828 1875 4893 inde
1906 4828 2048 4895 letentur
2069 4826 2126 4894 celi
2145 4833 2173 4890 et

678 4935 801 5000 exultet
822 4940 907 4999 terra
930 4940 964 4999 et
986 4934 1026 4998 de
1048 4935 1112 4998 tuis
1134 4935 1279 5016 benignis
1303 4939 1335 4997 et
1356 4934 1506 4999 virtuosis
1528 4934 1652 4998 actibus
1675 4935 1822 4999 universe
1847 4932 2028 5016 reipublice
2048 4930 2172 5018 populns

677 5059 762 5105 nunc
784 5056 886 5121 usque
908 5039 1112 5103 vehementer
1133 5037 1272 5104 afflictus
1295 5038 1454 5117 durescat,
1478 5040 1552 5122 iugo
1574 5046 1630 5103 tue
1654 5038 1881 5104 dominacionis
1902 5038 2042 5121 superbe
2063 5041 2171 5103 mentes

677 5144 815 5209 hostium
850 5144 1106 5226 comprimantur,
1141 5144 1268 5208 contriti
1304 5148 1336 5207 et
1369 5142 1513 5224 depressi
1547 5143 1744 5208 subditorum
1773 5149 1899 5207 tuorum
1927 5142 2026 5208 animi
2048 5160 2107 5225 ope
2125 5146 2172 5203 111

678 5248 893 5315 misericordie
916 5247 1107 5327 releventur,
1130 5253 1164 5312 te
1186 5248 1288 5312 virtus
1312 5246 1440 5312 celestis
1470 5248 1577 5329 gracie
1606 5246 1781 5313 terribilem
1814 5246 1879 5313 tuis
1909 5246 2046 5311 inimicis
2078 5244 2171 5319 iaciat,

677 5354 781 5437 pietas
814 5352 952 5417 subditis
984 5353 1153 5434 benignum
1187 5350 1335 5417 ostendat
1364 5351 1493 5434 tuisque
1523 5351 1671 5417 felicibus
1693 5350 1889 5433 temporibus
1912 5351 1944 5415 in
1968 5349 2170 5434 pulcritudine

677 5460 767 5541 pacis
789 5456 925 5541 populus
948 5456 1142 5521 christianus
1165 5455 1285 5535 sedeat,
1309 5453 1425 5520 fiducie
1447 5455 1663 5521 tabernaculis
1685 5456 1809 5522 habitet
1837 5460 1872 5520 11
1901 5455 1936 5519 in
1964 5455 2077 5538 requie
2105 5470 2171 5536 opu·

678 5562 765 5627 lenta
787 5563 938 5644 quiescat,
961 5567 1060 5643 tuque
1083 5561 1144 5625 biis
1167 5567 1200 5625 et
1223 5560 1295 5625 aliis
1319 5561 1382 5625 tuis
1405 5559 1495 5626 bonis
1517 5561 1667 5642 operibus
1691 5562 1722 5625 in
1746 5564 1918 5641 conspectu
1949 5558 2057 5624 divine
2086 5557 2169 5622 maie

680 5668 773 5732 statis
796 5670 946 5748 acceptus
967 5668 1041 5748 post
1063 5664 1231 5729 multorum
1256 5683 1409 5729 annorum
1432 5663 1589 5729 curricula
1611 5664 1652 5729 de
1673 5670 1801 5729 terreno
1828 5682 1864 5729 ao
1893 5663 2065 5745 temporali
2088 5677 2171 5744 regno

681 5771 722 5837 ad
746 5769 874 5835 celestis
897 5776 930 5834 et
951 5768 1055 5834 eterni
1077 5772 1166 5851 regni
1189 5768 1320 5852 provehi
1343 5768 1474 5853 gloriam
1496 5770 1659 5836 merearis.
1704 5767 1790 5834 Nulli
1803 5799 1807 5804 ·
1821 5786 1897 5850 ergo
1921 5773 1983 5833 etc.
2007 5764 2171 5833 nostrarum
