5184 7050
2001 860 2022 923 3

497 1056 640 1136 fructus,
663 1058 808 1125 redditus
831 1065 864 1123 et
885 1066 1070 1140 proventus,
1094 1060 1122 1124 si
1146 1077 1216 1124 curn
1239 1078 1326 1139 cura,
1350 1059 1575 1143 qnadraginta,
1600 1063 1626 1125 si
1644 1081 1718 1126 vero
1735 1063 1805 1127 sine
1820 1081 1898 1128 cura
1913 1063 2020 1144 fuerit,

497 1162 762 1244 vigintiquinque
784 1161 985 1228 marcharum
1008 1165 1134 1248 argenti
1157 1163 1331 1229 secundum
1347 1164 1547 1230 taxationem
1571 1165 1693 1230 decime
1718 1166 1858 1230 valorem
1882 1186 2021 1233 annuunt

497 1284 568 1330 non
590 1266 758 1344 excedant,
782 1266 823 1331 ad
853 1267 1070 1346 collationem,
1100 1268 1324 1350 provisionem,
1354 1269 1629 1349 presentationem
1665 1287 1723 1332 seu
1755 1272 1901 1351 quamvis
1924 1272 2021 1336 aliam

499 1369 753 1453 disposicionem
769 1389 798 1435 v.
814 1370 835 1436 i.
852 1388 899 1437 n..
913 1421 920 1433 .
936 1372 1079 1454 episcopi
1102 1377 1136 1436 et
1158 1370 1209 1435 dd.
1227 1370 1258 1436 ff.
1282 1371 1418 1452 capituli
1441 1371 1718 1437 Wratislauiensis
1741 1376 1948 1440 communiter
1971 1376 2021 1440 vel

500 1473 633 1539 divisim
656 1474 830 1556 pertinens,
850 1475 878 1539 si
902 1475 986 1556 qnod
1009 1483 1104 1541 vacat
1127 1473 1168 1538 ad
1191 1492 1335 1556 prosena,
1352 1475 1401 1538 vel
1419 1493 1490 1539 cum
1507 1477 1680 1554 vacaverit,
1696 1478 1855 1557 [clausula
1869 1487 2021 1557 ,accepta-

500 1583 616 1639 tionie‘
640 1586 672 1638 at
697 1583 729 1638 in
753 1601 783 1639 n.
808 1580 866 1660 6.],
890 1579 1114 1644 conferendum
1144 1581 1205 1646 tibi
1238 1593 1307 1660 poet
1339 1588 1575 1660 acceptationem
1611 1587 1776 1647 huiusmodi
1800 1606 1865 1647 cum
1887 1589 2021 1648 omnibus

504 1689 621 1747 iuribus
644 1694 675 1746 et
696 1689 888 1762 pertinenciis
911 1689 972 1748 suis
995 1683 1163 1749 donationi
1188 1684 1365 1767 apostolice
1380 1703 1590 1762 reservamus,
1608 1687 1783 1765 [clausulae
1799 1690 2020 1758 ,inhibitionis

504 1795 533 1847 et
555 1791 696 1859 ,decreli‘
720 1795 753 1846 at
779 1793 810 1847 in
835 1810 864 1847 a.
889 1789 936 1867 6.]
944 1810 955 1860 ;
977 1788 1067 1867 finon
1091 1795 1344 1862 mercationem
1359 1795 1462 1867 aliqui
1474 1811 1571 1867 saper
1590 1795 1883 1867 provisionibus-
1901 1797 2018 1851 oseneio

503 1895 665 1968 specialic‘
688 1896 818 1951 mutatis
841 1895 1005 1952 enatandis
1029 1901 1060 1951 nt
1088 1898 1118 1952 in
1145 1916 1174 1952 n.
1199 1895 1246 1974 6.]
1289 1899 1369 1957 Nulli
1398 1917 1469 1972 ergo
1492 1905 1549 1959 etc.
1572 1905 1673 1958 nostre
1697 1901 1921 1974 reservationis,
1944 1900 2019 1959 inhi-

507 2002 633 2060 bitionis
655 2008 686 2059 et
708 2003 933 2061 constitutionis
948 2002 1109 2077 iufringere
1132 2009 1189 2062 etc.
1236 1997 1275 2061 Ι).
1298 1996 1457 2061 Aninione
1479 1995 1527 2061 xl
1550 1995 1622 2060 kal„
1641 1995 1732 2060 lunii
1755 2016 1783 2060 a.
1807 1997 1919 2078 primo.

613 2137 651 2201 ln
674 2154 702 2200 e.
726 2155 766 2200 m.
791 2156 820 2200 s.
843 2136 864 2200 i.
882 2186 914 2200 ..
946 2137 1097 2218 episcopo
1119 2135 1270 2200 Esinensi
1293 2139 1326 2198 et
1349 2132 1400 2197 dd.
1424 2132 1455 2198 ff.
1473 2182 1505 2198 ..
1540 2134 1649 2197 abbati
1690 2134 1875 2198 monasterii
1910 2138 2021 2197 sancte

509 2239 613 2305 Marie
635 2241 668 2304 in
691 2238 831 2304 Hareuis
853 2246 944 2305 extra
974 2258 1082 2303 muros
1105 2238 1390 2304 Wratislauieuses
1424 2257 1461 2303 at
1478 2285 1510 2302 ..
1545 2238 1708 2318 preposito
1744 2236 1880 2302 ecclesie
1915 2235 2022 2301 Lnbu·

509 2345 654 2409 censita.
677 2350 809 2424 Exignnt
831 2351 932 2409 dilecti
955 2348 1007 2407 filii
1024 2356 1081 2408 etc.
1098 2366 1190 2421 usque
1213 2350 1326 2406 mencio
1349 2348 1496 2421 specialis.
1520 2348 1667 2421 Quocirca
1682 2346 1861 2421 mandamus,
1877 2352 2022 2420 qnatenus

508 2472 558 2513 ros
581 2456 627 2513 sel
650 2455 709 2513 duo
730 2461 783 2512 ant
805 2472 880 2513 nnus
902 2462 1031 2512 nestrum
1054 2472 1107 2526 per
1129 2471 1181 2512 vos
1204 2454 1249 2512 rei
1272 2454 1361 2510 aliurn
1385 2469 1436 2510 seu
1459 2453 1534 2510 alios
1564 2451 1728 2524 predictum
1761 2450 1934 2509 beneficium
1969 2468 2022 2524 per

509 2577 560 2618 uos
584 2566 618 2617 ut
638 2559 821 2632 premittitur
842 2564 1033 2631 reservatum,
1056 2559 1082 2616 si
1105 2564 1236 2630 tempore
1259 2557 1473 2615 reservationis
1496 2562 1598 2614 nostre
1630 2555 1794 2613 huiuamodi
1818 2555 1943 2613 vacabat
1974 2555 2020 2613 vei

511 2670 616 2722 extunc
638 2665 764 2737 natavit,
786 2670 839 2721 aut
861 2681 925 2721 curu
949 2663 1020 2720 iilud
1043 2680 1148 2721 vacare
1171 2662 1340 2735 contigerit,
1373 2660 1490 2733 prelato
1521 2659 1650 2719 Johauni
1685 2668 1752 2731 post
1784 2660 2021 2731 acceptationem

511 2767 669 2838 predictam
703 2784 768 2824 curu
802 2767 936 2825 omuibus
969 2767 1085 2826 iuribus
1118 2773 1148 2823 et
1181 2765 1373 2837 pertiuentiis
1407 2765 1469 2822 suis
1504 2765 1684 2822 anctoritate
1707 2772 1810 2821 nostra
1833 2763 1968 2822 conferre
1991 2768 2022 2821 et

510 2873 657 2945 assignare
680 2872 802 2943 curetis,
823 2870 996 2929 inducentes
1017 2888 1083 2928 eum
1106 2869 1151 2926 rei
1174 2868 1284 2926 dictum
1306 2874 1530 2940 procuratorem
1553 2885 1637 2925 suurn
1659 2884 1714 2940 pro
1737 2884 1772 2926 eo
1792 2867 2021 2939 incorporalem

510 2975 722 3045 possessionem
744 2974 816 3034 dicti
839 2974 974 3034 benefitii
997 2992 1032 3032 ac
1055 2975 1161 3033 iuriam
1184 2978 1215 3030 et
1236 2972 1484 3045 pertinentiarum
1500 2973 1594 3044 ipsius
1608 2978 1639 3030 et
1655 2971 1846 3029 defendentes
1871 2970 2021 3029 inductum

510 3073 655 3152 [tibique
677 3110 719 3118 —
741 3077 938 3151 responderi
962 3081 995 3132 ut
1020 3079 1052 3133 in
1075 3095 1106 3132 n.
1131 3073 1188 3153 6.],
1208 3094 1266 3136 non
1289 3076 1477 3135 obstantibus
1509 3077 1643 3134 omnibns
1675 3075 1864 3148 supradictis,
1887 3070 1968 3149 lacu
1991 3073 2023 3125 si

509 3182 624 3238 eisdem
647 3183 789 3256 episcopo
814 3215 857 3224 —
879 3184 1076 3239 mencionem‘
1101 3184 1133 3235 ut
1160 3181 1191 3234 in
1217 3199 1246 3235 a.
1271 3176 1329 3256 6.],
1353 3180 1587 3238 contradictores
1622 3180 1800 3237 anctoritate
1831 3186 1933 3237 nostra
1963 3186 2020 3239 ctc.

509 3277 546 3343 l).
572 3287 659 3345 uta

612 3469 760 3525 Clementis
772 3469 810 3524 Vl
822 3472 847 3523 Δ
860 3470 873 3523 1
888 3478 920 3525 lo
938 3473 993 3539 (655
1013 3469 1031 3523 i.
1052 3475 1100 3523 129
1119 3485 1145 3523 n
1165 3474 1224 3521 651.
1242 3467 1277 3520 de
1296 3465 1437 3520 beneficiis
1457 3466 1593 3523 tetmaris
1612 3483 1659 3537 qu
1679 3473 1713 3519 25
1725 3484 1759 3518 :
1773 3465 1804 3518 ι’.
1827 3472 1873 3518 154
1893 3466 1911 3518 l.
1931 3473 1982 3519 :tat
1994 3483 2021 3519 n.

498 3560 565 3614 oei.
586 3589 619 3599 -
639 3557 822 3627 Reg'usmturn
840 3558 867 3611 iu
886 3557 984 3611 zion
1003 3554 1160 3611 Schlesiens
1183 3555 1269 3620 XXV,
1287 3560 1347 3608 295.
1368 3585 1398 3592 -
1430 3557 1447 3621 ἦ.
1477 3554 1642 3623 supplicatio
1670 3554 1723 3609 ista
1749 3571 1803 3608 nou
1832 3561 1873 3607 est
1901 3561 2019 3621 reperta.

492 4065 544 4129 3.
577 4063 772 4126 Laurentius
805 4061 948 4126 Hnrtlieb
980 4062 1149 4145 supplicat,
1179 4068 1337 4144 quatenus
1364 4060 1427 4125 eibi
1455 4062 1494 4125 de
1515 4063 1705 4126 arumnicum
1725 4064 1756 4124 et
1773 4057 1955 4143 praebendo
1979 4060 2014 4122 ιἰι

841 4165 973 4230 ecelesia
1004 4165 1246 4230 l'rnlislcrieaci
1267 4165 1454 4230 catonibus
1473 4166 1692 4248 provideatur.

1523 4390 1686 4465 sanam,
1708 4390 1797 4454 1342
1818 4387 1903 4454 Maii
1922 4389 1976 4452 23.

615 4618 782 4699 Supplicat
806 4618 838 4683 S.
860 4618 898 4682 ι’.
922 4617 1051 4682 humilis
1084 4629 1117 4683 et
1151 4619 1286 4683 clevatus
1316 4620 1453 4684 clericus
1475 4625 1508 4681 et
1532 4617 1669 4680 servitor
1691 4625 1799 4680 vester
1825 4613 2023 4678 Laurentius

506 4721 639 4803 Eartlip
673 4722 960 4798 wntislauiensis,
991 4723 1206 4804 iurisperitus.
1237 4731 1427 4805 procurator
1458 4721 1563 4784 devoti
1594 4716 2023 4796 f.v.‹1.Jonannis.reeis

509 4827 650 4902 Boemie,
681 4826 802 4891 nullum
835 4824 1025 4891 beneficium
1059 4827 1314 4891 ecclesiasticum
1348 4835 1528 4900 assecutus,
1561 4833 1722 4905 quatenus
1756 4822 1816 4885 sibi
1849 4819 2022 4901 specialem

508 4932 650 5013 graciam
673 4930 830 4995 iacientes
851 4929 893 4993 de
915 4932 1105 4996 canonicatu
1128 4941 1160 4995 et
1184 4930 1348 5012 prebenda
1371 4929 1508 4994 ecclesie
1528 4927 1817 4992 ii'ratisiauiensis.
1833 4924 1875 4988 ad
1889 4942 2022 5006 presens

508 5036 541 5099 in
564 5035 655 5099 curia
679 5034 710 5100 S.
733 5034 771 5098 ι’.
794 5034 986 5098 racannbus
1008 5054 1067 5116 per
1088 5036 1322 5116 promocionem
1345 5034 1463 5097 ‹lomini
1486 5031 1632 5097 Predzlai
1656 5033 1687 5095 iu
1718 5031 1906 5111 episcopum
1936 5027 2023 5092 dicte

510 5137 791 5202 ii'ratislauiensis
823 5137 1005 5210 ecclesian
1039 5138 1154 5202 ibidem
1185 5140 1331 5202 canenti
1354 5137 1552 5219 prebendati.
1576 5145 1608 5200 et
1632 5154 1746 5198 rannus
1768 5133 2023 5198 consecracionis

509 5239 594 5322 apud
628 5240 738 5304 sedern
772 5241 982 5321 apostolicam
1018 5242 1058 5306 de
1091 5241 1243 5306 mandato
1266 5243 1287 5306 i.
1311 5263 1337 5306 r.
1361 5241 1527 5306 Benedicti
1562 5258 1646 5321 pape
1675 5236 1750 5302 ΧΗ.
1785 5236 2023 5319 predecessoris

508 5347 614 5420 vestri,
631 5347 811 5426 impensum
826 5346 940 5410 eidem.
957 5365 1027 5410 curn
1043 5345 1242 5427 plenitudiue
1258 5347 1338 5410 iuris
1360 5345 1506 5410 caminici
1529 5344 1634 5408 eidem
1656 5341 1829 5423 dignemini
1853 5338 2022 5421 prcm‘dere

507 5450 652 5530 graciose
674 5457 707 5514 et
731 5467 804 5512 curu
828 5448 904 5512 aliis
925 5448 1079 5513 clausulis
1102 5451 1268 5530 oportunis
1292 5461 1324 5512 ct
1348 5467 1410 5512 non
1432 5448 1592 5522 clamante,
1607 5446 1692 5528 qucid
1717 5445 1800 5510 idern
1823 5443 2022 5509 laurentius

509 5570 604 5633 super
638 5552 830 5615 canonicatu
863 5563 895 5615 et
929 5553 1091 5633 prebenda
1125 5554 1262 5617 ecclesie
1298 5563 1411 5617 sancte
1441 5551 1554 5616 Crucis
1580 5551 1855 5615 titanis-tamensis
1879 5549 2022 5613 nescitur

511 5653 644 5737 litigare,
679 5674 761 5736 qnos
795 5665 828 5720 et
862 5674 953 5720 ornae
983 5657 1033 5720 ius
1058 5657 1117 5721 sibi
1141 5669 1325 5738 competens·
1348 5659 1380 5720 iu
1404 5658 1483 5738 ipsis
1505 5667 1555 5719 est
1579 5665 1712 5737 paratus
1736 5652 1907 5727 dimittere,
1932 5652 1959 5714 si
1983 5649 2022 5730 i]

510 5758 665 5839 placuerit
689 5759 733 5836 5.,
755 5776 828 5824 cum
849 5762 1074 5826 executoribus
1097 5771 1158 5825 etc.

1884 5864 1911 5910 ,a
