5184 7050
680 851 742 915 124

668 1058 769 1121 eciam
799 1058 831 1121 in
861 1056 1001 1133 decanis
1035 1057 1208 1138 prepositis
1243 1059 1380 1140 aliisque
1411 1060 1555 1140 personis
1585 1058 1813 1123 ecclesiasticis
1847 1059 1996 1139 superius
2031 1076 2093 1121 non
2124 1077 2171 1122 er-

668 1163 797 1243 pressis,
821 1161 936 1241 quibus
959 1160 1155 1225 visitacionis
1178 1160 1317 1227 officium
1340 1169 1373 1226 et
1395 1162 1633 1244 procuracionis
1662 1164 1807 1244 recepcio
1840 1183 1878 1234 en
1901 1163 2069 1245 privilegio
2093 1147 2172 1228 sedis

667 1264 841 1347 apostolice
864 1264 913 1328 vel
937 1265 976 1328 ‹le
998 1265 1068 1328 iure
1091 1283 1148 1329 sen
1171 1267 1401 1332 consuetudine
1417 1271 1596 1348 competere
1620 1267 1836 1346 dinoscuntur,
1861 1268 1991 1334 decanis
2012 1267 2169 1333 ruralibus

668 1369 835 1434 dumtaxat
857 1369 1009 1449 exceptis,
1033 1369 1088 1450 qui
1115 1369 1148 1433 in
1174 1368 1336 1451 aliquibus
1358 1371 1541 1454 regionibus
1564 1369 1832 1452 archipresbyteri
1855 1370 2173 1451 nominantur,‚circa

666 1492 746 1556 quos
768 1473 800 1538 in
822 1473 1008 1556 receptione
1030 1471 1210 1538 huiusmodi
1233 1475 1471 1554 procuracionis
1495 1475 1536 1554 id,
1561 1476 1646 1557 quod
1669 1494 1767 1559 supra
1790 1482 1948 1542 statutum
1963 1482 2021 1542 est
2046 1477 2086 1541 de
2102 1476 2172 1540 aliis

668 1578 962 1662 archipresbyteris
986 1577 1131 1642 volumus
1155 1579 1327 1643 observari.
1352 1579 1469 1644 Nostro
1486 1585 1592 1644 tarneu
1615 1580 1805 1645 intencionis
1828 1582 1948 1659 existit,
1973 1580 2069 1662 quod,
2093 1581 2120 1644 si
2137 1598 2173 1643 en

669 1683 880 1747 convencione
902 1680 952 1745 vel
976 1682 1205 1746 consuetudine
1239 1683 1374 1747 ecclesie
1406 1687 1472 1748 tam
1505 1683 1704 1749 cathedrales
1737 1702 1833 1765 quam
1867 1685 2035 1767 collegiate
2059 1683 2173 1749 etalio

666 1787 809 1870 quelibet
831 1785 993 1850 seculares
1015 1805 1053 1849 ac
1077 1785 1176 1850 eciam
1199 1789 1403 1866 monasteria,
1427 1787 1587 1867 prioratus
1604 1788 1831 1854 conventuales
1848 1793 1880 1853 et
1895 1789 1965 1853 loca
1982 1789 2049 1854 alia
2065 1788 2173 1870 quevis

666 1891 886 1956 ecclesiastica
908 1908 1080 1972 earumque
1104 1890 1253 1972 capitula,
1278 1890 1413 1973 collegia
1428 1909 1485 1955 seu
1502 1899 1686 1971 conventus
1710 1898 1851 1957 rectores
1874 1892 1976 1957 eciam
1992 1897 2026 1956 et
2041 1909 2173 1975 persone

666 1995 800 2076 prelatis
830 1994 996 2076 quibusvis
1027 1994 1232 2059 visitantibus
1256 1998 1291 2058 ut
1313 1994 1474 2076 proferam·
1503 1997 1607 2060 minus
1630 1996 1768 2061 debeant
1792 1997 1840 2061 vel
1865 1997 2090 2061 consueverint
2114 1995 2173 2061 sol-

667 2117 750 2178 vere,
773 2117 868 2182 quam
891 2116 949 2178 per
971 2116 1028 2162 nos
1051 2099 1198 2180 superius
1221 2104 1271 2163 est
1294 2103 1461 2179 statutum,
1485 2099 1525 2163 ad
1549 2085 1736 2166 solvendum
1758 2101 1843 2166 ultra
1866 2101 2111 2167 conventionem
2127 2100 2174 2165 vel

665 2203 927 2268 consuetudinem
955 2202 1136 2267 huiusmodi
1159 2202 1341 2268 nullatenus
1365 2205 1592 2286 astringantur,
1623 2204 1680 2268 sed
1703 2222 1801 2285 super
1826 2205 1888 2269 hiis
1912 2205 1997 2269 circa
2021 2222 2077 2269 eos
2101 2223 2171 2268 con-

664 2309 775 2372 vencio
799 2311 831 2371 et
854 2307 1049 2372 consuetudo
1073 2307 1252 2372 huiusmodi
1275 2309 1492 2373 observentur.
1538 2308 1728 2381 Huiusmodi
1751 2311 1851 2374 eciam
1881 2309 2127 2375 moderaciones.
2143 2315 2173 2372 et

664 2413 848 2477 tenaciores
871 2411 912 2476 ad
935 2412 1075 2493 prelatos
1097 2412 1265 2492 quoslibet,
1289 2413 1345 2494 qui
1367 2418 1515 2494 pretextu
1539 2413 1679 2477 cuiusvis
1702 2415 1941 2479 consuetudinis
1963 2415 1997 2488 in
2012 2419 2171 2478 monaste·

663 2517 722 2581 riis
745 2516 796 2580 vel
819 2515 897 2580 locis
920 2515 994 2580 aliis
1028 2516 1256 2580 ecclesiasticis
1289 2518 1391 2598 gratis
1414 2518 1612 2598 recipiuntur
1634 2517 1674 2581 ad
1697 2517 1850 2597 pabulum
1874 2504 2030 2597 cmitatis,
2065 2522 2172 2581 exten·

665 2621 768 2685 dimus
792 2626 825 2686 et
847 2621 948 2684 eciam
970 2639 1188 2702 prorogamus
1211 2621 1339 2702 proviso
1362 2621 1607 2699 nichilominus
1626 2621 1710 2702 quod
1733 2622 1765 2685 in
1789 2621 1868 2686 locis
1891 2621 2099 2703 quibuslibet,
2122 2638 2169 2704 se-

664 2724 800 2788 cundum
824 2724 908 2806 quod
930 2725 1032 2788 maior
1043 2724 1092 2788 vel
1105 2725 1207 2789 minor
1229 2743 1335 2788 rerum
1351 2726 1442 2806 copia
1458 2725 1598 2790 fueritin
1616 2724 1745 2801 eisdem,
1769 2743 1890 2790 necnon
1906 2727 1997 2790 iuxta
2020 2725 2170 2789 maiorem

662 2828 713 2892 vel
724 2828 875 2892 minorem
891 2845 1098 2908 personarum
1110 2832 1142 2891 et
1154 2829 1357 2893 erecciouum
1374 2848 1536 2893 numerum
1553 2828 1733 2894 huiusmodi
1745 2829 2170 2910 visitanciumexpeusarum

662 2932 816 2995 maiomm
839 2932 888 2995 vel
911 2931 1066 2996 minorum
1090 2931 1198 2996 debita
1233 2934 1411 2999 moderacio
1446 2939 1604 3010 teneatur,
1636 2934 1682 2997 ita
1703 2938 1820 3013 tamen,
1851 2934 1935 3016 quod
1957 2935 2097 2999 maiores
2120 2952 2168 3008 ex-

661 3054 760 3117 pense
783 3055 845 3100 non
867 3034 1023 3100 excedant
1046 3055 1199 3100 summam
1223 3039 1371 3120 superius
1395 3038 1573 3102 limitatam.
1613 3038 1750 3117 Insuper
1772 3036 1925 3120 predictis
1947 3038 2095 3102 omnibus
2110 3056 2170 3120 ,pa-

660 3139 818 3219 triarchis
842 3141 1041 3222 primatibus
1061 3140 1320 3223 archiepiscopis
1338 3142 1496 3222 episcopis
1520 3147 1552 3205 et
1576 3141 1649 3205 aliis
1673 3142 1820 3232 superius
1842 3142 2014 3206 nominatis
2039 3142 2168 3206 visitan-

662 3244 757 3323 tibus
781 3263 820 3308 ne
843 3245 928 3310 ultra
951 3246 1194 3309 convencionem
1209 3245 1258 3309 vel
1276 3245 1537 3310 consuetudinem
1560 3245 1740 3310 huiusmodi
1763 3247 1848 3310 circa
1871 3263 2026 3327 personas
2043 3249 2076 3310 et
2092 3245 2168 3323 loca,

662 3350 715 3415 ubi
738 3348 865 3428 fuerint,
889 3367 947 3413 nec
970 3349 1056 3414 ultra
1079 3349 1316 3427 moderaciones
1340 3355 1373 3414 et
1395 3351 1580 3414 taxationes
1604 3349 1766 3431 predictas
1791 3350 1961 3431 quicquam
1984 3354 2170 3432 presumant

660 3453 812 3535 recipere,
844 3453 1024 3517 districcius
1055 3454 1243 3519 inhibemus.
1290 3454 1442 3519 Volentes
1466 3454 1566 3517 eciam
1590 3454 1852 3520 constitucionem
1883 3459 2066 3536 presentem
2088 3471 2168 3540 pene

661 3558 844 3623 adieccione
867 3558 980 3636 iuvari,
1005 3560 1188 3637 statuimus,
1215 3560 1309 3641 quod,
1334 3560 1360 3623 si
1385 3560 1462 3623 dicti
1487 3560 1656 3624 visitantes
1679 3577 1737 3639 per
1759 3578 1794 3623 se
1818 3559 2171 3641 vel,siexp1ivilegio

662 3663 708 3727 eis
725 3668 895 3743 competat,
919 3682 977 3743 per
993 3663 1073 3727 alios
1089 3665 1286 3729 visitacionis
1311 3663 1449 3729 officium
1473 3663 1673 3728 exercuerint
1688 3668 1720 3727 et
1732 3663 1975 3743 procuraciones
1988 3663 2169 3744 receperint

660 3772 696 3831 ut
718 3767 887 3849 profertm,
912 3766 967 3852 [si]
981 3768 1008 3848 l)
1044 3770 1106 3849 ipsi
1128 3769 1180 3833 vel
1202 3768 1379 3834 iannliares
1413 3788 1521 3834 eorum
1545 3767 1630 3832 ultra
1660 3768 1899 3832 moderationes
1929 3771 1963 3831 et
1984 3768 2168 3832 taxacioues

659 3871 821 3951 predictas
845 3870 966 3952 aliquid
989 3873 1127 3937 scienter
1149 3873 1313 3956 exegerint
1335 3874 1385 3937 vel
1408 3872 1587 3954 recoperint
1610 3871 1710 3935 eciam
1734 3891 1753 3935 a
1776 3871 1912 3951 volente,
1934 3871 2065 3953 duplum
2089 3871 2167 3949 eius

659 3975 743 4057 quod
765 3977 821 4056 hii,
845 3977 899 4058 qui
922 3995 980 4057 pro
1003 3978 1050 4042 eis
1073 3977 1269 4042 visitacionis
1292 3976 1430 4042 officium
1454 3977 1656 4054 exercebunt,
1679 3992 1737 4055 per
1760 3993 1794 4040 se
1817 3976 1868 4040 vel
1891 3976 1972 4041 alios
1994 3974 2082 4066 ultra
2104 3995 2168 4041 mo

659 4081 846 4145 deraciones
869 4098 926 4145 seu
947 4082 1133 4146 taxaciones
1156 4082 1317 4163 predictas
1347 4083 1517 4163 quicquam
1547 4081 1710 4162 exegerint
1733 4098 1790 4144 scu
1811 4081 2001 4162 receperint,
2024 4082 2127 4146 eciam
2150 4101 2168 4146 a

660 4184 795 4265 volente,
826 4185 957 4268 duplum
996 4186 1075 4265 eius
1106 4186 1190 4268 quod
1220 4187 1305 4251 ultra
1327 4187 1516 4267 receperint,
1547 4184 1692 4250 ecclesiis
1726 4190 1758 4247 et
1780 4185 1982 4250 monasteriis
2008 4184 2059 4250 vel
2090 4185 2167 4250 locis

658 4289 740 4369 aliis,
764 4310 784 4354 a
806 4291 922 4372 quibus
951 4290 984 4354 id
1013 4296 1176 4373 receptum
1207 4290 1314 4369 luerit,
1346 4291 1430 4355 infra
1454 4290 1613 4374 prefatum
1635 4289 1805 4353 tonninum
1827 4289 1961 4355 reddere
1984 4293 2165 4368 teneantur,

658 4394 798 4475 alioquin
821 4400 937 4459 extunc
960 4393 1036 4459 dicti
1060 4395 1186 4477 prelati,
1210 4395 1264 4475 qui
1288 4395 1374 4459 ultra
1396 4394 1634 4458 moderaciones
1652 4400 1689 4456 ‚ct
1712 4393 1897 4458 taxacioncs
1920 4393 2084 4474 predictas
2108 4413 2164 4460 seu

657 4500 898 4564 convencionom
915 4499 963 4563 vel
981 4499 1240 4563 consuetudinem
1256 4498 1436 4563 huiusmodi
1460 4498 1616 4580 recipient
1631 4498 1662 4561 in
1678 4499 1814 4577 pecunia
1835 4501 2010 4578 numerata,
2034 4496 2166 4580 duplum

656 4604 759 4686 ipsum
782 4603 902 4668 eisdem
924 4603 1079 4681 ecclesiis
1102 4603 1305 4666 monasteriis
1328 4604 1395 4667 sive
1418 4603 1496 4666 locis
1520 4602 1604 4665 ultra
1627 4601 1746 4666 dictum
1769 4609 1894 4683 tempus
1916 4603 2090 4668 restituere
2106 4603 2165 4668 dif-

656 4708 795 4772 ferentes
818 4708 994 4787 ingressum
1018 4708 1152 4771 ecclesie
1176 4708 1236 4770 sibi
1260 4708 1406 4771 noverint
1428 4706 1641 4785 interdictum,
1665 4706 1708 4769 hii
1733 4725 1807 4771 vero
1829 4725 1887 4789 pro
1910 4706 2007 4771 dictis
2029 4707 2165 4789 prelatis

656 4813 873 4877 visitacionem
903 4811 1082 4875 huiusmodi
1107 4816 1143 4875 ut
1165 4812 1360 4891 premittitur
1391 4817 1576 4876 exercentes
1592 4810 1618 4892 ¹¹)
1650 4812 1690 4874 ab
1721 4810 1824 4876 officio
1855 4816 1888 4874 et
1917 4808 2072 4876 beneficio
2107 4832 2161 4877 no-

657 4918 759 4981 verint
782 4935 817 4980 se
840 4934 1021 4997 suspensos,
1053 4933 1220 4997 quousque
1253 4917 1397 4997 gravatis
1432 4916 1576 4980 ecclesiis
1607 4921 1639 4979 et
1669 4916 1871 4981 monasteriis
1894 4916 1961 4980 sive
1991 4916 2102 4997 locis¹)
2125 4916 2164 4981 de

655 5020 834 5085 huiusmodi
870 5020 966 5100 duplo
996 5020 1173 5101 plenariam
1212 5020 1467 5086 satisfaccionem
1502 5019 1695 5101 impendant,
1728 5021 1904 5085 adicientes
1938 5021 2162 5087 constitucioni

655 5125 806 5206 presenti,
831 5126 925 5205 qnod,
960 5124 987 5187 si
1018 5124 1090 5206 quis
1126 5124 1165 5188 de
1187 5124 1308 5189 familia
1344 5125 1464 5206 prelati
1498 5126 1711 5207 personaliter
1734 5125 1895 5191 visitantis
1928 5124 2050 5206 aliquid
2082 5125 2164 5191 ultra

655 5229 893 5293 moderaciones
925 5234 957 5293 et
987 5229 1172 5294 taxaciones
1202 5228 1347 5311 prefatas
1377 5248 1435 5310 por
1474 5249 1508 5292 se
1541 5229 1588 5293 vel
1621 5230 1712 5309 alios,
1746 5229 1871 5310 prelato
1906 5230 2073 5311 ignorante
2103 5248 2160 5297 nec

654 5337 758 5395 ratum
787 5331 933 5410 habente,
956 5334 1115 5414 receperit
1139 5333 1179 5397 ab
1202 5334 1357 5411 ecclesiis
1381 5333 1584 5399 rrronasteriis
1607 5339 1640 5397 ct
1662 5334 1740 5399 locis
1764 5333 1835 5399 aliis
1858 5334 2008 5413 visitatis
2032 5334 2162 5416 duplum

654 5436 732 5514 eius,
768 5436 853 5517 quod
885 5436 969 5501 ultra
1006 5439 1174 5519 receperit,
1187 5437 1206 5517 Ι)
1241 5438 1280 5501 de
1316 5457 1372 5502 suo
1403 5438 1531 5520 proprio
1559 5437 1641 5502 infra
1675 5439 1754 5502 duos
1788 5455 1913 5502 menses
1946 5442 2021 5520 post
2049 5458 2161 5521 recep·

654 5541 775 5604 cionem
806 5540 985 5606 huiusmodi
1017 5541 1172 5620 ecclesiis,
1207 5543 1410 5608 monasteriis
1434 5548 1467 5606 et
1497 5541 1575 5606 locis
1599 5542 1682 5621 aliis,
1718 5542 1877 5622 aquibus
1906 5541 1962 5606 illa
1991 5544 2158 5623 receperit,

652 5645 786 5709 reddere
809 5650 966 5725 terreatur,
997 5647 1138 5729 alioquin
1172 5653 1287 5710 extunc
1317 5648 1391 5711 talis
1415 5648 1581 5728 incipiens,
1617 5648 1642 5710 si
1674 5646 1808 5711 clericus
1838 5646 1944 5721 fuerit,
1968 5647 2091 5719 tamdiu
2118 5646 2157 5711 ab

654 5749 757 5814 ‹rstica›
791 5758 822 5814 et
854 5751 1006 5816 berreficio
1038 5751 1080 5814 sit
1111 5772 1147 5813 eo
1184 5753 1251 5832 ipso
1287 5770 1471 5832 suspensus,
1512 5754 1537 5815 si
1573 5771 1647 5814 vero
1682 5752 1792 5828 laicus,
1826 5741 1947 5815 tarncliu
1983 5750 2156 5832 ingressum
