5184 7050
1883 864 1948 935 606

449 1061 547 1119 editore
562 1066 595 1118 A.
624 1064 649 1131 i)
659 1064 786 1134 sequitur
798 1065 852 1133 ‚iu‘,
866 1065 915 1121 sed
928 1067 1039 1122 cancell.
1052 1069 1086 1121 A.
1113 1069 1136 1135 ⁸)
1150 1068 1274 1137 sequitur
1287 1075 1325 1136 ,et
1348 1072 1425 1136 cnm‘,
1451 1070 1579 1126 omissum
1604 1071 1639 1126 ab
1658 1071 1763 1127 editore
1776 1074 1808 1129 A.
1837 1075 1860 1140 l)
1878 1089 1947 1129 corr.

447 1151 588 1218 ex,e1titit
600 1152 688 1207 nobis‘
700 1155 734 1207 A.
761 1159 784 1217 a)
802 1155 925 1221 ,militem
944 1161 971 1208 et
988 1155 1134 1224 complices
1153 1155 1284 1225 prefatos‘
1302 1159 1345 1224 A,
1357 1173 1426 1212 corr.
1440 1158 1474 1213 ab
1488 1158 1600 1214 editore.
1629 1161 1652 1225 ΙΙ)
1669 1160 1748 1215 deest
1759 1161 1787 1215 in
1801 1162 1948 1231 A.,supp1.

449 1238 481 1292 ab
500 1238 612 1294 editore.
642 1241 660 1307 Ι)
677 1240 821 1309 ,beneficii
840 1244 882 1309 A,
902 1258 971 1296 corr.
990 1243 1024 1296 ab
1043 1242 1158 1297 editore.
1190 1243 1209 1311 1)
1236 1244 1316 1298 deest
1341 1245 1370 1299 in
1396 1245 1439 1313 A,
1457 1246 1548 1316 suppl.
1567 1247 1601 1302 ab
1621 1246 1736 1303 editore.
1767 1250 1799 1315 m)
1818 1254 1887 1316 ,seu‘
1905 1249 1947 1317 A,

448 1326 560 1381 corrab
578 1326 692 1382 editore.
718 1332 742 1394 ιι)
756 1328 1078 1397 sequitur‚maudamns‘,
1092 1328 1140 1384 sed
1156 1329 1338 1385 cancellatum
1351 1333 1383 1385 A.
1411 1334 1435 1399 ⁰)
1453 1335 1591 1399 ‚recentis‘
1604 1336 1635 1388 A.
1664 1336 1688 1402 n)
1702 1334 1905 1405 ‚penitenciale‘
1915 1336 1947 1389 A.

446 1416 473 1479 s)
491 1417 542 1482 ,ex‘
559 1416 602 1482 A,
621 1431 691 1469 carr.
711 1415 745 1469 ab
764 1415 878 1471 editore.

1093 1614 1298 1622 φῇ*-

445 1922 532 1986 862.
559 1920 721 1986 (beraldus
743 1922 782 1987 de
804 1926 962 2004 Mapnaca
983 1924 1153 2007 supplicat,
1176 1928 1331 2006 quatenus
1353 1925 1498 1988 servitori
1515 1945 1570 1989 suo
1590 1924 1733 1992 Jolranni
1755 1925 1838 1990 dicto
1862 1929 1947 2009 Enp-

442 2024 538 2105 belen,
562 2025 675 2091 clerico
691 2028 946 2106 Manasteriensi,
969 2028 1008 2091 de
1022 2030 1210 2092 canonicatu
1223 2028 1372 2093 ecolesma
1388 2029 1648 2093 Monosteriensis
1662 2028 1719 2093 sub
1735 2031 1949 2113 expectatione

439 2130 647 2212 praebendae,
663 2130 873 2197 oboedientiae
895 2154 933 2197 ac
955 2132 1056 2215 officii
1070 2134 1138 2197 sine
1154 2154 1242 2209 uua,
1259 2133 1397 2197 consueti
1414 2154 1475 2216 per
1496 2153 1593 2196 unum
1616 2132 1654 2196 de
1675 2132 1777 2215 ipsius
1799 2134 1950 2199 ecclesiae

442 2234 601 2298 canonicis
623 2234 767 2311 obtineri,
786 2236 1003 2319 provideatur.
1027 2238 1114 2315 ,Fiat
1138 2237 1175 2301 ll.
1199 2237 1313 2301 liciam
1336 2236 1374 2300 de
1396 2235 1501 2319 officio
1519 2238 1568 2301 R}
1579 2236 1603 2318 ¹)
1620 2275 1661 2283 -
1679 2238 1757 2301 Item
1776 2237 1947 2321 supplicat,

443 2341 598 2418 quaterent
629 2337 773 2403 Conrado
804 2339 950 2403 Mattiaci
982 2340 1020 2403 de
1049 2340 1150 2415 Siris,
1184 2342 1383 2405 Trevcrensis
1413 2341 1544 2406 diocesis
1566 2340 1684 2416 clerico,
1708 2341 1853 2405 servitori
1881 2360 1947 2415 ura,

441 2443 548 2522 pratia
571 2442 730 2525 specialis,
755 2464 854 2526 nuper
876 2444 920 2507 ad
940 2443 1203 2527 supplicationem
1236 2443 1356 2508 dornini
1385 2445 1436 2509 sui
1459 2445 1581 2524 Karali,
1617 2447 1830 2510 Rornanorum
1852 2446 1947 2527 repis,

443 2546 480 2609 de
508 2547 652 2628 beneficio
681 2568 752 2611 cuni
780 2548 829 2611 vel
858 2548 927 2611 sine
955 2568 1032 2613 curo
1063 2548 1107 2612 arl
1128 2548 1324 2614 collationem
1355 2548 1479 2614 abbatie
1506 2554 1536 2615 et
1564 2554 1729 2615 conventus
1759 2550 1948 2614 monrrderii

442 2652 547 2715 saneti
577 2652 617 2715 W
616 2651 758 2715 illibrodi
778 2651 1034 2734 Eptanacensis,
1058 2653 1178 2717 ardinio
1199 2653 1307 2718 sancti
1328 2653 1502 2733 Benedicti,
1525 2654 1630 2718 dictae
1651 2654 1792 2733 dnonas,
1815 2658 1949 2719 vacante

441 2756 487 2819 vel
500 2761 653 2820 vaeatrcro
667 2756 702 2819 in
718 2757 845 2820 civitate
858 2756 906 2820 rel
921 2756 1037 2821 diomi
1054 2758 1245 2836 l'recerensi,
1262 2757 1362 2821 eoem
1377 2760 1486 2838 facta,
1502 2758 1691 2823 extendatur
1709 2759 1806 2823 etiam
1821 2758 1865 2822 ari
1880 2757 1950 2823 alia

443 2858 588 2942 beneficio
611 2860 800 2940 uniusmodi,
831 2865 922 2926 entra
950 2861 1069 2925 dictam
1093 2861 1251 2925 mainan
1278 2866 1309 2925 et
1331 2862 1478 2925 dioccs'm
1508 2864 1678 2927 constituta
1701 2866 1732 2927 et
1754 2862 1798 2926 ad
1819 2862 1949 2927 eunden

443 2964 639 3030 collationem
660 2967 850 3049 spectantia.
873 2966 960 3041 ,Fiat
983 2968 1033 3030 Je‘
1068 3004 1110 3013 -
1145 2968 1225 3031 Itern
1253 2966 1424 3049 supplicat,
1456 2971 1610 3049 quatenus
1643 2968 1774 3048 Reperio
1800 2965 1947 3045 dirmini,

442 3068 549 3133 deice
570 3074 602 3133 et
622 3072 768 3135 senritori
789 3090 854 3145 uio,
871 3070 1050 3148 berniciam
1073 3070 1202 3152 aliquod
1223 3091 1279 3134 seu
1301 3070 1440 3152 officium
1462 3092 1532 3137 cum
1553 3070 1601 3135 vel
1623 3071 1692 3136 sine
1715 3091 1802 3150 cura,
1826 3070 1871 3135 ad
1891 3091 1941 3135 va·

443 3172 536 3237 ῑονεηι
565 3178 610 3240 80
641 3196 724 3259 resp.
755 3178 798 3240 50
826 3174 982 3240 librorum
1023 3175 1250 3238 turonensium
1278 3194 1456 3257 parennem
1488 3195 1514 3240 s.
1545 3178 1568 3240 t.
1599 3174 1641 3249 d.,
1676 3174 1719 3238 ad
1751 3174 1949 3239 collationem

444 3279 586 3363 episcopi,
617 3278 732 3343 &cerni
760 3282 791 3342 et
818 3278 953 3361 capituli
983 3300 1021 3343 ao
1051 3277 1246 3359 sinpnlornm
1277 3280 1498 3369 crimnicornm
1526 3278 1676 3343 ecclcsiae
1707 3277 1948 3345 Cenomanensis

627 3387 811 3447 rameru.
836 3383 922 3461 ,Fiat
947 3384 977 3445 lt
977 3431 1084 3446 .....
1103 3382 1142 3445 D.
1165 3381 1323 3446 Auiuionc
1346 3402 1415 3447 non.
1439 3380 1566 3465 Aprilis
1588 3403 1619 3447 a.
1642 3383 1770 3464 munta‘

1428 3557 1590 3636 Avinione,
1614 3559 1700 3622 1347
1723 3555 1848 3640 Aprilis
1871 3559 1903 3621 5.

541 3746 692 3800 Clementis
710 3746 747 3799 v1
766 3746 791 3800 S.
811 3745 859 3816 Vll
882 3750 938 3815 (10)
957 3746 974 3799 f.
997 3752 1097 3799 lih-
1110 3747 1129 3812 ¹)
1148 3746 1251 3812 ‚Eciam
1270 3744 1305 3798 dc
1324 3744 1414 3798 silicio
1434 3744 1474 3812 R‘,
1493 3745 1624 3814 scriptum
1643 3745 1677 3799 ab
1696 3745 1754 3800 slis
1770 3761 1860 3813 mann,
1873 3761 1946 3815 quae

445 3835 520 3887 etiam
550 3835 578 3887 in
607 3832 729 3900 margine
757 3833 911 3886 annotavit:
947 3832 1087 3898 ‚Additum
1114 3831 1167 3886 fuit
1191 3832 1219 3884 in
1245 3830 1382 3900 peticione
1401 3848 1451 3900 per
1469 3831 1608 3886 dominum
1626 3838 1763 3886 nostmm:
1800 3832 1893 3886 Εείαω
1912 3831 1947 3886 de

445 3920 538 3989 officio,
559 3927 588 3975 et
606 3935 657 3989 per
675 3935 718 3973 me
738 3919 893 3975 iohannem
913 3918 947 3972 de
966 3919 1085 3974 Pistoris
1104 3918 1166 3973 hist

444 4512 527 4579 863.
555 4509 698 4590 Carolus,
735 4512 947 4575 Boniuriorurn
977 4515 1006 4574 ct
1035 4510 1205 4574 Bolentiae
1235 4532 1301 4590 rer,
1335 4507 1504 4592 supplicat,
1536 4511 1690 4589 quatenus
1721 4507 1888 4589 Apmcrico
1909 4508 1948 4572 de

447 4612 597 4679 Claustra
619 4615 657 4678 de
678 4634 740 4679 uno
761 4614 809 4678 cel
826 4615 975 4697 pluribus
998 4614 1154 4695 beriefieiis
1177 4615 1220 4679 ad
1242 4613 1438 4679 collationem
1468 4612 1705 4695 ‹rrcbnpiscopi
1736 4612 1871 4696 capituli
1891 4633 1947 4676 seu

445 4719 653 4801 euiusurnpue
674 4717 808 4783 alterius
826 4738 982 4802 personae
1004 4718 1235 4783 ecclesiastieae
1256 4740 1312 4783 seu
1335 4717 1456 4798 cellapii
1477 4717 1617 4782 civitatis
1639 4715 1686 4781 vd
1709 4716 1840 4781 doaso
1864 4718 1946 4781 lic-

1022 4822 1129 4904 pensis
1145 4823 1363 4906 provideatur.

1428 4924 1589 5000 Aoinione,
1612 4926 1698 4990 1347
1721 4923 1846 5009 Aprilis
1869 4926 1900 4989 5.

539 5136 705 5220 Supplicat
728 5137 758 5202 S.
782 5137 820 5201 V.
844 5136 978 5201 devotus
1001 5136 1022 5201 t.
1046 5157 1073 5200 v.
1099 5136 1246 5215 Ksrolus,
1267 5136 1477 5199 Romanorum
1493 5140 1526 5198 et
1541 5134 1672 5198 Boemic
1695 5151 1759 5211 rex,
1785 5136 1943 5214 quatenus

444 5240 555 5306 dilecto
579 5243 727 5307 servitori
750 5259 808 5306 suo
831 5242 998 5321 Aymerico
1021 5241 1060 5304 (le
1086 5238 1242 5317 Claustra,
1266 5240 1407 5303 nacionis
1431 5238 1668 5303 Lemouiccnsis
1691 5237 1816 5315 clerico,
1839 5237 1941 5319 speci-

443 5344 520 5408 alem
542 5345 681 5427 graciam
703 5344 866 5423 facientes,
883 5344 1069 5409 beneficium
1092 5345 1142 5407 vel
1158 5342 1313 5407 beneficia
1327 5342 1555 5421 ecclesiastica,
1573 5360 1678 5421 uuum,
1695 5341 1757 5406 duo
1774 5340 1824 5405 vel
1839 5340 1942 5423 plura,

442 5452 495 5528 tot,
526 5468 588 5532 que
618 5448 658 5513 sd
687 5449 826 5513 valorem
858 5448 974 5513 LXXX
1008 5448 1205 5512 marcharum
1239 5449 1363 5530 argenti
1398 5447 1571 5511 secundum
1594 5447 1792 5510 taracioucm
1822 5445 1944 5509 decime

442 5554 621 5631 asceudant,
661 5554 760 5617 eciam
795 5554 822 5618 si
853 5553 1057 5617 canonicatus
1091 5558 1123 5616 et
1157 5552 1320 5633 prebenda
1352 5551 1487 5615 ecclesie
1522 5550 1691 5633 Prngeusis
1726 5568 1782 5614 seu
1817 5548 1945 5631 aliquod

442 5675 546 5723 eorum
570 5657 721 5739 dignitas,
738 5663 936 5738 personatus,
960 5654 1097 5721 officium
1112 5657 1163 5721 sel
1179 5656 1266 5720 aliud
1289 5654 1476 5720 beneficium
1493 5674 1599 5720 curam
1618 5655 1738 5719 habeus
1760 5655 1944 5732 animarum,

442 5763 478 5826 ad
500 5780 596 5844 quam
619 5779 676 5825 sen
699 5761 783 5843 quod
817 5781 876 5843 per
905 5761 1095 5826 eleccionem
1126 5762 1198 5843 quis
1229 5761 1348 5825 assumi
1378 5761 1552 5838 consuevit,
1582 5760 1731 5838 existant,
1762 5757 1945 5840 spectaucia
