5184 7050
1866 888 1928 953 321

415 1084 510 1150 533.
557 1084 650 1148 Petro
679 1083 825 1164 Bononio,
860 1082 971 1148 clerico
1004 1082 1176 1161 Castremi,
1199 1084 1393 1150 bocccllmio
1423 1086 1458 1150 in
1491 1086 1621 1171 legibus,
1656 1096 1859 1155 reservantur
1888 1092 1932 1156 ud

414 1185 681 1272 supplicationem
704 1185 879 1268 Gncdielnii,
909 1186 997 1252 tituli
1026 1193 1158 1254 sannae
1180 1189 1312 1256 Murice
1334 1189 1369 1255 in
1394 1190 1557 1257 Cosmedin
1587 1192 1714 1259 diaconi
1743 1195 1930 1272 cardinal-is,

416 1291 507 1358 mins
537 1291 592 1358 illc
614 1293 729 1358 Panos
759 1290 945 1377 capellanie
971 1291 1203 1373 etfamiliaris
1233 1295 1452 1361 commonacho
1483 1318 1519 1362 oc
1544 1301 1737 1380 procurator
1768 1299 1802 1363 ln
1823 1299 1930 1382 regnis

421 1396 586 1478 Uncoriue
607 1400 637 1462 ci
659 1396 810 1461 Polonice
838 1397 956 1478 6616111,
988 1397 1195 1491 canonicatus
1221 1400 1451 1486 etprocbendc
1481 1400 1629 1467 ecclesiae
1660 1401 1928 1478 lictislociensis,

417 1502 472 1583 qni
495 1524 559 1584 per
575 1501 804 1584 promotionem
834 1500 1031 1584 Apetnconis,
1065 1487 1155 1567 electi
1183 1502 1387 1583 Lubncensis,
1422 1505 1457 1569 in
1487 1505 1571 1569 brevi
1601 1528 1718 1571 cocere
1747 1512 1928 1600 sperantur.

418 1604 653 1684 ,66616166
687 1607 778 1671 XIII
804 1605 868 1671 cat.
901 1604 1087 1670 Novembris
1117 1628 1146 1671 o.
1177 1612 1312 1689 666661οέ
1342 1646 1385 1655 -
1418 1611 1455 1672 In
1488 1632 1513 1674 c.
1537 1631 1577 1675 m.
1602 1610 1712 1673 abbati
1744 1611 1929 1676 monosterii

417 1713 549 1774 sanctae
571 1710 701 1776 Mariae
715 1708 750 1774 in
765 1709 883 1784 Arena,
916 1710 1183 1787 Vrotislcoicnsis,
1206 1716 1237 1776 el
1250 1712 1452 1777 thesaurario
1478 1713 1668 1778 Turonensis
1684 1736 1722 1778 oc
1737 1714 1926 1779 cancellario

760 1815 963 1880 Bclvoceocsis
985 1816 1196 1881 ecclesiarum.
1225 1819 1345 1881 Forma
1367 1822 1403 1881 nt
1426 1819 1461 1881 in
1483 1839 1513 1883 n.
1536 1822 1588 1884 ll.

460 2020 502 2073 ,x
531 2023 573 2075 x,
1363 1999 1525 2075 Acinicnc,
1549 2002 1636 2064 1345
1661 2000 1879 2068 (rotomaco.

523 2204 673 2258 Clementis
692 2203 730 2256 VI
749 2206 782 2256 Α.
801 2204 868 2274 lb'lb
888 2205 930 2273 (V.
949 2209 1011 2271 217)
1031 2205 1048 2258 1.
1070 2209 1128 2258 366'
1148 2223 1175 2261 6.
1195 2212 1237 2273 30,
1266 2206 1300 2261 de
1325 2207 1491 2274 praebendis
1516 2207 1653 2262 vacaturis
1671 2224 1716 2276 66.
1735 2215 1751 2261 t
1770 2228 1803 2260 :
1823 2208 1854 2261 V.
1876 2213 1925 2262 169

417 2291 433 2343 i.
452 2297 505 2345 230
524 2306 550 2344 n.
570 2298 612 2346 30.
630 2323 664 2331 -
682 2291 748 2361 aeg.
768 2291 796 2345 in
815 2292 922 2345 ZVGA.
943 2292 1101 2348 Schlesicns
1120 2293 1204 2360 XXV,
1224 2298 1283 2346 1196.

1069 2577 1272 2585 *—

414 2903 507 2968 534.
538 2900 712 2977 Iohannes,
736 2921 793 2965 rec
815 2901 996 2982 Bononiae,
1018 2902 1189 2986 supplicet,
1213 2906 1367 2985 66616666
1391 2902 1546 2978 Bolcsluo,
1562 2903 1636 2986 filio
1658 2903 1819 2980 Cocineion
1836 2905 1924 2970 domis

418 3006 627 3084 Tessincmia
649 3005 688 3069 de
709 3006 899 3071 canonicato
921 3009 951 3070 et
968 3006 1153 3090 praebendo
1175 3008 1210 3071 in
1231 3006 1361 3072 ecclesia
1392 3007 1635 3072 I·⁷rotislocicnsi
1656 3007 1703 3072 vel
1724 3007 1925 3073 Crocovc'ensi

413 3110 603 3174 uocantibus
625 3109 673 3173 cel
694 3111 858 3176 vacaturis
875 3112 1085 3194 provideatur
1107 3116 1137 3177 et
1145 3111 1312 3193 frutribus
1335 3111 1456 3176 ordinis
1477 3112 1583 3176 suncti
1598 3111 1771 3193 Augustini
1792 3112 1924 3179 licentio

459 3215 658 3291 concedatur,
680 3218 716 3278 nt
738 3215 964 3280 montcsterinm
986 3217 1020 3280 in
1043 3217 1157 3300 oppido
1172 3215 1343 3298 Albunouo
1367 3215 1569 3298 aedificatam
1592 3217 1728 3299 recepere
1744 3217 1881 3300 possint.

1364 3406 1527 3487 liciniano,
1549 3409 1636 3472 1345
1661 3406 1805 3472 Octobris
1824 3410 1900 3473 aa·

518 3598 685 3682 supplicat
707 3598 738 3666 S.
761 3598 800 3665 V.
825 3599 1047 3665 devotissimus
1070 3598 1091 3665 i.
1112 3620 1140 3665 v.
1164 3599 1337 3678 16166666,
1360 3619 1415 3664 rcx
1438 3599 1600 3677 Bobenia,
1624 3604 1781 3681 quatenus
1804 3600 1865 3665 sibi
1889 3600 1921 3664 in

412 3722 582 3787 personam
605 3704 746 3770 Boleslai
766 3704 883 3783 clerici,
906 3704 963 3768 11111
979 3705 1143 3783 Kazimiri,
1168 3705 1257 3770 ducis
1272 3704 1504 3782 Thessinensis,
1528 3703 1577 3768 sui
1593 3702 1777 3782 fidelissimi,
1802 3705 1921 3769 1116611-

412 3808 584 3874 6166166616
601 3809 747 3889 diocesis,
771 3808 942 3891 specialem
959 3809 1096 3891 graciam
1113 3809 1276 3887 iacientes,
1301 3809 1341 3873 de
1357 3808 1543 3873 canonicatu
1560 3813 1593 3872 et
1608 3808 1771 3890 prebenda
1786 3807 1920 3872 ecclesie

411 3912 700 3992 Wrntislaniensis‚
723 3913 911 3978 vacantibus
933 3914 984 3977 661
1000 3913 1170 3992 vacaturis,
1194 3914 1365 3996 dignemini
1389 3914 1567 3996 providere,
1592 3932 1663 3976 cum
1686 3913 1920 3995 666661661666,

412 4018 647 4097 incarnacione,
678 4016 879 4097 inbibicionc,
911 4018 1040 4083 decreto
1063 4024 1096 4082 ct
1119 4017 1262 4083 clausula
1285 4018 1436 4083 anteferri
1459 4038 1497 4082 ac
1520 4017 1664 4083 omnibus
1687 4016 1758 4081 aliis
1780 4035 1842 4081 non
1865 4017 1920 4080 ob-

412 4122 576 4188 stantibus
598 4126 632 4186 et
654 4122 806 4187 clausulis
832 4123 1006 4204 oportunis,
1038 4123 1127 4187 utin
1150 4121 1260 4201 forma,
1292 4141 1330 4187 66
1352 4122 1585 4200 executoribus
1615 4121 1667 4185 661
1690 4120 1824 4185 similem
1848 4140 1920 4203 gra-

412 4227 493 4292 ciam
518 4226 675 4293 incientes
698 4227 802 4291 eidem
825 4227 866 4292 dc
889 4226 1075 4292 canonicatu
1099 4232 1132 4291 et
1153 4227 1316 4309 prebenda
1340 4227 1372 4291 in
1395 4226 1532 4316 ecclesia
1556 4225 1770 4291 Cracouiensi.

517 4331 592 4396 Fiat
614 4330 652 4395 R.

519 4436 603 4501 Item
633 4435 793 4519 snpplicat
816 4435 847 4501 S.
870 4435 908 4500 V.
932 4436 1016 4500 idem
1046 4435 1218 4514 Iohannes,
1251 4455 1308 4500 rex
1338 4435 1501 4513 Bobenia
1535 4434 1567 4498 in
1589 4452 1756 4516 personam
1789 4434 1919 4513 Berthe‚

412 4540 542 4606 baronis
573 4541 623 4606 sni
653 4540 752 4623 regni,
787 4538 953 4605 castellani
987 4539 1168 4623 Pragcnsis‚
1203 4540 1257 4622 661
1287 4541 1327 4604 ob
1351 4539 1542 4621 singularem
1577 4537 1790 4616 decadonem,
1825 4557 1920 4619 quam

412 4644 525 4710 habuit
549 4645 590 4710 ad
613 4650 756 4710 sanctum
780 4645 992 4727 Augustinum
1008 4652 1041 4709 61
1057 4644 1199 4709 ordinem
1223 4664 1324 4723 suum,
1348 4662 1445 4708 unum
1467 4643 1571 4707 locum
1595 4643 1626 4706 16
1645 4642 1781 4723 quodam
1803 4643 1919 4724 oppido

413 4769 480 4828 suo,
505 4750 591 4831 quod
615 4749 731 4815 dicitur
746 4749 923 4831 Albaaqua,
947 4748 1106 4813 6111166611
1120 4748 1310 4814 tradendum
1333 4747 1486 4813 iratribus
1507 4747 1627 4812 ordinis
1642 4744 1819 4823 memorati,
1842 4763 1920 4826 qua-

411 4861 507 4920 16666
531 4855 571 4919 dc
595 4859 700 4919 vestre
730 4854 935 4936 benignitatis
959 4854 1132 4918 clemencia
1160 4853 1313 4917 iratribus
1336 4853 1456 4917 ordinis
1486 4851 1638 4916 antedicti
1660 4850 1825 4913 licenciam
1848 4868 1920 4913 con-

413 4961 528 5026 cedere
560 4960 732 5042 dignemini
762 4959 938 5041 recipiendi
971 4957 1074 5022 locum
1103 4958 1290 5040 predictum,
1322 4957 1418 5021 situm
1449 4957 1481 5020 16
1506 4955 1624 5020 diocesi
1654 4953 1816 5035 Pragensi,
1850 4952 1919 5018 sine

412 5065 492 5130 iuris
523 5063 700 5147 preiudicio
731 5062 837 5142 alicui,
867 5083 905 5128 ac
928 5063 1131 5128 construendi
1166 5062 1283 5128 ibidem
1318 5062 1500 5139 oratorium,
1535 5059 1675 5124 officinas
1710 5057 1920 5136 necessarias,

412 5170 521 5236 divina
545 5168 728 5233 celebrandi
751 5174 785 5234 61
807 5167 1014 5246 inhabitandi,
1042 5167 1248 5232 Bonifaciana
1271 5172 1305 5231 ct
1327 5165 1472 5249 qualibet
1494 5165 1558 5229 alia
1580 5162 1810 5228 constitucione
1834 5161 1921 5226 edita

411 5276 440 5340 in
464 5273 662 5340 contrarium
687 5272 982 5338 nonobstantibus.

513 5380 589 5447 Fiat
611 5379 648 5444 R.
673 5380 717 5444 Et
739 5397 769 5460 q.
792 5383 815 5442 t.
840 5395 864 5442 s.
888 5397 916 5441 6.
940 5378 960 5442 1.
984 5376 1059 5441 Fiat
1073 5376 1111 5442 u.
1135 5375 1174 5440 D.
1191 5375 1349 5442 Aninione
1372 5375 1435 5441 VII
1457 5373 1521 5438 kal.
1538 5370 1726 5438 Novembris
1749 5390 1777 5435 6.
1793 5375 1919 5451 666616.

512 5566 667 5626 Clementis
684 5566 723 5621 vl
741 5568 767 5623 S.
785 5567 850 5637 Ivsl
870 5571 909 5634 (8)
928 5566 945 5621 1.
966 5567 1017 5621 ta'.
