5184 7050
555 856 598 922 60

554 1065 645 1129 103.
670 1063 848 1137 Prccztans,
871 1065 1035 1147 episcopus
1065 1062 1333 1138 Vratislaer‘cnsis,
1355 1063 1527 1146 supplicat,
1549 1066 1705 1144 quatenns
1738 1059 1800 1124 sior·
1831 1062 2060 1123 conservatores

554 1167 668 1229 dentur
701 1172 731 1228 et
756 1167 906 1247 socrdtcs
940 1167 1041 1231 tribus
1069 1168 1216 1250 personis
1249 1167 1287 1231 dc
1322 1167 1556 1231 sancientibus
1590 1170 1619 1229 ct
1651 1163 1842 1248 praebendis
1875 1161 2063 1246 procidendi

1214 1270 1412 1336 concedatro.

1269 1460 1366 1546 Apso
1395 1459 1636 1534 Vrtlamnooern,
1659 1462 1745 1525 1342
1768 1456 1962 1541 Septembris
1985 1458 2016 1521 9.

658 1650 825 1733 Supplicat
841 1653 871 1718 S.
890 1653 926 1717 V.
943 1653 1114 1718 clemencie
1136 1653 1265 1717 humilis
1287 1652 1309 1717 f.
1327 1672 1355 1715 v.
1380 1652 1559 1729 Preczlaus,
1583 1652 1753 1731 episcopus
1769 1647 2062 1723 Wretislauiensis,

555 1760 714 1836 quatenus
744 1755 773 1819 ei
797 1761 830 1820 et
860 1756 995 1821 ecclesie
1029 1775 1087 1821 sue
1117 1756 1377 1821 Wrutisleuicnsi
1410 1756 1582 1837 dignemini
1616 1755 1790 1820 concedere
1820 1757 2064 1817 conservatores

555 1859 668 1923 saltem
692 1860 858 1942 usquead
882 1861 1130 1943 quinquennium
1154 1862 1185 1925 in
1208 1860 1311 1926 tonna
1330 1859 1456 1924 concilii
1480 1859 1680 1925 Viennensis.

659 1962 734 2028 Fiet
756 1963 793 2028 R.

658 2067 740 2132 Item
763 2069 933 2148 supplicet,
956 2068 1041 2149 quod
1064 2069 1094 2133 ei
1117 2068 1304 2149 providendi
1328 2068 1520 2133 auctoritate
1544 2074 1652 2132 vestra
1673 2067 1707 2132 in
1725 2085 1784 2131 sua
1799 2065 2062 2131 Wrntislauiensi

556 2171 609 2234 uni
633 2189 779 2252 persone,
803 2172 835 2235 in
858 2172 1066 2253 Glogouiensi
1088 2190 1162 2235 vero
1186 2177 1219 2237 ct
1242 2171 1417 2253 Opoliensi,
1441 2170 1718 2235 Wratislauiensis
1746 2169 1892 2247 diocesis,
1916 2168 2063 2233 ecclesiis

556 2276 588 2339 in
608 2276 752 2357 qualibet
768 2276 916 2342 videlicet
936 2278 1077 2358 ipsarum
1093 2277 1148 2339 uni
1163 2294 1299 2358 persone
1316 2276 1450 2353 idoneis
1467 2276 1568 2340 eciam
1585 2274 1666 2338 alies
1681 2273 1889 2351 beneficiatis¹
1907 2270 2064 2353 eligendis

555 2397 613 2459 per
635 2398 716 2457 cum,
741 2381 875 2461 singulis
898 2380 1048 2445 videlicet
1069 2398 1276 2460 personarum
1300 2380 1441 2461 ipserum
1457 2379 1496 2443 de
1512 2379 1647 2458 singulis
1671 2377 1912 2442 canonicatibus
1936 2382 1968 2440 et
1991 2394 2063 2457 pre·

554 2482 667 2546 bendis
700 2483 856 2548 dictarum
888 2483 1104 2562 ecclesiarum,
1136 2502 1205 2547 cum
1233 2484 1458 2563 acceptacione
1481 2489 1552 2558 etc,
1577 2488 1609 2546 et
1632 2482 1696 2545 alia
1719 2481 1867 2559 faciendi,
1891 2499 1953 2563 que
1978 2480 2062 2544 circa

553 2585 613 2651 hec
634 2586 754 2652 fuerint
777 2594 943 2668 oportune,
967 2588 1140 2652 concedere
1163 2586 1335 2668 dignemini
1358 2587 1485 2669 plenam
1509 2591 1542 2650 et
1564 2586 1697 2650 liberam
1719 2584 1916 2651 facultatem.

658 2717 732 2782 Fiat
753 2718 789 2782 R.
814 2719 857 2783 Et
880 2736 904 2783 s
930 2737 958 2783 n.
982 2718 1003 2783 l.
1026 2718 1099 2783 Fiat
1122 2717 1159 2781 R.
1185 2718 1222 2781 D.
1247 2716 1333 2798 apud
1356 2717 1601 2794 Villemnouam,
1625 2715 1662 2780 Α,
1687 2716 1728 2793 d.,
1750 2716 1835 2782 Vid.
1852 2715 2059 2796 Septembris,

556 2840 575 2884 a
598 2841 711 2903 primo.

661 3010 810 3064 ‹freuienns
828 3010 865 3062 vv
884 3009 902 3061 s
922 3009 961 3081 1s1
983 3013 1020 3075 u)
1039 3010 1057 3062 f.
1078 3010 1145 3062 ¹⁸⁷2
1211 3086 1237 3089 ..
1261 3087 1263 3089 ,
1294 3086 1299 3089 ,
1405 3084 1409 3088 .

557 3463 647 3531 104.
672 3461 831 3541 neeriae,
855 3464 999 3548 episcopo
1029 3461 1279 3539 l'ruteslooicnsi,
1311 3462 1490 3529 conceditur
1518 3460 1628 3526 littera
1658 3461 1898 3526 corneruatoriu.
1944 3459 2058 3524 lbrrun

799 3566 895 3631 temne
917 3568 1045 3632 litterae
1065 3569 1101 3633 in
1117 3567 1268 3648 portibus
1290 3568 1417 3630 omissis
1439 3586 1508 3631 cnrn
1529 3588 1560 3632 n.
1584 3569 1628 3632 92
1650 3566 1829 3632 concordat.

600 3679 681 3872 {-
1272 3765 1370 3850 Apud
1402 3766 1639 3841 Villamnorram,
1662 3770 1747 3832 1342
1770 3767 1962 3850 Septembris
1985 3770 2016 3833 9.

656 3994 715 4060 Vv.
738 3993 768 4059 ff.
787 4046 819 4059 ..
844 3992 1050 4058 Cracouiensi
1074 3997 1154 4056 et..
1179 3992 1390 4059 Poznnniensi
1414 3994 1573 4075 episcopis
1604 4012 1642 4058 ac
1669 3993 1697 4057 d.
1721 3993 1793 4058 f...
1818 3993 1928 4058 abbati
1951 4011 2060 4057 mona·

553 4099 643 4163 sterii
677 4098 716 4161 de
748 4097 964 4176 Clavatumbe,
1000 4096 1223 4162 Cracouiensis
1257 4096 1404 4176 diocesis,
1429 4115 1453 4163 s,
1478 4105 1537 4161 etc.
1585 4097 1634 4160 Ad
1657 4097 1717 4161 hoc
1740 4116 1798 4163 nos
1821 4098 1900 4162 deus
1923 4097 2058 4178 pretulit

552 4210 582 4268 in
599 4208 737 4266 familiam
753 4210 854 4266 domus
870 4225 931 4281 suc,
948 4213 980 4264 ut
997 4212 1141 4279 oportuna
1157 4207 1279 4280 singulis
1303 4208 1480 4280 provisionis
1502 4208 1612 4265 auxilia
1635 4206 1729 4265 fidelis
1753 4208 1904 4265 servitutis
1928 4208 2061 4267 iniuncte

552 4314 713 4387 prudencia
735 4331 788 4386 pro
812 4318 941 4385 tempore
965 4311 1180 4384 dispensantes,
1197 4328 1297 4369 eorum
1322 4313 1476 4383 presertim
1499 4311 1724 4369 necessitatibus
1742 4312 1935 4386 intendamus,
1955 4330 2057 4372 occur·

552 4436 650 4476 ramus
674 4417 834 4490 dispendiis
857 4417 994 4488 ipsosque
1018 4416 1055 4473 ab
1078 4415 1330 4487 oppressionibus
1344 4417 1514 4488 relevemus,
1537 4415 1586 4487 qui
1609 4415 1749 4486 assumpti
1775 4416 1803 4472 in
1826 4421 1940 4487 partem
1959 4416 2059 4475 solici-

552 4522 664 4579 tudinis
697 4521 825 4593 pocioris
859 4525 927 4576 sunt
962 4519 1114 4590 dignitatis
1149 4520 1235 4577 titulo
1270 4519 1412 4591 insigniti.
1459 4513 1542 4577 Sane
1577 4531 1604 4574 v.
1629 4511 1649 4575 i.
1674 4532 1703 4577 n.
1728 4512 1881 4590 Preczlai,
1916 4513 2058 4596 episcopi

551 4617 838 4691 Wrntisleuiensis,
863 4616 1089 4696 conquestione
1111 4617 1323 4697 percepimus
1351 4623 1428 4694 quod
1457 4622 1589 4680 nonnulli
1620 4621 1846 4697 archiepiscopi,
1863 4667 1870 4681 .
1889 4666 1896 4680 .
1914 4667 1947 4682 ..
1972 4641 2059 4683 occu·

551 4734 659 4801 parunt
683 4734 712 4786 ct
734 4727 873 4799 occupari
895 4724 1029 4784 iecerunt
1054 4729 1161 4798 castra,
1177 4725 1260 4782 villus
1284 4730 1314 4782 et
1337 4726 1394 4783 alia
1417 4725 1490 4799 loca,
1508 4731 1613 4798 terras,
1629 4727 1739 4799 «lemos,
1754 4726 1966 4800 possessiones,
1983 4727 2060 4803 iura,

552 4833 776 4891 iurisdicciones
810 4847 923 4887 necnon
957 4828 1081 4902 fructuS,
1116 4845 1232 4903 census,
1266 4829 1399 4888 redditus
1434 4836 1463 4887 et
1496 4836 1655 4903 proventus
1686 4835 1715 4887 et
1738 4831 1877 4888 nonnulla
1899 4831 1958 4889 alia
1980 4832 2059 4893 bona

552 4937 672 4995 mobilia
694 4942 724 4993 et
747 4933 909 5007 inmobilia,
932 4932 1100 5005 spiritualia
1123 4939 1152 4989 et
1175 4935 1358 5008 temporalia,
1381 4934 1418 4992 ad
1441 4935 1550 4991 dictum
1573 4935 1741 5007 episcopum
1764 4940 1794 4991 et
1815 4953 1941 4993 mensam
1978 4953 2061 4997 suam

552 5042 747 5114 episcopalem
770 5037 1043 5095 tl'ratislauienscm
1067 5039 1245 5111 spontaneis,
1276 5044 1306 5096 et
1336 5055 1370 5096 ea
1405 5038 1537 5096 detinent
1568 5039 1699 5097 indebite
1734 5028 1879 5112 occupata
1892 5084 1899 5099 .
1917 5084 1925 5099 .
1943 5085 1976 5101 ..
2000 5060 2058 5102 non

551 5142 720 5217 formidant,
744 5143 836 5200 cidem
848 5138 873 5214 ⁸)
897 5141 1035 5214 episcopo
1050 5134 1075 5214 ¹)
1099 5159 1187 5213 snper
1210 5142 1319 5200 eisdem
1343 5143 1458 5215 castris,
1474 5142 1551 5200 villis
1568 5147 1598 5199 et
1613 5142 1686 5200 locis
1702 5142 1779 5216 aliis,
1796 5143 1895 5217 terris,
1913 5143 2058 5221 domibus,

550 5246 796 5319 possessionibus,
812 5246 926 5303 iuribus
950 5251 980 5302 et
1003 5244 1271 5320 iurisdiccionibus,
1288 5245 1445 5319 fructibus,
1462 5246 1608 5318 censibus,
1625 5245 1789 5305 redditibus
1813 5253 1842 5304 et
1864 5251 2057 5319 proventibus

551 5349 707 5406 eorundem
730 5353 761 5404 et
784 5348 1003 5419 quibuscunque
1027 5348 1093 5405 aliis
1117 5347 1201 5406 bonis
1225 5349 1381 5407 mobilibus
1405 5355 1435 5406 et
1457 5348 1656 5421 inmobilibus,
1673 5350 1876 5421 spiritualibus
1899 5358 1930 5409 et
1946 5357 2058 5426 tempo·

551 5452 672 5525 ralibns,
705 5442 778 5524 acb)
813 5451 880 5507 aliis
915 5450 1002 5508 rebus
1036 5451 1073 5508 ad
1108 5451 1225 5509 eosdem
1256 5453 1423 5525 episcopum
1454 5457 1483 5508 et
1506 5468 1633 5510 mensam
1656 5453 1858 5523 spectantibus
1881 5455 2058 5529 multiplices

550 5557 699 5615 molestias
733 5563 762 5614 et
796 5554 920 5612 iniurias
954 5552 1087 5613 inferunt
1119 5560 1149 5612 et
1183 5556 1328 5627 iacturas;
1363 5573 1453 5628 quare
1484 5555 1581 5614 dictus
1613 5558 1768 5630 episcopus
1800 5558 1885 5617 nobis
1908 5559 2059 5619 humiliter

549 5660 735 5734 supplicavit,
758 5665 800 5733 ut,
825 5675 889 5716 cum
913 5657 969 5715 sibi
993 5658 1076 5715 valde
1101 5658 1242 5715 reddatur
1266 5658 1386 5718 difficile
1408 5677 1463 5732 pro
1487 5660 1608 5734 singulis
1639 5663 1766 5733 querelis
1797 5662 1834 5719 ad
1863 5663 2057 5735 apostolicum

544 5764 643 5822 serlum
666 5763 774 5820 habere
797 5778 959 5836 recursum,
982 5763 1137 5833 providere
1161 5761 1217 5819 sibi
1242 5780 1331 5835 super
1354 5763 1409 5821 hoc
1433 5769 1556 5835 paterna
1580 5764 1736 5836 diligencia
1769 5782 1949 5825 curaremus.
1994 5768 2056 5826 Nos
