5184 7050
1990 863 2050 941 aa
2124 961 2131 968 ‚

549 1064 716 1149 Dourslaw,
743 1065 1016 1137 Wratislauicnsis
1039 1066 1185 1154 diocesis,
1209 1080 1344 1140 vacante
1367 1093 1405 1139 ex
1428 1090 1477 1155 eo,
1498 1071 1583 1158 quod
1599 1074 1703 1144 Lutlro
1720 1073 1759 1143 de
1776 1076 1907 1162 Culpen,
1924 1081 2054 1149 ultimus

545 1177 633 1241 dicte
667 1176 802 1240 ecclesie
836 1194 893 1241 seu
927 1177 1074 1258 plebanie
1104 1180 1269 1261 plebanus
1304 1182 1477 1245 cantoriam
1509 1182 1643 1247 ecclesie
1667 1189 1776 1249 sancte
1802 1184 1912 1251 Crucis
1936 1187 2054 1252 Wrati-

545 1280 727 1357 slauiensis,
751 1300 813 1362 que
837 1281 975 1362 dignitas
999 1282 1116 1360 existit,
1140 1284 1247 1348 extitit
1269 1291 1446 1365 assecutus,
1472 1286 1642 1367 dignemini
1674 1287 1868 1369 confirmare,
1901 1293 2001 1357 eciam
2025 1292 2052 1356 si

545 1385 633 1450 dicta
669 1385 806 1450 ecclesia
838 1404 895 1449 seu
930 1385 1078 1466 plebanis
1110 1387 1142 1450 in
1174 1387 1331 1452 Domslaw
1362 1389 1404 1453 sit
1433 1389 1597 1455 collacioni
1621 1392 1795 1472 apostolice
1818 1396 2054 1476 quomodolibet

545 1496 719 1567 reservata,
742 1490 985 1568 nonobstante,
1008 1490 1092 1571 quod
1114 1491 1183 1572 ipse
1207 1493 1427 1555 canonicatum
1443 1499 1475 1557 et
1490 1495 1683 1575 prebendam
1707 1497 1842 1563 ecclesie
1865 1499 2054 1565 Lubicensis

546 1595 679 1671 obtinet,
703 1613 774 1658 cuni
797 1593 870 1657 aliis
893 1612 954 1657 uon
977 1594 1175 1658 obstantibus
1200 1602 1233 1659 et
1256 1595 1409 1661 clausulis
1433 1599 1606 1678 oportunis.

651 1697 723 1762 Fiat
746 1698 782 1762 R.

652 1803 733 1868 Item
756 1807 913 1884 quatenus
935 1803 1150 1885 preihctorum
1173 1805 1310 1870 omnium
1334 1824 1467 1871 examen
1494 1807 1684 1872 remittatur.
1730 1809 1802 1873 Fiat
1826 1810 1862 1873 R.
1908 1812 1951 1876 Et
1973 1831 2004 1894 q.
2029 1818 2052 1879 t.

547 1928 573 1972 s.
597 1927 627 1971 a.
651 1907 671 1971 l.
719 1907 792 1972 Fiat
814 1907 850 1972 R.
897 1908 936 1973 D.
960 1907 1117 1973 Aninione
1141 1909 1167 1972 V
1191 1909 1232 1973 id.
1256 1895 1335 1975 Julii
1360 1928 1388 1975 a.
1414 1911 1545 1975 ‹lecimo

652 2044 801 2098 Clementis
818 2044 854 2096 Vl
874 2044 900 2097 S.
920 2044 968 2098 ΧΗ
991 2049 1046 2109 (tl)
1064 2044 1082 2096 f.
1102 2051 1143 2098 63.

1196 2163 1402 2173 ἡ..--

543 2377 667 2444 1359.
699 2376 919 2440 Praescrrtatio
942 2380 972 2440 et
994 2378 1151 2440 institutio
1175 2378 1329 2443 Patrocle
1351 2379 1559 2460 Kanaeadors
1578 2379 1616 2444 de
1643 2380 1846 2463 parrochiali
1868 2380 1997 2446 ecclesia
2020 2383 2055 2447 ia

600 2534 637 2549 -
862 2502 865 2507 ’
1027 2480 1191 2547 Domslaw
1206 2484 1323 2561 factae
1344 2483 1580 2566 confirmaretur.

591 2603 650 2656 .x.
946 2670 948 2673 Ι
1552 2589 1716 2668 Aoiniane,
1745 2591 1825 2655 1351
1850 2589 1936 2657 Jutti
1958 2592 2007 2657 11.

647 2724 687 2789 Ι).
710 2724 731 2789 i.
755 2724 850 2790 Petro
874 2723 913 2787 de
937 2720 1134 2802 Cuntindort,
1157 2724 1294 2807 plebano
1317 2726 1525 2808 parrochialis
1547 2728 1684 2794 ecclesie
1707 2730 1739 2794 in
1763 2731 1923 2811 Donslaw,
1936 2730 2054 2796 Wrati-

544 2829 718 2895 sianiensis
752 2829 898 2907 diocesis
929 2846 954 2891 s.
985 2831 1045 2892 etc.
1091 2828 1267 2893 Laudabile
1290 2832 1506 2896 testimonium
1530 2884 1612 2897 ....
1637 2834 1719 2899 Sane
1743 2835 1858 2916 peticio
1882 2855 1938 2917 pro
1961 2841 2054 2918 parte

542 2941 602 2998 tua
626 2934 716 2999 uobis
738 2951 842 3014 nuper
864 2932 1007 2998 exhibita
1030 2933 1223 3009 continebat,
1247 2933 1331 3015 qnod
1354 2940 1388 2999 tu
1413 2934 1535 3000 dudum
1562 2938 1791 3017 parrochialem
1822 2939 1991 3005 ecclesiam
2021 2941 2055 3005 in

543 3036 1006 3116 Domslaw,W1·atislauionsis
1030 3037 1175 3114 diocesis
1200 3055 1238 3100 ex
1262 3056 1300 3101 eo
1324 3045 1500 3118 vacantem,
1524 3041 1609 3122 quod
1633 3043 1662 3107 d.
1686 3043 1707 3108 f.
1731 3044 1840 3108 Lucko
1864 3044 1903 3108 de
1920 3044 2052 3128 Calpen,

542 3149 657 3208 cantor
679 3141 814 3206 ecclesie
838 3146 947 3204 sancte
972 3139 1084 3205 Crucis
1107 3141 1391 3222 Wratislauiensis,
1414 3150 1490 3208 tunc
1511 3145 1627 3210 dictam
1643 3147 1871 3227 parrochialem
1887 3148 2053 3214 ecclesiam

543 3248 704 3324 obtinens,
739 3245 911 3310 cantoriam
946 3245 1088 3309 eiusdem
1122 3245 1258 3310 ecclesie
1291 3252 1401 3311 sancte
1436 3247 1556 3326 Crucis,
1592 3269 1653 3331 que
1674 3251 1813 3332 dignitas
1837 3253 1954 3333 existit,
1977 3258 2053 3319 tunc

541 3357 720 3428 vacantem,
744 3350 895 3415 canonice
918 3350 979 3415 sibi
1003 3349 1159 3428 collatam,
1184 3350 1315 3432 pacifice
1337 3353 1447 3417 existit
1469 3359 1646 3433 assecutus,
1663 3354 1740 3420 nulli
1761 3356 1800 3420 de
1817 3357 1885 3422 iure
1903 3357 2051 3438 debitam,

540 3459 634 3524 fuisti
659 3454 833 3519 abeodem
856 3459 994 3534 cantore,
1019 3472 1093 3519 vero
1124 3459 1256 3537 patrono
1286 3456 1388 3539 ipsius
1420 3456 1553 3523 ecclesie
1587 3460 1796 3541 parrochialis
1830 3461 1986 3526 existente
2021 3463 2052 3527 in

541 3561 679 3645 pacifica
702 3560 907 3643 possessione
928 3558 978 3623 vcl
997 3560 1089 3640 quasi
1105 3561 1311 3641 presentandi
1326 3567 1483 3626 rectorem
1498 3563 1539 3627 ad
1554 3564 1687 3629 eandem
1704 3564 1880 3645 ecclesiam,
1897 3587 1925 3631 v.
1942 3567 1963 3631 f.
1980 3587 2010 3633 n.
2026 3619 2051 3632 ..

542 3668 696 3751 episcopo
719 3664 977 3730 Wratislauicnsi
1001 3664 1084 3729 inira
1114 3671 1240 3748 tempus
1271 3666 1445 3749 legitimum
1477 3670 1626 3733 canonice
1658 3674 1870 3750 presentatus,
1904 3671 2053 3753 idemque

541 3773 715 3855 episcopus
736 3774 770 3834 te
793 3770 826 3834 in
848 3769 959 3834 eadem
981 3769 1172 3851 parrochiali
1196 3769 1333 3834 ecclesia
1357 3770 1495 3836 instituit
1529 3773 1560 3836 in
1594 3771 1773 3854 plebanum.
1821 3773 1900 3838 Cum
1934 3781 2051 3855 cutem,

540 3878 630 3943 sicut
651 3876 736 3940 dicta
759 3874 876 3957 peticio
900 3873 1121 3956 subiungebat,
1144 3880 1179 3938 tu
1203 3875 1316 3939 timeas
1340 3875 1477 3964 eandem
1493 3875 1723 3958 parrochialem
1754 3876 1921 3943 ecclesiam
1951 3879 2052 3949 fnisse

541 3990 688 4063 tempore
721 3978 973 4062 presentecionis
1007 3985 1039 4043 et
1073 3978 1287 4043 institucionis
1320 3978 1500 4046 huiusmodi
1535 3980 1741 4062 disposicioni
1768 3982 1854 4046 sedis
1877 3984 2052 4065 apostolice

540 4090 750 4163 reservatam,
774 4089 807 4149 et
829 4087 998 4164 propterca
1021 4088 1054 4148 te
1078 4100 1172 4163 posse
1195 4100 1292 4165 super
1315 4101 1354 4147 ea
1377 4085 1582 4165 imposterum
1601 4086 1779 4151 molestari:
1803 4104 1870 4166 noe,
1888 4088 2051 4154 carissime

542 4194 580 4257 in
603 4189 730 4256 Cinisto
752 4188 818 4253 filie
841 4192 949 4252 nostre
971 4186 1150 4265 Elizabeth,
1174 4189 1283 4270 regino
1307 4188 1447 4270 Vngarie
1470 4189 1614 4267 illustris,
1637 4189 1728 4254 nobis
1751 4208 1847 4271 super
1869 4190 1929 4257 hoc
1951 4192 2052 4259 humi-

541 4296 619 4360 liter
641 4294 860 4377 supplicantis,
884 4312 921 4358 ac
943 4292 1007 4357 tuis
1029 4293 1063 4356 in
1085 4291 1144 4356 hac
1166 4298 1258 4374 parte
1281 4292 1573 4375 supplicacionibus
1597 4293 1751 4372 inclinati,
1772 4294 1917 4361 volumus
1934 4302 1967 4360 et
1983 4296 2051 4375 tibi,

544 4400 658 4482 quiin
681 4398 817 4464 ecclesia
839 4397 1021 4463 Lubucensi
1047 4397 1265 4462 canonicatum
1288 4402 1321 4461 et
1344 4398 1536 4479 prebendam
1559 4397 1693 4476 obtines,
1717 4399 1892 4480 apostolica
1915 4402 2053 4465 auctori-

544 4510 614 4568 tate
649 4502 860 4580 concedimus
895 4503 979 4582 qnod
1014 4503 1214 4583 presentacio
1248 4507 1281 4566 et
1309 4503 1476 4567 institucio
1507 4502 1690 4584 supradicte
1713 4507 1746 4565 et
1769 4521 1955 4585 quecunque
1978 4505 2052 4570 inde

544 4614 658 4674 secuta
692 4606 823 4689 perinde
858 4605 987 4670 valeant
1021 4612 1053 4670 et
1087 4606 1213 4687 plenam
1247 4607 1411 4671 obtineant
1441 4607 1563 4671 roboris
1594 4606 1785 4687 firmitatem,
1809 4626 1847 4672 ac
1869 4609 1896 4673 si
1920 4609 1959 4673 de
1982 4610 2052 4692 ipsa

547 4711 740 4796 parrochiali
763 4709 900 4774 ecclesia
921 4708 1010 4773 nulla
1032 4728 1090 4791 per
1113 4729 1171 4775 nos
1193 4712 1344 4792 specialis
1367 4713 1545 4775 reservacio
1568 4711 1653 4776 facta
1675 4711 1766 4777 foret.
1790 4712 1878 4777 Nulli
1894 4732 1967 4796 ergo
1991 4719 2050 4780 etc.

543 4822 653 4882 nostre
675 4816 848 4881 voluntatis
872 4820 905 4879 et
927 4815 1140 4880 concessionis
1162 4815 1334 4899 infringere
1358 4822 1418 4881 etc.
1443 4817 1482 4880 D.
1499 4816 1656 4881 Aninione
1672 4817 1699 4880 V
1716 4816 1757 4879 id.
1773 4815 1794 4881 J
1797 4817 1853 4881 ulii
1874 4837 1902 4881 a.
1919 4817 2050 4911 decima.

650 4970 799 5025 Clementis
817 4969 855 5023 Vl
874 4972 907 5023 Α.
926 4969 979 5039 xla
1000 4973 1072 5037 (118)
1090 4969 1109 5023 f.
1128 4972 1197 5037 229',
1208 4970 1242 5024 de
1260 4969 1383 5038 indultis,
1401 4971 1551 5039 privilegiis
1565 4978 1593 5025 et
1611 4970 1865 5040 dispensationibus
1883 4989 1929 5041 qn.
1950 4978 2007 5024 l:
2019 4972 2051 5027 V.

542 5066 594 5113 211
615 5059 633 5114 l.
653 5064 703 5113 loo
721 5076 746 5112 n.
766 5062 824 5112 aba.

1194 5166 1401 5175 ———

541 5340 664 5406 1360.
691 5337 810 5401 Paulus
832 5335 888 5423 [dc
908 5335 1148 5423 Jucpcrudorfj,
1166 5337 1380 5401 ‹arrabassiator
1395 5337 1557 5416 Ludouici,
1580 5338 1663 5418 repis
1688 5338 1857 5418 llaprcriae,
1881 5337 2049 5421 supplicat,

914 5445 950 5504 at
972 5440 1131 5505 marcellis
1150 5441 1295 5523 personis
1317 5442 1443 5522 prutiae
1466 5442 1684 5506 coraccdrmtur.

1548 5545 1711 5620 Aristona,
1735 5547 1819 5609 1351
1844 5544 1929 5613 Jalii
1951 5550 2003 5611 11.

646 5670 811 5753 Supplicat
834 5670 865 5736 S.
890 5670 926 5733 V.
951 5669 1084 5733 devotus
1108 5674 1215 5732 vester
1236 5674 1343 5732 orator
1365 5668 1492 5746 Paulae,
1517 5669 1716 5732 ambaxiator
1732 5666 1837 5731 clevoti
1853 5687 1881 5731 v.
1899 5666 1919 5731 f.
1933 5667 2050 5731 domini

542 5775 709 5854 Ludouici,
733 5776 818 5857 regis
842 5775 981 5856 Vngarie
1014 5820 2049 5837 ......................................
