5184 7050
1864 880 1922 944 701

416 1085 583 1150 Benedicti
618 1091 651 1149 et
686 1084 908 1150 Cisterciensis
931 1084 1087 1163 ordinum,
1111 1091 1143 1149 et
1174 1085 1300 1150 domum
1332 1083 1467 1150 fratrum
1489 1084 1609 1149 ordinis
1632 1087 1874 1151 Predicatorum
1897 1088 1930 1151 in

415 1189 579 1254 suburbiis
602 1188 711 1272 oppidi
735 1188 886 1254 chrudim
909 1195 943 1254 at
969 1188 1114 1254 eiusdem
1136 1189 1245 1271 oppidi
1268 1193 1379 1255 sancte
1404 1187 1525 1268 Crucis,
1556 1190 1657 1255 sancti
1688 1190 1787 1255 Marci
1818 1189 1929 1256 Roaia-

416 1293 501 1373 witz,
532 1292 655 1372 dolucz,
686 1294 879 1375 Lepyouitz,
910 1293 1131 1371 Triesanssitz,
1165 1292 1329 1372 Ghlumelr,
1360 1311 1442 1357 nova
1473 1293 1585 1360 civitas
1608 1294 1789 1360 Porduwitz
1812 1294 1928 1360 ibidem

417 1416 489 1463 cum
501 1395 590 1463 filiali
602 1397 784 1477 Tunchaad
798 1397 988 1477 Hostowicz,
1002 1397 1194 1477 Czazamicz,
1207 1397 1349 1477 Dassicz,
1362 1397 1536 1477 Morauaii,
1549 1397 1717 1482 Slepoticz,
1731 1399 1928 1479 Grostowita,

414 1502 547 1584 Tyneta
569 1501 772 1581 Ywanowitz,
795 1502 980 1587 Trayauitz,
997 1501 1126 1581 Sescok,
1147 1502 1280 1585 Oaplitz,
1297 1502 1458 1581 Honwicz,
1474 1502 1615 1582 Rossioz,
1631 1503 1837 1568 Podlasohicz
1857 1522 1928 1568 curn

417 1604 507 1672 filiali
531 1605 705 1684 Ghrosticz,
730 1604 901 1686 Costeletz,
925 1606 1075 1686 Oeletaw,
1102 1606 1267 1688 Gampnitz
1290 1625 1361 1671 cum
1384 1605 1474 1671 filiali
1506 1606 1546 1671 ad
1577 1612 1720 1672 sanctum
1751 1607 1927 1687 Nicolaum,

416 1711 627 1793 Slassauyrk,
649 1711 837 1793 Byecowan,
862 1713 966 1797 Syetz,
990 1712 1188 1791 Simenberlr,
1211 1709 1323 1790 Slatin,
1347 1711 1508 1791 Swidnitz,
1533 1712 1738 1796 Lyeyboricz,
1759 1712 1927 1794 Rayanow,

417 1815 556 1895 Gomirk,
581 1815 771 1894 Chirbatow,
795 1817 989 1896 Pnthobrad,
1013 1817 1141 1894 Sauran,
1166 1815 1368 1894 Moraschitz,
1402 1815 1520 1895 Costel,
1553 1815 1773 1895 Hermanstut,
1804 1816 1928 1895 Micon,

416 1921 637 2000 Hostalawitz,
660 1919 790 2004 Stayetz
806 1927 839 1987 et
854 1922 971 1989 Switan
989 1923 1021 1986 in
1038 1920 1272 2000 Gbmdimensi,
1288 1939 1326 1984 ac
1341 1920 1467 1985 domum
1483 1920 1616 1986 fratrum
1632 1921 1753 1986 ordinis
1769 1921 1928 1986 Minorum

416 2043 541 2092 necnon
574 2025 683 2108 oppidi
714 2026 905 2106 Altamauta,
937 2024 1162 2104 Wratislawia,
1186 2024 1341 2104 Radhost,
1364 2024 1545 2103 Hwherstk,
1569 2024 1739 2107 Platynitz,
1763 2024 1943 2112 Hryeditz,

415 2131 544 2213 Helytz,
578 2130 690 2196 Robna
723 2150 793 2197 cum
828 2130 902 2210 iilia,
936 2131 1106 2197 Hostestin
1139 2149 1208 2195 curn
1242 2128 1346 2211 filia·)
1379 2129 1545 2211 Sampritu,
1576 2129 1728 2209 Poloticz,
1764 2130 1928 2195 submersa

419 2234 558 2302 ecclesia
587 2235 784 2314 Hermanitz,
822 2237 950 2315 Ellrota,
984 2234 1138 2318 Slupnitz,
1169 2234 1392 2314 Mladoschaw,
1432 2234 1591 2317 Kinyraw,
1629 2234 1759 2313 Buczin,
1797 2233 1928 2314 Macou,

418 2341 617 2419 Kochowicz‚
652 2340 822 2422 Bozydom,
857 2341 1037 2418 Borsclricr,
1071 2339 1234 2422 Srepnick,
1272 2340 1419 2418 Pharatz,
1458 2339 1587 2405 Grenna
1620 2339 1775 2421 superior,
1811 2340 1928 2417 Lazan,

417 2445 552 2527 Hippea,
585 2444 788 2524 Bauakavcu,
823 2445 1002 2527 Czepanov‚
1036 2443 1206 2524 lenowicz,
1241 2445 1356 2522 liucza,
1380 2443 1544 2523 Wolaticz,
1567 2443 1792 2522 lenschowitz,
1817 2443 1928 2508 Came·

417 2548 513 2614 nicka
535 2554 568 2614 et
590 2548 787 2615 Suaratauia
810 2549 842 2612 in
866 2548 1022 2614 Muttonsi
1044 2567 1081 2613 ac
1105 2548 1212 2631 oppidi
1235 2548 1386 2614 Policzka
1410 2553 1442 2613 et
1464 2548 1649 2615 Stremusna
1668 2568 1737 2613 cum
1753 2546 1818 2612 filia
1833 2548 1929 2612 Lata-

416 2653 524 2732 uallia,
558 2653 696 2737 Vygesd,
732 2653 912 2732 Girccwicz,
943 2653 1146 2718 Lutherbach
1177 2671 1247 2718 cum
1270 2652 1336 2718 iilia
1359 2653 1511 2733 Strenicz,
1535 2653 1749 2719 Abbatisuilla
1772 2671 1842 2717 cum
1865 2652 1930 2718 filia

415 2759 698 2839 l'beodoriciuilla,
733 2759 958 2838 Guntzendarl,
993 2758 1121 2843 Bystrel
1155 2777 1226 2822 cnm
1260 2757 1326 2823 lilia
1360 2759 1499 2841 Tripina,
1534 2758 1928 2838 Pu1·cherlons,Kar0ma,

417 2865 568 2944 Bononia,
603 2864 787 2942 Morassicu,
822 2862 968 2940 landoni,
1002 2863 1199 2945 Karelsptun
1234 2882 1305 2929 cunr
1338 2862 1404 2928 filia
1438 2864 1470 2927 in
1502 2863 1675 2943 Blumnaw,
1710 2861 1930 2941 Lanuendorf,

418 2970 554 3051 Banyna
585 2987 655 3034 cum
685 2968 751 3034 filia
781 2968 942 3047 Rohozna,
973 2967 1176 3033 Albertiuilla
1207 2968 1239 3032 in
1270 2967 1438 3048 Policenai,
1461 2987 1584 3033 necnon
1606 2969 1716 3051 oppidi
1737 2968 1929 3044 Lantskron,

417 3074 586 3153 Gribouia,
621 3074 792 3152 Luchama,
825 3073 986 3152 Tamdori,
1021 3072 1229 3151 Gumbisfeld,
1263 3073 1450 3153 Gribowicz,
1484 3074 1631 3157 Rytauia,
1665 3070 1929 3149 Willrelrnswerd,
1960 3151 1966 3164 .

418 3176 658 3260 Knappandorl,
682 3177 838 3257 Libental,
860 3177 1084 3256 Cuntzendori‚
1100 3176 1312 3256 Miclrelstori,
1329 3176 1515 3261 Ruffaaqua,
1532 3178 1773 3262 (lytriclrspaclu
1789 3176 1930 3242 liudolfi-

417 3283 500 3349 nilla
523 3287 555 3348 et
578 3283 722 3349 Gablona
751 3282 971 3365 parrochiales
994 3283 1146 3348 ecclesias
1177 3283 1208 3347 in
1239 3280 1516 3369 Lantsk[r]onensi
1546 3284 1753 3348 decanatibus
1776 3282 1930 3366 predictis

417 3389 633 3454 consistentes
664 3405 734 3452 cum
764 3405 872 3451 eornm
902 3388 1025 3453 iuribus
1055 3392 1088 3452 et
1117 3389 1325 3470 pertinenciis
1357 3389 1515 3453 universis
1546 3389 1649 3453 eidem
1672 3386 1930 3454 Luthonrnslensi

418 3493 559 3559 ecclesie
593 3510 650 3575 pro
684 3491 804 3557 diocesi
839 3493 1013 3574 assignare,
1050 3492 1253 3575 incorporare
1286 3498 1320 3558 et
1351 3494 1440 3559 unire
1462 3495 1697 3577 imperpetuum
1720 3492 1929 3575 dignaremur,

418 3602 519 3682 prout
542 3598 574 3662 in
597 3598 781 3680 patentibus
810 3598 927 3662 litteris
959 3597 1032 3662 inde
1064 3596 1226 3677 confectis
1258 3597 1414 3662 dictorum
1445 3597 1676 3679 archiepiscopi
1706 3596 1875 3679 Pragensis
1899 3600 1931 3659 et

416 3702 563 3785 episcopi
586 3700 861 3768 Luthomuslansis
884 3722 920 3767 ac
943 3701 1113 3785 Pragensis
1136 3708 1169 3768 et
1191 3702 1466 3769 Luthomuslonsis
1490 3702 1701 3784 capitulorum
1717 3701 1931 3784 predictorum

416 3807 535 3890 sigillis
557 3807 697 3885 munitis,
721 3826 854 3889 quarum
877 3812 1006 3873 tenores
1029 3807 1069 3871 de
1092 3808 1189 3872 verbo
1205 3807 1245 3872 ad
1262 3807 1394 3873 verbum
1410 3808 1441 3871 in
1457 3807 1659 3888 presentibus
1675 3806 1773 3871 inseri
1788 3806 1949 3883 lecimus,

417 3912 548 3995 plenius
571 3912 761 3976 continetur.
784 3911 851 3976 Nos
875 3911 1103 3990 desiderantes,
1127 3912 1212 3995 quod
1235 3930 1284 3990 ea,
1308 3930 1371 3993 que
1395 3912 1591 3976 concorditer
1624 3917 1656 3975 et
1686 3911 1817 3991 provide
1848 3911 1931 3974 circa

418 4017 483 4081 hec
504 4014 591 4080 iacta
614 4020 698 4093 sunt,
722 4016 846 4081 illibata
869 4018 1050 4099 persistant,
1074 4016 1278 4082 accolentes
1301 4016 1480 4081 huiusmodi
1500 4014 1693 4101 [negocium]
1706 4013 1732 4095 l)
1755 4015 1931 4097 perducere

416 4121 462 4186 ad
479 4119 620 4185 debitum
635 4122 839 4185 execuoionis
855 4120 1013 4201 ellectum,
1027 4122 1144 4186 clerum
1161 4128 1194 4187 et
1211 4121 1371 4204 populum,
1384 4122 1588 4201 monasteria,
1604 4121 1713 4185 domos
1729 4127 1762 4185 et
1778 4119 1931 4185 ecclesias

418 4224 621 4309 parochiales
644 4226 836 4306 supradicta,
860 4245 922 4308 qua
945 4230 978 4290 et
1001 4230 1095 4308 prout
1111 4228 1143 4291 in
1158 4227 1278 4291 eisdem
1302 4226 1517 4308 predictorum
1532 4226 1773 4308 archiepiscopi,
1789 4224 1931 4306 episcopi

416 4328 697 4397 Luthomuslansis
720 4349 757 4395 ac
780 4330 949 4413 Pragensis
970 4336 1005 4397 et
1035 4331 1310 4397 Luthomuslansis
1342 4330 1553 4414 capitulorum
1583 4330 1699 4395 litteris
1731 4330 1932 4394 declarantur

417 4439 455 4499 et
471 4434 687 4517 designantur,
704 4453 775 4499 curn
791 4454 900 4500 eorum
917 4436 1038 4500 iuribus
1054 4440 1087 4501 et
1110 4436 1317 4518 pertinenciis
1340 4435 1497 4500 universis
1520 4436 1559 4499 ab
1583 4435 1695 4499 eadem
1718 4433 1837 4498 diocesi
1857 4433 1932 4498 Pra-

416 4539 513 4623 gensi
536 4538 728 4603 auctoritate
747 4539 892 4620 predicta
907 4539 1076 4605 dividimus
1092 4547 1125 4605 et
1139 4539 1282 4605 totaliter·
1297 4558 1482 4622 separamus
1498 4545 1531 4604 et
1546 4541 1584 4604 ab
1601 4540 1684 4603 omni
1700 4538 1931 4615 iurisdiccione,

416 4643 634 4721 subiecciona,
658 4642 795 4707 dominio
818 4650 852 4708 et
874 4649 1035 4725 potestate
1058 4644 1247 4710 diocesanea
1278 4645 1491 4726 predictorum
1526 4643 1767 4725 archiepiscopi,
1802 4641 1932 4724 capituli

416 4754 455 4815 et
478 4746 615 4813 ecclesie
637 4747 808 4830 Prageusis
831 4749 997 4814 eximimus
1020 4755 1054 4814 et
1076 4750 1175 4814 eciam
1199 4749 1371 4815 liberamus
1405 4749 1538 4832 ipsaque
1570 4748 1687 4813 clerum
1719 4749 1751 4811 et
1781 4745 1933 4829 populum

415 4872 459 4919 ac
483 4851 687 4930 monasteria,
711 4850 820 4916 domos
844 4856 876 4917 et
899 4853 1053 4917 ecclesias
1077 4871 1147 4919 cum
1163 4872 1271 4919 eorum
1288 4853 1411 4918 iuribus
1426 4857 1459 4916 et
1475 4852 1681 4933 pertinenciis
1699 4852 1932 4933 imperpetuum

417 4955 546 5023 eisdem
568 4956 718 5037 episcopo
741 4960 774 5020 et
796 4956 931 5021 ecclesie
955 4958 1212 5023 Lntlromuslensi
1236 4977 1292 5039 pro
1321 4958 1439 5022 diocesi
1469 4958 1666 5034 assignamus
1697 4960 1729 5020 ct
1760 4954 1932 5020 eorundem

419 5060 569 5144 episcopi
585 5065 618 5125 et
632 5059 770 5125 ecclesie
786 5061 1062 5127 Luthomuslansis
1078 5062 1303 5141 iurisdiccioni,
1321 5062 1524 5140 subieccioni,
1542 5060 1678 5125 dominio
1695 5066 1728 5125 et
1744 5061 1894 5141 potestati
1909 5061 1934 5131 ⁰)

416 5168 583 5250 perpetuo
605 5164 841 5244 summittimus,
865 5165 1075 5231 decernentes
1099 5165 1218 5231 clerum
1241 5170 1274 5229 et
1297 5164 1458 5248 populum,
1482 5164 1676 5229 monasteria
1691 5169 1724 5228 et
1740 5163 1848 5229 domos
1862 5181 1933 5244 pre-

416 5270 510 5337 dicta
532 5287 603 5333 cunr
625 5268 745 5333 eisdem
768 5270 890 5334 iuribus
914 5274 946 5334 ct
969 5270 1175 5352 pertinenciis
1191 5269 1293 5334 eidem
1311 5270 1459 5351 episcopo
1476 5272 1509 5333 et
1523 5267 1659 5333 ecclesie
1675 5268 1933 5333 Lutlromuslansi

415 5378 580 5461 perpetuo
604 5373 736 5438 subesse
759 5379 792 5437 et
814 5373 980 5439 subiacere
1003 5374 1129 5453 debere,
1161 5374 1425 5455 quemadmodum
1456 5373 1609 5455 predictis
1639 5373 1877 5454 archiepiscopo
1901 5377 1934 5435 et

415 5477 560 5547 ecclesie
593 5478 748 5561 Pragensi
781 5484 856 5542 anta
891 5478 1087 5556 divisionem,
1122 5478 1359 5560 separacionem
1394 5483 1427 5541 et
1464 5477 1715 5560 assignaciouem
1752 5476 1933 5541 huiusmodi

415 5584 578 5652 suberant
600 5588 633 5648 et
655 5582 756 5647 eciam
779 5582 997 5664 subiacebunt,
1020 5602 1057 5648 ac
1080 5583 1205 5647 irritum
1229 5587 1262 5647 at
1277 5582 1381 5660 inane,
1398 5581 1425 5645 si
1443 5599 1536 5646 secus
1552 5581 1725 5664 superbiis
1741 5601 1760 5646 a
1776 5600 1933 5663 quoquam

415 5688 537 5774 quavis
560 5687 751 5752 auctoritate
774 5687 913 5752 scienter
935 5687 987 5752 vel
1010 5688 1191 5768 ignoranter
1218 5686 1385 5768 contigerit
1416 5686 1608 5767 attemptari.
1654 5687 1795 5751 Teuores
1826 5691 1932 5750 antero

416 5794 582 5859 dictarum
605 5790 782 5855 litterarum
809 5790 891 5854 tales
916 5797 1006 5856 sunt:
1049 5790 1255 5857 sanctissimo
1279 5790 1310 5853 in
1335 5789 1462 5855 Christo
1486 5791 1569 5872 patri
1594 5796 1626 5855 ot
1649 5790 1783 5868 domino,
1808 5790 1932 5853 domino
