5184 7050
1866 815 1931 880 423

417 1018 669 1096 rescribendum,
692 1020 775 1101 quod
800 1018 903 1085 relata
933 1020 994 1085 sibi
1024 1038 1121 1102 super
1151 1020 1305 1102 predictis
1334 1037 1411 1084 vera
1441 1038 1502 1085 non
1537 1018 1744 1084 credebamus
1779 1020 1927 1096 existere,

417 1123 511 1188 immo
536 1123 726 1188 tenebamus
749 1143 806 1205 pro
829 1129 927 1203 certo,
950 1124 1034 1205 quod
1057 1131 1185 1206 poterat
1208 1125 1248 1189 de
1270 1129 1338 1202 tua,
1361 1123 1406 1189 lili
1429 1124 1602 1202 carissime,
1626 1130 1659 1196 et
1674 1123 1769 1188 electi
1793 1123 1928 1204 predicti

416 1227 571 1306 amicicia,
594 1225 812 1293 benivolencia
835 1233 869 1293 et
891 1228 999 1294 lavore
1021 1247 1161 1310 sperare,
1194 1229 1274 1293 velit
1303 1235 1360 1294 tua
1390 1246 1561 1310 quesumus
1594 1227 1787 1294 excellencia
1819 1227 1928 1293 taliter

416 1330 510 1395 nobis
543 1330 617 1395 inde
647 1331 833 1408 rescribere,
868 1332 952 1413 quod
986 1332 1089 1415 ipsum
1123 1333 1258 1398 reddere
1289 1333 1447 1415 possimus
1478 1333 1543 1397 tuis
1576 1333 1714 1415 receptis
1743 1349 1840 1414 snper
1868 1331 1927 1396 hoc

415 1432 535 1499 litteris
558 1435 738 1500 cerciorem.
763 1434 912 1501 Ceterum
935 1434 1158 1514 intelleximus,
1182 1435 1266 1517 quod
1290 1435 1471 1500 Ludouicus
1502 1434 1542 1499 de
1564 1434 1705 1499 Bauaria
1728 1435 1760 1498 in
1783 1434 1927 1515 partibus

416 1538 607 1603 Lombardie
622 1539 781 1604 amicicias
797 1543 831 1603 et
846 1538 1123 1605 confederationes
1140 1544 1299 1622 procurat,
1317 1558 1411 1622 quam
1427 1540 1466 1604 ob
1485 1558 1550 1604 rem
1567 1537 1737 1603 admodum
1752 1538 1926 1622 expediens

415 1642 637 1721 crederemus„
653 1643 738 1724 quod
760 1647 806 1721 tu,
829 1642 875 1708 fili
898 1642 1115 1722 dilectissime,
1146 1663 1184 1710 ac
1214 1643 1358 1725 prefatus
1389 1643 1510 1708 electus
1541 1643 1752 1724 preveniretis
1780 1643 1926 1720 eundem,

415 1764 617 1828 summopere
639 1747 861 1814 nichilominus
883 1748 1092 1828 precavendo,
1116 1767 1155 1812 ne
1177 1747 1240 1812 hiis
1269 1748 1466 1830 temporibus
1496 1747 1603 1812 verbis
1625 1746 1677 1810 vel
1700 1746 1792 1811 iactis
1816 1764 1928 1828 provo-

414 1851 534 1915 caretis
563 1850 798 1932 quomodolibet
826 1858 991 1931 magnates
1021 1853 1072 1917 vel
1103 1852 1182 1917 alios
1213 1852 1253 1917 de
1284 1853 1428 1934 partibus
1460 1851 1660 1935 supradictis.
1707 1853 1746 1917 D.
1770 1851 1927 1916 Aninione

416 1955 469 2020 llI
491 1954 555 2020 kal.
580 1957 716 2038 Augusti
740 1975 768 2020 a.
792 1956 913 2036 quinto.

523 2195 673 2250 clementis
691 2195 730 2249 VI
754 2195 785 2249 V.
813 2201 861 2249 140
886 2199 965 2264 (secr.
985 2212 1008 2249 a
1028 2195 1063 2262 V)
1089 2197 1106 2250 i.
1131 2203 1161 2250 71
1182 2213 1209 2252 ιι.
1228 2202 1286 2252 ²94.
1317 2227 1349 2237 —-
1376 2197 1401 2263 ⁸)
1423 2197 1584 2265 ,uotiuoam‘
1608 2196 1640 2250 V.
1680 2197 1703 2264 b)
1734 2195 1813 2251 deest
1838 2197 1866 2250 in
1885 2196 1926 2263 V,

418 2281 513 2352 suppl.
525 2282 566 2337 ab
586 2282 700 2337 editore.
719 2313 752 2322 -
771 2282 821 2336 Ed.
843 2283 932 2338 Vatilr.
952 2284 1046 2336 Akten
1063 2300 1090 2338 u.
1109 2289 1186 2352 2290,
1204 2284 1290 2339 Rau.
1309 2284 1348 2338 1v
1365 2301 1391 2338 n.
1411 2289 1487 2337 2235.

422 2946 514 3013 709.
539 2944 730 3024 Baldwinus
754 2944 1008 3029 archiepiscopos
1034 2947 1243 3021 Treocrensis,
1265 2950 1406 3028 rogatur,
1430 2951 1585 3029 quarente
1610 2946 1767 3028 Uareiam,
1788 2951 1928 3030 nepotem

619 3071 721 3125 suum,
745 3049 779 3114 in
801 3070 904 3131 regem
926 3052 1141 3116 Romanorum
1163 3051 1303 3126 electum,
1328 3051 1481 3115 adiacere
1503 3071 1565 3116 non
1586 3050 1729 3116 ἀεείείαί.

1424 3241 1588 3316 Adeone,
1612 3243 1700 3307 1346
1720 3241 1806 3309 Jalii
1826 3244 1880 3307 30.

519 3432 558 3497 V.
582 3431 604 3496 i.
627 3432 801 3510 Baldwino,
825 3433 1063 3514 archiepiscopo
1079 3433 1279 3499 'lheuerensi
1296 3432 1507 3498 Exultacione
1523 3434 1668 3498 immensi
1683 3433 1800 3516 repleti
1815 3432 1923 3514 gaudii

416 3539 598 3604 audivimus
621 3538 812 3603 eleccionem
837 3538 876 3602 de
900 3539 1062 3603 carissimo
1086 3539 1118 3602 in
1141 3538 1269 3604 Christo
1292 3538 1313 3603 i.
1337 3557 1367 3603 n.
1392 3537 1516 3618 Garolo,
1539 3545 1655 3620 nepote
1676 3543 1742 3619 tuo,
1762 3540 1795 3603 in
1816 3556 1923 3623 regem

413 3643 639 3720 Romanorum,
664 3642 909 3725 promovendum
932 3643 964 3707 in
988 3644 1219 3725 imperatorem,
1243 3644 1355 3721 electo,
1371 3642 1471 3708 fuisse
1486 3643 1660 3709 solenniter
1675 3651 1708 3710 et
1724 3643 1922 3709 concorditer

413 3748 618 3826 celebratam,
650 3747 763 3812 exinde
793 3748 918 3829 gracias
948 3748 1118 3812 immensas
1150 3747 1327 3837 referentes
1366 3748 1521 3812 altissimo
1552 3752 1585 3812 et
1617 3752 1673 3813 tue
1709 3748 1920 3814 iratemitatis

411 3852 706 3935 magnanimitatem
728 3857 761 3916 et
782 3851 1016 3931 liberalitatem,
1039 3870 1119 3934 quas
1142 3853 1226 3918 circa
1247 3852 1404 3935 premissa
1425 3858 1458 3917 te
1481 3853 1619 3941 gessisse
1642 3853 1826 3919 notabiliter
1846 3872 1919 3936 per·

412 3958 567 4041 cepimus,
591 3957 810 4040 multipliciter
839 3958 872 4020 in
902 3958 1027 4022 domino
1058 3957 1323 4022 commendantes.
1368 3956 1452 4024 Sane
1482 3958 1557 4038 quia
1589 3958 1654 4022 tuis
1677 3963 1710 4022 et
1732 3958 1843 4023 domus
1866 3964 1922 4023 tue

411 4062 588 4129 honoribus
610 4067 644 4127 et
666 4061 837 4127 commodis
860 4062 970 4143 reique
993 4062 1124 4126 utilitati
1154 4061 1280 4144 publice
1310 4061 1443 4125 multum
1474 4062 1616 4126 noscitur
1646 4062 1806 4145 expedire,
1838 4062 1921 4146 quod

411 4168 582 4250 negocium
603 4166 784 4232 huiusmodi
808 4167 853 4231 sic
870 4172 996 4248 ceptum
1019 4185 1171 4250 prospere
1188 4166 1293 4231 divine
1309 4167 1416 4249 gracie
1431 4172 1622 4247 cooperante
1636 4168 1755 4232 virtute
1778 4168 1922 4250 operosis

412 4271 672 4337 solicitudinibus
702 4289 803 4352 usque
835 4269 877 4335 ad
906 4270 1138 4352 perleccionem
1168 4271 1319 4336 fulciatur
1346 4269 1494 4349 votivam,
1529 4272 1663 4336 eandem
1691 4271 1922 4337 fraternitatem

411 4395 563 4460 rogamus
586 4382 620 4441 et
640 4375 806 4440 hortamur
827 4380 959 4453 attente,
983 4379 1141 4457 quatenus
1165 4376 1211 4440 sic
1234 4376 1420 4441 continuare
1449 4376 1600 4440 virtuosis
1619 4393 1771 4459 procures
1797 4375 1921 4454 studiis,

411 4481 500 4564 quod
522 4480 647 4562 cepisti,
671 4479 755 4562 quod
777 4478 818 4543 ad
840 4480 966 4544 laudem
990 4484 1023 4543 et
1044 4480 1196 4545 honorem
1218 4479 1316 4545 divini
1338 4479 1482 4559 nominis
1506 4480 1553 4545 rei
1576 4480 1701 4562 publice
1725 4481 1921 4546 commodum

412 4587 524 4652 actui
547 4591 582 4650 et
602 4590 729 4650 tuorum
751 4583 879 4649 honoris
901 4590 1104 4667 augmentum
1126 4585 1307 4651 huiusmodi
1328 4585 1493 4667 negocium
1517 4584 1642 4650 felicem
1665 4603 1867 4668 progressum
1890 4591 1923 4650 et

410 4692 556 4758 votivum
571 4691 691 4756 exitum
706 4690 872 4754 sorciatur.
895 4690 962 4754 Nos
984 4696 1091 4754 autem
1107 4696 1140 4754 et
1155 4691 1291 4755 ecclesia
1315 4690 1418 4771 parati
1440 4707 1549 4754 sumus
1571 4689 1744 4772 superbiis
1759 4691 1921 4770 assistere,

410 4801 568 4879 quantum
591 4813 662 4859 cum
684 4794 744 4858 deo
768 4799 801 4859 et
815 4794 982 4859 honestate
1005 4795 1189 4875 poterimus,
1205 4794 1323 4878 graciis
1346 4799 1380 4859 et
1401 4794 1562 4860 favoribus
1584 4796 1758 4877 oportunis.
1783 4797 1822 4861 D.
1843 4799 1879 4859 ut
1895 4813 1920 4860 s.

409 4899 588 4986 [Aninione
610 4899 661 4965 111
683 4899 747 4965 hal.
770 4899 908 4982 Augusti
930 4917 958 4963 a.
982 4899 1116 4984 quinto]
1127 4900 1151 4981 ¹)
1188 4923 1191 4929 ¹

519 5137 670 5193 Clementis
687 5138 726 5192 Vl
744 5137 775 5191 V.
796 5144 846 5192 140
864 5141 943 5208 (secr.
962 5152 987 5191 a.
1005 5136 1041 5204 V)
1059 5138 1079 5193 f.
1097 5144 1128 5192 71
1148 5154 1175 5193 n.
1193 5143 1253 5193 295.v
1280 5167 1314 5180 -
1341 5138 1391 5192 Ed.
1416 5138 1507 5193 Vatilr.
1527 5140 1620 5194 Akten
1637 5156 1664 5193 n.
1682 5145 1760 5209 2291,
1778 5140 1863 5195 RBM.
1882 5139 1921 5193 IV

408 5245 437 5284 n.
456 5232 537 5284 2286.
556 5257 589 5267 -
610 5228 630 5274 ¹l
650 5233 680 5281 ut
697 5226 726 5280 in
751 5227 782 5281 V.
809 5232 858 5280 140
881 5242 908 5280 ιι.
927 5232 985 5280 294.
1193 5236 1195 5240 ·
1309 5236 1312 5244 ’
