5184 7050
541 857 608 923 418

547 1067 637 1132 702.
661 1062 808 1141 Carolus,
825 1064 859 1126 ia
880 1084 983 1144 repom
1009 1064 1221 1127 llomonoram
1241 1063 1367 1137 electas,
1382 1061 1555 1145 supplicat,
1571 1068 1726 1145 quotenus
1744 1060 1900 1144 magistro
1919 1059 2052 1141 munte

543 1168 626 1233 dicto
648 1170 745 1233 Lcsse
775 1167 813 1231 de
842 1167 1032 1231 canonicatu
1060 1171 1090 1230 et
1115 1166 1300 1250 praebendo
1330 1166 1365 1231 ia
1394 1166 1528 1232 ecclesio
1559 1166 1743 1232 Treuereasi
1772 1165 1964 1231 uocantibus
1979 1185 2052 1249 pro-

1218 1270 1375 1335 cideotm

1553 1374 1716 1452 Acium,
1740 1376 1829 1440 1346
1849 1373 1937 1442 Juiii
1958 1378 2010 1439 22.

647 1592 812 1675 Supplicat
835 1593 865 1659 S.
890 1592 927 1658 V.
951 1592 1175 1657 devotissimus
1197 1594 1219 1659 f.
1242 1612 1272 1656 v.
1296 1592 1444 1672 Karolus,
1475 1593 1506 1656 in
1538 1611 1643 1676 regem
1674 1592 1886 1657 Romanorum
1921 1591 2052 1666 electus,

545 1702 703 1779 quatenus
727 1698 787 1762 sibi
810 1697 842 1762 in
858 1715 1026 1780 personam
1051 1697 1159 1763 dilecti
1175 1696 1387 1762 etfamiliaris
1411 1696 1568 1778 capellani
1592 1699 1641 1762 sui
1663 1695 1807 1780 magistri
1831 1694 1958 1761 liudolfi
1979 1695 2052 1760 dicti

543 1801 653 1881 Losse,
677 1800 823 1867 officialis
845 1801 1030 1885 principalis
1054 1801 1141 1866 curie
1156 1802 1373 1880 Treuerensis,
1390 1821 1429 1866 ex
1453 1800 1583 1867 militari
1607 1802 1757 1884 prosapia
1771 1800 1872 1883 geniti
1888 1805 1924 1865 et
1939 1801 1972 1865 in
1987 1801 2053 1864 iure

543 1906 649 1989 periti,
667 1905 839 1989 specialem
854 1907 993 1989 graciam
1009 1905 1173 1983 iacientes
1186 1906 1290 1971 cidem
1304 1907 1343 1971 de
1356 1907 1545 1972 canonicatu
1561 1912 1594 1972 et
1605 1906 1768 1990 prebenda
1784 1904 1923 1971 ecclesie
1938 1906 2055 1971 Treue-

545 2011 658 2089 rensis,
675 2011 861 2076 vacantibus
884 2009 968 2093 apud
991 2009 1100 2074 sedem
1124 2011 1330 2092 apostolicam
1347 2030 1404 2092 per
1420 2011 1540 2076 obitum
1564 2029 1622 2075 seu
1644 2010 1777 2075 liberam
1799 2008 2051 2092 resignacienem

542 2115 701 2198 quondam
724 2114 886 2197 Raynardi
917 2115 957 2179 de
981 2114 1191 2197 Westirburg,
1223 2115 1367 2180 eiusdem
1399 2116 1533 2181 ecclesie
1564 2116 1706 2181 canonici
1738 2113 1939 2196 prebendati,
1963 2114 1994 2179 S.
2020 2113 2053 2178 V.

544 2219 712 2301 capellani,
744 2219 824 2284 alias
855 2224 945 2283 extra
975 2219 1096 2283 curiam
1126 2218 1319 2298 decedentis,
1352 2239 1421 2285 cum
1453 2220 1652 2301 plenitudine
1675 2221 1753 2285 iuris
1779 2219 1924 2284 canonici
1949 2218 2055 2299 digne

545 2325 623 2389 mini
652 2323 830 2406 providere,
861 2342 923 2388 non
954 2324 1154 2389 obstantibus
1185 2325 1315 2389 statutis
1346 2329 1378 2389 et
1409 2325 1690 2390 consuetudinibus
1725 2324 1896 2389 contrariis
1928 2323 2055 2405 quibus·

545 2447 679 2510 cunque,
703 2428 804 2493 eciam
827 2428 854 2493 si
878 2427 917 2493 de
940 2426 1024 2493 lacto
1049 2446 1105 2509 per
1127 2426 1223 2492 alium
1247 2433 1430 2509 occupetur,
1447 2434 1480 2494 et
1502 2429 1586 2511 quod
1608 2428 1693 2493 idem
1716 2426 1872 2494 Redollus
1896 2429 1930 2492 in
1954 2426 2051 2493 sancti

548 2533 693 2598 Castoris
718 2531 930 2597 cardonensis
954 2537 987 2596 et
1003 2530 1203 2597 Continentia
1226 2535 1259 2595 et
1281 2532 1315 2596 in
1338 2537 1447 2597 sancte
1471 2533 1574 2598 Mario
1598 2533 1778 2599 Isnacensis
1802 2531 1961 2609 ecclesiis,
1981 2532 2054 2596 Tre

547 2637 692 2702 ucrensis
715 2641 748 2700 et
771 2636 1025 2718 Maguntineusis
1048 2635 1232 2715 diocesium,
1256 2637 1460 2702 canonicatus
1483 2644 1516 2702 et
1535 2637 1713 2719 prebendas
1736 2642 1769 2701 et
1784 2637 1817 2700 in
1834 2635 1921 2700 dicta
1938 2635 2054 2701 Cardo·

546 2741 639 2807 uensi
662 2741 802 2807 cantorie
826 2739 958 2822 simplex
978 2738 1120 2804 'officium
1144 2738 1288 2805 obtinere
1313 2746 1345 2805 et
1368 2742 1571 2807 canonicatus
1594 2742 1652 2807 sub
1674 2740 1904 2822 expectacione
1924 2740 2056 2823 preben-

549 2845 659 2911 darum
677 2847 710 2910 in
726 2846 828 2911 sancti
846 2844 965 2910 Florini
982 2842 1186 2909 Confluencie
1203 2849 1235 2909 et
1250 2846 1352 2910 sancti
1367 2846 1494 2911 Paulini
1517 2851 1728 2911 extramuros
1744 2847 1965 2911 Treuerenses
1981 2848 2013 2908 et
2027 2843 2054 2906 in

545 2950 802 3033 Mwenburgensi
826 2969 897 3015 cum
919 2949 1085 3030 dignitate,
1109 2956 1281 3031 personatu
1305 2950 1357 3015 vel
1380 2949 1483 3016 officie
1508 2970 1578 3016 cum
1603 2970 1679 3016 cura
1701 2949 1751 3016 vel
1775 2951 1846 3015 sine
1870 2968 1949 3014 cura
1971 2948 2053 3012 etin

546 3054 734 3138 Maguntina
757 3054 903 3119 ecclesiis
927 3054 1146 3119 canonicatum
1170 3060 1203 3118 et
1226 3054 1420 3136 prebendam
1445 3075 1516 3120 cum
1532 3055 1689 3121 decanatu
1705 3055 1909 3137 impetrasse,
1926 3060 1960 3117 et
1974 3051 2051 3134 quod

546 3177 643 3242 super
665 3159 820 3224 decanatu
852 3158 987 3223 ecclesie
1018 3158 1121 3223 sancti
1151 3159 1282 3224 Martini
1305 3159 1523 3238 Wesalieusis,
1554 3159 1639 3225 dicte
1668 3158 1879 3224 Treuerensis
1911 3156 2050 3232 diocesis,

546 3263 672 3346 litigare
694 3264 845 3342 noscitur,
877 3282 948 3328 cum
979 3262 1123 3327 omnibus
1152 3261 1224 3326 aliis
1258 3282 1320 3329 uon
1351 3264 1554 3329 obstantibus
1584 3269 1618 3329 et
1646 3263 1800 3329 clausulis
1831 3262 1997 3344 oportunis
2021 3265 2049 3324 et

548 3369 782 3433 executoribus.

650 3524 723 3589 Fiat
745 3524 781 3588 R.
819 3524 862 3589 Et
884 3543 913 3605 q.
938 3529 961 3587 t.
985 3540 1010 3587 s.
1035 3542 1061 3587 a.
1087 3523 1106 3587 l.
1147 3523 1219 3587 Fiat
1241 3523 1278 3587 R.
1314 3525 1353 3589 D.
1378 3523 1534 3588 Auiniene
1558 3524 1604 3588 XI
1628 3523 1691 3587 kal.
1716 3523 1855 3606 Augusti
1877 3542 1907 3588 a.
1935 3521 2041 3604 quinta

651 3764 801 3820 Clementis
819 3764 857 3817 VI
875 3764 901 3819 S.
921 3764 974 3833 Vsa
993 3769 1047 3829 cll)
1066 3762 1084 3817 l.
1103 3766 1155 3818 96'.

547 4322 638 4388 703.
667 4320 840 4395 Jctaanes,
871 4342 927 4385 rea
957 4320 1137 4398 Botemiuc,
1168 4318 1336 4403 supplicat,
1360 4324 1515 4401 quotenus
1537 4319 1682 4385 Jotcnnt
1703 4319 1742 4383 dc
1766 4317 1907 4385 Celebrio
1922 4318 2029 4399 fractus

546 4444 585 4488 ex
607 4424 763 4507 beneficiis
785 4426 852 4488 suis
876 4424 1011 4489 indebite
1033 4424 1149 4507 recepti
1167 4423 1371 4487 rentittuatar
1387 4428 1417 4487 ct
1432 4424 1531 4486 eidem
1550 4423 1788 4507 praepositura,
1806 4417 2030 4487 cononicotasd

544 4529 731 4612 praebenda
757 4529 954 4593 Treuerensis
978 4550 1016 4592 oc
1039 4528 1244 4592 cottonicotus
1266 4532 1296 4591 ct
1313 4527 1497 4610 praebendo
1527 4529 1632 4592 sorrcti
1663 4526 1797 4591 Paulini
1830 4533 1923 4593 extro
1950 4537 2031 4589 marte·

890 4634 1092 4697 Treocretases
1115 4631 1318 4697 ecclesiaram
1340 4632 1378 4694 de
1399 4653 1475 4695 coco
1498 4635 1716 4710 couterentur.

1554 4802 1717 4883 Aciaioae,
1741 4807 1831 4869 1346
1852 4803 1938 4873 Julit
1958 4808 2003 4868 22.

652 5020 814 5103 Significat
837 5021 867 5086 S.
891 5020 928 5084 V.
952 5019 1086 5084 devotus
1109 5019 1130 5083 f.
1154 5037 1182 5082 v.
1206 5018 1378 5097 Johannes,
1402 5038 1456 5083 rex
1480 5021 1620 5098 Boemie,
1653 5020 1738 5102 quod
1768 5021 1844 5085 olim
1876 5021 2036 5086 carissimus

547 5143 626 5191 suus
648 5124 812 5190 lohannes
835 5124 875 5189 de
899 5123 1056 5202 Celebric,
1080 5124 1134 5204 qui
1158 5124 1198 5186 dc
1220 5124 1342 5205 magnis
1372 5124 1531 5188 nobilibus
1562 5126 1659 5188 traxit
1697 5126 1862 5207 originem,
1888 5133 1922 5190 et
1943 5126 1994 5207 qui
2012 5136 2036 5183 a·

546 5248 655 5295 omnes
679 5230 728 5292 sui
751 5228 854 5292 eidem
877 5229 944 5310 regi
967 5228 1066 5292 multa
1089 5234 1122 5291 et
1146 5226 1253 5291 fidelia
1284 5229 1437 5309 obsequia
1467 5229 1678 5309 prestiterunt
1710 5234 1743 5291 et
1774 5229 1881 5295 adhuc
1906 5231 2039 5311 prestant,

547 5334 714 5400 ecclesiam
744 5332 974 5414 panucbialem
1005 5332 1044 5396 de
1077 5331 1217 5409 Belualn,
1256 5332 1464 5396 Treuerensis
1496 5333 1642 5412 diocesis,
1676 5333 1706 5396 in
1738 5334 1855 5398 minori
1888 5340 1974 5399 etate
2000 5346 2042 5415 per

545 5438 656 5518 plures
679 5454 778 5501 anrrcs
801 5437 957 5514 obtinens,
979 5437 1011 5499 in
1026 5436 1216 5499 Treuerensi
1240 5435 1411 5514 ecclesia·)
1435 5436 1654 5512 canonicatum
1671 5442 1704 5500 et
1720 5437 1929 5518 prebendam,
1946 5434 2044 5502 deinde

547 5542 714 5605 ecclesiam
738 5540 966 5621 parrochialem
990 5540 1029 5602 de
1054 5537 1202 5617 Censton,
1234 5540 1317 5603 dicte
1349 5539 1496 5616 diocesis,
1528 5559 1622 5620 quam
1654 5548 1766 5621 postea
1799 5543 1997 5620 permutauit
2016 5536 2046 5604 ad

547 5644 768 5708 canonicatum
792 5650 825 5707 et
840 5643 1033 5724 prebendam
1057 5643 1192 5706 ecclesie
1215 5643 1318 5705 sancti
1342 5642 1465 5706 Paulini
1490 5649 1579 5706 extra
1604 5662 1710 5707 nurros
1734 5644 1965 5723 Treuerenses,
1985 5648 2047 5711 iteur

548 5748 779 5830 parrochialem
804 5747 970 5812 ecclesiam
994 5747 1033 5810 de
1058 5745 1213 5825 Gelobrio‚
1238 5746 1373 5810 diocesis
1397 5746 1549 5827 predicte,
1571 5753 1603 5811 et
1625 5748 1861 5829 subsequenter
1886 5752 2050 5816 cantoriam
