5184 7050
2005 713 2066 778 129

557 915 664 994 gracia
686 915 901 997 providentes,
925 916 1080 981 decimam
1103 918 1241 982 omniurn
1265 917 1554 983 ecclesiasticorum
1582 924 1792 999 proventuum
1815 924 1849 983 ct
1870 920 2064 994 reddituum,

561 1019 590 1082 in
606 1018 771 1100 Pragensi,
784 1018 987 1085 olomucensi
1004 1027 1036 1086 ct
1053 1020 1313 1086 Wratislauiensi
1329 1022 1513 1086 civitatibus
1529 1028 1562 1088 et
1577 1022 1757 1087 diocesibus
1773 1040 1894 1086 necnon
1915 1024 2065 1087 comitatu

559 1122 828 1204 Lucemburgensi
851 1123 891 1187 ad
915 1129 947 1188 te
971 1128 1136 1206 spectante
1160 1124 1414 1203 consistencium,
1437 1142 1539 1205 usque
1559 1124 1599 1188 ad
1615 1129 1735 1189 certum
1750 1130 1877 1207 tempus
1893 1125 2066 1189 concedere

559 1224 771 1307 dignaremur.
817 1225 883 1291 Nos
917 1227 1016 1308 igitur
1049 1228 1300 1305 considerantes
1334 1227 1418 1308 quod
1449 1227 1593 1292 eiusdem
1615 1227 1758 1291 Romane
1780 1228 1915 1295 ecclesie
1937 1229 2066 1294 honoris

559 1327 702 1392 defensio
726 1329 759 1392 in
780 1328 841 1393 hac
862 1335 955 1412 parte
977 1332 1131 1413 tangitur,
1155 1337 1188 1395 et
1210 1336 1277 1394 tum
1302 1331 1341 1395 ob
1364 1330 1424 1394 hoc
1439 1337 1507 1396 tum
1522 1349 1579 1413 pro
1595 1332 1660 1396 tuis
1675 1334 1709 1394 et
1724 1330 1920 1396 subditorum
1939 1336 2065 1396 tuorum

559 1430 713 1513 predictis
742 1433 979 1515 gravaminibus
1008 1434 1190 1499 relevandis
1220 1453 1258 1499 ac
1288 1454 1345 1516 pro
1376 1421 1560 1499 defensione
1590 1434 1746 1499 dictorum
1772 1436 1872 1517 regni,
1906 1441 2064 1500 terrarum

559 1535 814 1600 atsubditorum
848 1542 974 1602 tuorum
1008 1543 1118 1603 contra
1152 1538 1345 1617 invasiones,
1380 1539 1553 1618 molestias,
1577 1540 1798 1621 aggressiones
1821 1543 1855 1603 et
1877 1539 2066 1605 offensiones

559 1637 699 1703 hostium
729 1639 902 1703 eorundem
923 1639 1068 1705 volentes
1091 1644 1124 1705 te
1148 1642 1179 1704 in
1202 1642 1262 1706 hac
1285 1647 1378 1723 parte
1400 1642 1563 1708 favoribus
1587 1647 1619 1706 et
1642 1642 1771 1707 auxiliis
1793 1643 1943 1725 prosequi
1975 1662 2066 1724 opor-

559 1743 657 1825 tunis,
681 1743 747 1807 tuis
770 1744 1063 1825 supplicacionibus
1087 1745 1231 1809 inclinati
1254 1744 1294 1808 de
1317 1744 1451 1811 fratrum
1474 1748 1651 1810 nostrornm
1676 1746 1808 1810 consilio
1830 1747 1890 1811 tibi
1914 1746 2067 1811 decimam

560 1846 699 1911 onmium
722 1846 1011 1912 ecclesiasticorum
1033 1853 1244 1930 proventuum
1267 1853 1300 1913 et
1322 1849 1503 1913 reddituum
1528 1848 1752 1932 predictorum,
1773 1851 1806 1913 in
1829 1851 2013 1916 civitatibus
2035 1856 2069 1916 et

559 1950 741 2016 diocesibus
764 1970 802 2015 ac
826 1953 977 2015 comitatu
1000 1951 1154 2032 predictis
1177 1953 1433 2031 consistencium,
1450 1953 1638 2035 exigendam
1661 1957 1693 2017 et
1716 1952 1925 2034 colligendam
1942 1955 1983 2019 ab
2000 1955 2068 2019 uni-

560 2054 663 2119 versis
683 2054 932 2136 archiepiscopis
956 2059 988 2120 et
1012 2056 1171 2137 episcopis
1194 2057 1374 2138 ceterisque
1396 2057 1542 2138 personis
1565 2056 1793 2120 ecclesiasticis
1816 2057 2067 2140 quibuscunque,

559 2157 760 2223 secularibus
783 2164 815 2222 et
838 2159 1048 2241 regularibus,
1072 2160 1228 2240 exemptis
1252 2162 1285 2223 et
1307 2178 1370 2223 non
1385 2161 1551 2239 exemptis,
1567 2160 1599 2223 in
1614 2159 1735 2223 eisdem
1751 2159 1935 2224 civitatibus
1951 2166 1984 2225 at
1999 2160 2066 2225 diu-

560 2262 688 2326 cesibus
712 2280 749 2325 ac
772 2263 923 2326 comitatu
947 2261 1091 2328 redditus
1115 2268 1148 2327 et
1170 2269 1343 2345 proventus
1365 2263 1546 2329 huiusmodi
1573 2264 1800 2342 obtinentibus,
1823 2270 2068 2346 quantacunque

562 2364 766 2447 prefulgeant
789 2365 945 2446 dignitate
961 2384 1018 2431 seu
1031 2367 1247 2449 cuiuscunque
1269 2368 1493 2449 preminencie,
1513 2367 1707 2432 condicionis
1731 2374 1787 2433 aut
1810 2372 1924 2446 status,
1947 2368 2068 2433 ordinis

560 2469 610 2532 vel
640 2469 804 2551 religionis
835 2471 987 2548 existant,
1019 2471 1134 2551 quibus
1165 2476 1198 2535 et
1224 2490 1333 2536 eorum
1356 2472 1452 2536 alicui
1475 2470 1563 2537 nulla
1586 2471 1753 2554 privilegia
1775 2471 1826 2536 vel
1848 2471 2069 2554 indulgencias

561 2573 620 2637 sub
654 2590 845 2653 quacunque
879 2573 1045 2637 verborum
1078 2572 1182 2638 forma
1216 2573 1265 2637 vel
1296 2574 1502 2654 expressione
1536 2592 1687 2639 concessa
1721 2575 1866 2639 velumus
1889 2574 2067 2656 suffragari,

564 2681 770 2756 preterquam
802 2677 841 2741 ab
872 2677 992 2742 eisdem
1023 2676 1177 2742 fratribus
1204 2679 1331 2755 nostris,
1356 2683 1466 2741 sancte
1499 2676 1641 2742 Romane
1675 2679 1811 2743 ecclesie
1844 2678 2070 2757 cardinalibus,

562 2779 737 2861 dignitates
761 2798 817 2843 sen
842 2780 906 2844 alia
928 2780 1084 2844 beneficia
1107 2780 1327 2845 ecclesiastica
1350 2798 1537 2861 quecunque
1561 2800 1629 2844 curn
1654 2799 1731 2845 cura
1753 2781 1804 2845 vel
1827 2781 1896 2845 sine
1919 2799 1995 2846 cura
2012 2798 2067 2846 seu

562 2901 767 2964 quoscunque
796 2883 941 2948 redditus
973 2889 1005 2948 et
1034 2887 1208 2964 preventus
1242 2883 1477 2948 ecclesiasticos
1512 2885 1543 2948 in
1577 2884 1816 2966 episcopatibus
1850 2886 1883 2947 et
1916 2885 2068 2949 comitatu

561 2987 716 3067 predictis
739 2987 966 3066 obtinentibus,
990 2988 1045 3068 qui
1069 2988 1100 3051 iu
1124 2988 1336 3052 solicitudinis
1359 2993 1484 3068 partem
1507 2989 1661 3069 assumpti
1692 2989 1856 3053 nobiscum
1879 2987 2069 3052 universalis

562 3089 697 3153 ecclesie
732 3109 829 3154 onera
864 3091 1054 3169 sarciuntur,
1090 3109 1211 3154 necnon
1241 3108 1260 3153 a
1291 3090 1342 3155 dd.
1366 3088 1396 3154 n.
1414 3139 1446 3154 ..
1471 3090 1623 3171 magistro
1654 3096 1687 3154 et
1716 3089 1871 3154 fratribus
1900 3088 2069 3170 hospitalis

561 3194 663 3257 sancti
687 3193 845 3258 Johannis
867 3194 1130 3273 ierosolimorum,
1154 3196 1209 3276 qui
1232 3198 1343 3258 contra
1365 3194 1475 3257 hostes
1495 3192 1569 3256 fidei
1586 3192 1760 3257 christiane
1776 3198 1938 3274 exponunt
1954 3193 2070 3274 iugiter

560 3316 595 3360 se
620 3303 652 3361 ct
675 3315 743 3375 sua,
766 3316 847 3378 quos
869 3316 978 3362 omnes
1001 3317 1021 3361 a
1043 3298 1244 3379 prestacione
1267 3296 1448 3361 huiusmodi
1472 3296 1593 3360 decime
1625 3301 1788 3377 exemptos
1819 3312 1890 3360 esse
1923 3294 2068 3360 volumus

560 3405 593 3465 et
629 3401 795 3480 immunes,
830 3420 932 3483 usque
963 3403 1004 3466 acl
1034 3403 1195 3466 biennium
1226 3420 1244 3465 a
1277 3401 1354 3465 data
1385 3399 1585 3480 presencium
1609 3399 1854 3481 computandum
1879 3399 2069 3463 auctoritate

561 3504 738 3587 apostolica
760 3510 872 3571 tenore
894 3507 1094 3587 presencium
1118 3505 1265 3569 duximus
1288 3503 1531 3577 concedendam,
1555 3501 1698 3567 volentes
1725 3503 1927 3567 exaccionem
1950 3507 1982 3567 et
2005 3502 2069 3568 col-

560 3608 733 3674 leccionem
757 3610 940 3674 huiusmodi
963 3610 1084 3674 decime
1108 3611 1139 3674 in
1162 3610 1347 3674 civitatibus
1370 3613 1403 3671 et
1425 3608 1606 3672 diocesibus
1622 3625 1659 3671 ac
1675 3608 1828 3672 comitatu
1844 3606 1995 3686 predictis
2012 3625 2070 3688 per

561 3732 609 3776 vv.
626 3711 657 3777 n.
675 3703 762 3777 nn..'.
779 3713 1014 3795 Pragensem1)
1037 3720 1103 3778 et..
1129 3714 1371 3778 Olomuccnscm
1385 3710 1409 3791 2)
1433 3729 1504 3774 ac..
1530 3707 1866 3790 Wratislauiensemb
1889 3710 2067 3791 episcopos,

559 3834 641 3899 quos
665 3816 807 3899 singulos
830 3818 864 3881 in
886 3818 1021 3900 singulis
1044 3837 1151 3882 eorum
1175 3816 1359 3881 civitatibus
1383 3820 1416 3878 et
1438 3813 1628 3893 diocesibus,
1651 3832 1773 3877 necnon
1797 3813 1847 3877 dd.
1872 3812 1939 3878 r...
1963 3814 2066 3879 sancti

559 3920 697 3986 liuberti
721 3926 755 3985 et
770 3971 802 3984 ..
828 3928 938 3988 sancte
961 3921 1064 3987 Marie
1088 3923 1119 3985 in
1142 3919 1390 3998 Luccmbourch,
1411 3919 1599 3984 Leodiensis
1615 3924 1648 3983 et
1663 3919 1870 3983 Treuerensis
1886 3918 2068 3997 diecesium,

557 4024 826 4091 monasteriorum
860 4026 995 4090 abbates
1029 4045 1066 4089 ac
1082 4076 1114 4089 ..
1150 4024 1407 4090 archidiaconum
1440 4022 1715 4103 Treuereusem,⁴)
1751 4040 1830 4103 quos
1861 4023 1893 4086 in
1917 4024 2067 4088 comitatu

555 4128 705 4211 predicto
729 4129 918 4193 collectores
940 4128 1119 4194 huiusmodi
1143 4129 1265 4192 decime
1286 4146 1345 4208 per
1369 4126 1450 4191 alias
1473 4130 1599 4192 nostras
1621 4126 1748 4191 litteras
1770 4126 1955 4207 specialiter
1970 4125 2068 4207 depu-

556 4240 679 4311 tamus,
700 4236 766 4297 tam
790 4252 810 4297 a
833 4250 868 4298 se
891 4234 971 4316 ipsis
993 4252 1089 4315 quarn
1120 4235 1160 4299 ab
1195 4233 1341 4297 omnibus
1374 4230 1632 4313 archiepiscopis,
1666 4230 1825 4312 episcopis
1859 4234 1892 4293 et
1924 4230 2069 4308 personis

555 4336 638 4402 aliis
671 4336 909 4416 ecclesiasticis,
943 4338 1141 4402 secularibus
1176 4343 1208 4401 et
1241 4334 1441 4419 regularibus
1471 4334 1723 4416 quibuscunque,
1754 4333 1910 4413 exemptis
1940 4339 1973 4398 et
2006 4353 2068 4397 non

554 4441 731 4521 exemptis,
754 4442 786 4504 in
818 4441 938 4505 eisdem
969 4442 1162 4519 civitatibus,
1197 4440 1377 4505 diocesibus
1411 4445 1444 4504 ct
1478 4438 1631 4503 comitatu
1659 4438 1805 4502 redditus
1835 4440 1868 4500 et
1897 4443 2069 4519 proventus

551 4542 800 4609 ecclesiasticos
825 4549 860 4608 ut
882 4543 1042 4626 prefertur
1063 4544 1264 4624 habentibus,
1290 4546 1329 4608 de
1353 4543 1473 4607 eisdem
1496 4541 1675 4606 redditibus
1698 4546 1731 4605 ct
1754 4541 1961 4621 proventibus
1980 4540 2069 4604 drun-

550 4650 672 4723 taxat,
693 4652 894 4730 preterquam
918 4667 936 4712 a
960 4648 1182 4726 cardinalibus,
1206 4649 1358 4729 magistro
1382 4652 1414 4710 et
1443 4646 1597 4710 fratribus
1630 4645 1808 4727 prelibatis,
1843 4643 1912 4709 lieri
1946 4645 2068 4727 absque

546 4750 689 4816 iniuria
709 4756 742 4814 et
762 4753 966 4833 oppressione
988 4772 1187 4835 quacunque,
1210 4759 1243 4817 et
1266 4751 1350 4833 quod
1374 4751 1559 4815 collectores
1583 4749 1644 4831 ipsi
1667 4753 1700 4813 et
1721 4767 1829 4813 eorum
1864 4749 1980 4830 singuli
2010 4767 2068 4831 per

544 4871 598 4918 se
632 4857 666 4915 et
687 4853 926 4920 subcollectores
948 4874 1065 4934 eorum,
1097 4874 1177 4937 quos
1211 4857 1252 4920 ad
1284 4855 1344 4920 hoc
1378 4855 1526 4919 duxerint
1560 4854 1770 4935 deputandos,
1800 4852 1943 4934 prefatos
1966 4852 2070 4917 archi-

539 4955 736 5036 episcopos
767 4962 799 5020 et
831 4960 995 5040 episcopos
1029 4960 1174 5042 aliasque
1207 4978 1361 5042 personas
1395 4958 1632 5024 ecclesiasticas
1664 4958 1826 5023 seculares
1850 4960 1883 5021 et
1904 4957 2070 5039 regulares

539 5056 734 5140 predictas
749 5060 787 5123 ad
802 5060 992 5127 solucionem
1007 5063 1091 5127 dicte
1108 5064 1228 5129 decime
1245 5063 1283 5127 de
1300 5063 1445 5129 omnibus
1461 5063 1638 5127 redditibus
1655 5067 1687 5127 et
1698 5061 1905 5144 proventibus
1917 5060 2069 5126 ecclesia-

541 5160 668 5225 stieis
697 5162 867 5242 eorundem,
902 5166 933 5228 in
956 5167 1075 5230 eisdem
1098 5169 1293 5245 civitatibus,
1326 5167 1507 5233 diocesibus
1530 5172 1563 5230 et
1586 5167 1739 5230 comitatu
1762 5165 2010 5229 consistentibus
2035 5170 2069 5229 ut

546 5261 743 5344 prefertur,
766 5268 931 5333 secundum
953 5272 1080 5336 mudum
1102 5278 1135 5337 ct
1157 5290 1274 5336 rnorem
1299 5291 1336 5336 ac
1360 5271 1620 5336 consuetudinem
1644 5271 1677 5334 in
1700 5271 1871 5335 exaccione
1894 5273 1926 5332 ct
1956 5268 2069 5333 collec-

555 5367 668 5429 cione
690 5367 858 5436 huiusmodi
882 5373 1001 5439 decime
1024 5377 1177 5443 hactenus
1200 5379 1387 5443 observatos
1411 5394 1469 5456 per
1490 5373 1671 5439 huiusmodi
1694 5374 1855 5439 biennium
1876 5374 1907 5436 in
1923 5372 2067 5437 terminis

568 5467 785 5553 infrascriptis
816 5474 860 5539 eis
893 5496 948 5541 seu
979 5479 1261 5545 subcollectoribus
1291 5479 1459 5560 prelibatis
1489 5478 1538 5542 vel
1567 5478 1711 5559 personis
1734 5477 1817 5554 aliis,
1841 5494 1921 5557 quas
1944 5476 2067 5541 adhoc

567 5568 804 5655 deputaverint,
826 5577 998 5646 faciendam
1022 5589 1055 5647 et
1077 5601 1135 5664 per
1157 5601 1212 5647 eos
1234 5589 1266 5649 et
1290 5584 1430 5664 ipsorum
1453 5582 1595 5664 singulos
1622 5581 1680 5645 tibi
1713 5598 1770 5644 seu
1800 5581 1955 5660 personis,
1986 5598 2067 5660 quas

1948 5706 1964 5751 s
