5184 7050
653 861 717 926 488

647 1068 840 1147 supradictis
864 1067 1088 1144 confectarum,
1106 1072 1242 1145 terretur,
1259 1067 1350 1131 uobis
1367 1086 1442 1131 suas
1458 1070 1606 1148 patentes
1629 1066 1754 1130 litteras
1770 1064 1844 1129 iude
1863 1064 2030 1130 confectas
2046 1062 2159 1147 sigillo

653 1192 715 1254 que
741 1190 797 1235 sno
822 1173 909 1253 regio
933 1171 1140 1234 corrrrrrurritas
1170 1172 1291 1235 tenoris
1315 1176 1348 1234 et
1371 1170 1567 1234 continencia
1597 1169 1799 1251 infrascripto
1825 1168 2055 1234 nichilominus
2079 1188 2160 1233 ere·

650 1275 745 1356 stigio
777 1274 982 1339 destinando:
1015 1293 1082 1351 noe,
1115 1275 1154 1338 de
1177 1279 1233 1337 tua
1255 1272 1419 1338 fidelitatis
1450 1278 1482 1337 et
1513 1274 1809 1355 circumspeccionis
1843 1272 2006 1336 industria
2039 1272 2160 1356 plenam

650 1380 682 1442 iu
706 1379 831 1442 domiuo
855 1378 1002 1442 fiduciam
1026 1379 1216 1456 obtinentes,
1241 1378 1428 1442 discrecioni
1451 1384 1506 1441 tue
1523 1396 1580 1458 per
1600 1378 1776 1458 apostolica
1791 1376 1912 1458 scripta
1936 1376 2160 1441 committimus

648 1488 682 1547 et
697 1482 892 1559 mandamus,
910 1487 1067 1563 quatenus
1090 1482 1214 1546 litteras
1237 1488 1375 1561 nostras,
1398 1500 1494 1564 super·
1518 1482 1751 1563 approbatione
1775 1480 1920 1561 predicta
1945 1484 1983 1544 nt
2005 1479 2160 1561 prefertur

653 1588 852 1666 confecisse)
876 1605 954 1668 quam
978 1587 1035 1651 tibi
1058 1586 1191 1651 lecimus
1215 1587 1381 1669 assignari,
1405 1591 1577 1650 merrrorato
1601 1587 1667 1667 regi
1687 1585 1833 1650 deferens
1849 1588 1884 1649 et
1899 1591 2103 1665 presentans,
2125 1584 2161 1649 ab

650 1690 719 1772 ipso
743 1692 868 1754 rromirre
892 1695 1000 1754 nostro
1024 1695 1057 1753 et
1080 1689 1214 1754 ecclesie
1239 1690 1379 1754 Romane
1411 1709 1448 1753 ac
1479 1690 1564 1755 sedis
1596 1689 1771 1771 apostolice
1801 1707 2089 1771 successorumque
2112 1707 2161 1753 no·

650 1800 797 1871 strorrrrn,
830 1795 1039 1857 lbrrrrauorurrr
1071 1792 1262 1875 pontificum,
1294 1795 1520 1875 promissiones
1550 1800 1584 1858 et
1607 1795 1784 1859 iuramenta
1814 1778 1957 1875 recipias
1981 1792 2161 1875 supradicta

651 1918 688 1962 ac
711 1897 750 1960 de
774 1897 976 1978 prestacione
1007 1902 1040 1960 et
1072 1897 1257 1977 reeopcioue
1291 1896 1471 1963 huiusmodi
1502 1897 1663 1978 publicum
1695 1899 1949 1976 instrumentum,
1985 1896 2161 1963 littemrum

653 2001 796 2065 eiusdem
820 2001 904 2092 regis
927 2001 1142 2082 predictarum
1167 2003 1282 2065 seriem
1306 2002 1469 2066 continens
1501 2001 1661 2084 sigillique
1690 2003 1739 2066 tui
1762 2002 1936 2066 munimine
1971 2001 2161 2075 roboratum

654 2123 711 2169 serr
735 2110 882 2187 patentes
906 2106 1007 2187 ipsius
1030 2106 1114 2187 regis
1138 2106 1270 2182 litteras,
1296 2107 1493 2170 continentes
1523 2105 1738 2187 predictarum
1765 2124 1894 2170 suarum
1916 2105 2103 2170 litterarum
2125 2105 2161 2169 de

650 2210 747 2273 verbo
770 2210 810 2274 ad
834 2210 964 2273 rorbum
987 2215 1139 2288 terrorem,
1164 2209 1272 2274 confici
1297 2208 1395 2274 iacias
1419 2229 1455 2273 ac
1479 2210 1723 2274 instrumentum
1754 2210 1933 2291 predictum
1965 2209 2019 2275 vel
2043 2210 2163 2275 litteras

650 2315 747 2395 ipsas,
771 2317 912 2376 terrorem
937 2311 1069 2376 aliarum
1093 2315 1250 2395 regiarum
1273 2314 1452 2378 litterarum
1485 2321 1519 2379 ut
1542 2315 1740 2396 premittitur
1762 2314 1974 2393 continentes
2006 2334 2073 2379 una
2097 2334 2161 2380 curu

652 2417 772 2481 eisdem
795 2417 912 2481 litteris
935 2417 1010 2480 dicti
1035 2418 1129 2499 regis,
1146 2437 1243 2498 super
1265 2418 1528 2500 promissionibus
1553 2424 1585 2481 et
1608 2420 1795 2483 iuramentis
1820 2418 1975 2501 predictis
1999 2420 2162 2496 confectis,

652 2522 743 2585 nobis
767 2522 892 2586 duimro
915 2522 966 2587 rel
989 2541 1046 2604 por·
1069 2523 1194 2587 tirlelom
1218 2524 1367 2587 nuncium
1391 2523 1580 2604 quantocius
1603 2524 1730 2588 mittere
1753 2542 1815 2588 non
1838 2529 2027 2605 postponas.
2065 2524 2164 2591 Tcuor

652 2644 726 2689 vero
749 2626 925 2690 litterarurrr
949 2626 1163 2708 predictarum
1184 2628 1354 2709 regiarum,
1386 2627 1611 2709 promissiones
1641 2634 1674 2692 et
1704 2628 1889 2706 iuramenta,
1924 2647 1990 2709 que
2014 2647 2073 2693 rex
2096 2648 2162 2712 pre

651 2731 829 2796 nominatus
859 2730 956 2795 faciet
987 2738 1019 2795 et
1049 2732 1217 2814 prestabit,
1249 2732 1491 2811 continencinm,
1523 2751 1581 2814 per
1604 2733 1708 2796 omnia
1730 2733 1792 2797 erit
1814 2731 1907 2797 talis:
1942 2732 2162 2818 [Sanctissimo

654 2835 685 2898 irr
710 2835 837 2900 Christo
863 2836 946 2916 patr-i
970 2840 1003 2899 et
1026 2835 1150 2901 domino
1182 2855 1239 2900 suo
1271 2836 1396 2900 domino
1429 2836 1596 2915 Clementi,
1631 2842 1835 2902 sacrosancte
1865 2836 2012 2901 Romane
2038 2857 2076 2903 ac
2099 2838 2163 2902 nni·

652 2939 787 3003 versalis
817 2939 952 3003 ecclesie
983 2958 1103 3003 summo
1134 2940 1284 3021 pontifici,
1317 2939 1461 3018 Carolus,
1494 2941 1544 3004 dei
1575 2943 1683 3022 gracia
1713 2940 1925 3005 Romanorum
1957 2959 2016 3004 rex
2045 2959 2165 3023 semper

653 3049 818 3123 augustus,
851 3063 921 3107 crrm
952 3045 1136 3108 reverencia
1168 3043 1276 3108 debita
1312 3050 1344 3108 et
1374 3045 1488 3108 devota
1519 3046 1633 3127 pedum
1673 3044 1781 3109 oscula
1814 3044 1994 3109 beatorum.
2033 3045 2165 3112 Summis

654 3155 687 3212 et
709 3149 907 3214 fer-rentibus
932 3149 1099 3214 desideriis
1123 3199 1130 3212 .
1154 3200 1161 3213 .
1188 3153 1285 3213 ..et
1315 3150 1398 3231 qnod
1431 3157 1539 3214 eontra
1570 3151 1724 3233 prenrissa
1754 3149 1805 3213 rel
1836 3168 1947 3213 eornm
1978 3148 2092 3232 aliqua
2113 3167 2164 3231 per

653 3272 711 3317 uos
734 3253 784 3316 rel
807 3253 903 3317 alium
927 3272 983 3317 serr
1006 3253 1085 3317 alios
1109 3254 1229 3318 directe
1252 3253 1303 3317 vel
1327 3255 1492 3333 indirecte,
1528 3253 1654 3336 publico
1676 3253 1726 3318 rel
1750 3252 1872 3319 occulte
1895 3253 2008 3336 aliqua
2031 3255 2165 3330 racione,

653 3357 820 3422 occasione
844 3358 894 3421 rel
918 3375 1023 3434 eausa,
1048 3359 1173 3438 iugenio
1205 3358 1254 3421 rel
1286 3358 1391 3422 colore
1421 3358 1603 3423 nullatenus
1626 3358 1813 3442 veniemus]
1825 3359 1851 3440 ³)
1887 3358 2165 3425 municionem

655 3480 727 3526 non.
753 3462 937 3527 Decembris
960 3481 988 3527 a.
1012 3463 1132 3543 quinto.

760 3685 908 3740 (lomentis
927 3687 964 3740 Vl
982 3688 1014 3739 Α.
1035 3686 1086 3751 V,··'‘l
1107 3692 1162 3752 (bl)
1182 3686 1199 3738 i.
1220 3692 1270 3738 ‘272'
1283 3718 1293 3723 —
1308 3688 1367 3738 *ἐπ’
1387 3702 1413 3739 n.
1433 3693 1474 3753 ab,
1493 3695 1557 3756 post
1575 3694 1737 3756 quaternum
1756 3688 1799 3755 ,de
1812 3689 1896 3742 cirria‘
1909 3704 1973 3741 cum
1986 3695 2071 3742 nota:
2088 3687 2163 3756 ,Seri-

655 3774 756 3826 bantur
774 3774 865 3826 littero
884 3774 935 3826 iste
955 3774 982 3826 in
1001 3780 1136 3841 quaterno
1155 3773 1189 3826 de
1208 3775 1291 3826 curia‘
1305 3773 1381 3826 -V.
1403 3780 1450 3827 177
1470 3774 1487 3827 f.
1504 3777 1614 3829 lli-18
1639 3793 1664 3828 n.
1682 3782 1722 3830 28.
1742 3776 1881 3844 Scriptum
1906 3775 1991 3831 etiam
2018 3777 2047 3830 in
2067 3777 2098 3830 ll.
2118 3781 2163 3829 llll

655 3865 735 3928 (secr.
754 3876 778 3913 a.
800 3861 832 3924 V)
851 3878 875 3913 rr.
896 3866 953 3915 783.
969 3892 999 3900 -
1017 3860 1066 3914 rld.
1079 3861 1206 3926 Tbeiner,
1226 3861 1318 3913 rrorrox
1338 3861 1449 3914 dominii
1469 3862 1628 3929 temporalis
1648 3863 1675 3916 ll
1694 3879 1719 3916 u.
1741 3868 1798 3929 170,
1814 3861 1908 3917 Vatilr.
1928 3864 2025 3917 Aleten
2045 3881 2072 3918 u.
2091 3869 2162 3917 2312.

661 3955 680 4012 ¹)
698 3949 804 4001 taxatio
823 3948 969 4013 illepibilis.
991 3952 1011 4012 ²)
1031 3948 1092 4001 ride
1112 3964 1184 4000 num.
1205 3954 1262 4001 739.
1284 3949 1304 4012 ³)
1323 3948 1441 4003 litteram
1461 3948 1592 4003 insertam
1612 3949 1672 4002 ride
1692 3950 1766 4018 apud
1787 3948 1908 4002 Theiner
1928 3949 1945 4002 l.
1966 3967 1990 4003 c.
2010 3951 2163 4004 lincamenta

662 4033 722 4102 ipsa
742 4035 802 4088 vide
821 4036 893 4104 apud
914 4036 1037 4105 linynald
1058 4035 1120 4087 XVl
1138 4052 1200 4102 pag.
1219 4041 1365 4102 ‘233-236,
1385 4041 1414 4100 ἓξ
1435 4042 1544 4089 19-27.

661 4647 752 4714 832.
778 4646 918 4719 (imolas,
942 4665 998 4709 rer
1023 4646 1245 4725 Roururroram,
1277 4645 1450 4710 {resoluitur
1479 4648 1519 4711 ab
1549 4649 1634 4712 obrui
1657 4649 1798 4732 periurii
1828 4649 1958 4714 raucedo
1989 4652 2057 4715 sice
2081 4655 2162 4728 uota

660 4772 755 4832 quum
774 4756 905 4834 propter
927 4752 1123 4814 carissimum
1137 4756 1166 4813 et
1181 4751 1428 4816 retardationem
1448 4753 1619 4817 iuramenti
1636 4754 1790 4837 promissi
1805 4758 1953 4834 fortasse
1974 4755 2160 4820 iucrrrrerot.

704 4940 761 4996 .L.
1569 4944 1843 5021 Aciaiooe,1346
1865 4945 2051 5012 Decembris
2072 4950 2124 5013 18.

765 5133 799 5198 C.
825 5134 856 5198 irr
881 5133 936 5197 Clr.
961 5133 981 5196 f.
1008 5130 1131 5210 Carolo,
1166 5134 1233 5214 regi
1263 5134 1474 5199 Romanorum
1506 5136 1631 5214 illustri,
1663 5155 1687 5201 a.
1719 5137 1801 5202 Vota
1830 5143 1898 5217 tna,
1926 5140 2091 5205 carissime
2112 5137 2162 5215 fili,

662 5243 728 5316 et‘)
752 5238 918 5318 presertirrr
943 5238 1005 5316 illa,
1023 5257 1085 5318 que
1109 5239 1304 5302 consciencie
1327 5247 1382 5305 tue
1406 5258 1514 5320 pacem
1537 5241 1722 5322 respiciunt,
1738 5242 1875 5323 benigno
1896 5242 2037 5309 libenter
2059 5244 2163 5309 farore

662 5343 882 5424 prosequimur
905 5344 1025 5424 eisquc,
1049 5344 1075 5406 si
1100 5349 1224 5423 egeant,
1248 5362 1377 5425 pronam
1409 5344 1562 5410 adicirrrus
1593 5346 1765 5427 apostolice
1797 5347 1969 5412 clemencie
1993 5347 2162 5413 lenitatem.

663 5448 812 5514 llrlribita
836 5448 990 5528 siquiderrr
1015 5448 1104 5511 uobis
1128 5467 1229 5530 nuper·
1244 5467 1301 5529 pro
1318 5448 1515 5513 celsitudinis
1539 5455 1593 5514 tue
1617 5455 1708 5532 parte
1731 5451 1848 5532 peticio
1871 5452 2066 5532 continebat,
2083 5451 2162 5535 quod

662 5558 695 5615 tu
721 5550 868 5615 rrourmlla
893 5552 1080 5630 irrrurrrerrta,
1104 5571 1174 5632 que,
1199 5553 1382 5633 priusquarrr
1407 5555 1437 5615 irr
1458 5554 1667 5618 [turrianorum
1689 5575 1795 5638 regem
1818 5557 1904 5621 iores
1927 5557 2061 5636 electus,
2078 5558 2163 5622 nubis

663 5663 695 5721 et
717 5656 891 5736 apostolice
915 5656 982 5719 sedi
1007 5657 1203 5737 prestiteras,
1235 5665 1307 5737 post
1338 5658 1527 5723 elecciouerrr
1560 5661 1659 5741 ipsam
1690 5660 1772 5725 inira
1803 5662 1870 5725 dies
1901 5667 1972 5726 octo
2005 5682 2163 5738 renovare,

661 5767 756 5842 prout
778 5781 816 5824 ex
842 5763 978 5843 ipsorum
1002 5763 1247 5826 iurarrrerrtorrrm
1278 5764 1361 5827 serio
1392 5765 1563 5844 terrebaris
1598 5785 1668 5829 cum
1701 5766 1741 5829 ad
1771 5766 1831 5831 hoc
1859 5767 1942 5832 sicut
1963 5768 2084 5833 asseris
2107 5787 2163 5833 non
