5184 7050
548 879 610 945 186

542 1086 636 1152 310.
670 1085 814 1154 Arucsto,
848 1085 989 1166 episcopo
1024 1083 1187 1162 Processi,
1219 1082 1398 1146 conceditur
1423 1082 1573 1161 facultas
1603 1080 1784 1146 absoluendi
1816 1080 1944 1145 etnicos
1975 1100 2055 1145 suac

545 1188 718 1269 Propensis
755 1188 892 1250 diocesis·
921 1208 943 1249 a
974 1188 1131 1251 sentenia
1168 1187 1496 1251 excommunicationis
1529 1193 1558 1250 ct
1591 1185 1847 1266 irregularitate,
1881 1186 2055 1249 aaronis

543 1292 667 1356 ratione
688 1291 903 1373 beneficiorum
921 1289 1213 1366 ecclesiasticorum,
1229 1310 1311 1372 quac
1325 1290 1435 1354 vitiose
1449 1288 1497 1354 vet
1517 1310 1578 1354 oon
1592 1291 1740 1354 canonice
1763 1289 1901 1354 assensn
1914 1289 2056 1369 fuerim.

597 1496 650 1550 .C.
1483 1498 1645 1578 Acinionc,
1673 1500 1757 1563 1344
1777 1499 1936 1565 Jauuarii
1957 1501 2011 1565 30.

648 1706 685 1771 V.
702 1705 723 1771 f.
740 1709 886 1784 Arnesto,
907 1708 1056 1789 episcopo
1079 1708 1240 1790 Pragensi,
1265 1726 1289 1771 s.
1322 1708 1411 1772 Inter
1433 1706 1643 1771 solicitudinis
1665 1711 1772 1772 nostre
1795 1725 1888 1772 curas
1911 1713 1963 1774 illa
1986 1731 2054 1786 pre·

546 1816 630 1889 cipue
660 1817 769 1875 insidet
799 1819 881 1876 cordi
911 1824 1025 1892 nostro,
1053 1824 1086 1876 ut
1108 1819 1269 1877 animarum
1292 1819 1428 1877 obvietur
1450 1817 1590 1890 periculis
1613 1822 1643 1875 et
1665 1818 1856 1891 provideatur
1877 1835 1931 1891 per
1954 1822 2055 1875 nostre

545 1920 742 1979 solicitudinis
776 1921 915 1995 debitum,
950 1924 1027 1994 quod
1062 1921 1263 1981 ecclesiastica
1297 1919 1439 1981 beneficia
1470 1922 1611 1979 canonico
1642 1921 1728 1979 titulo
1759 1926 1925 1981 teneantur.
1972 1914 2054 1981 Sane

545 2018 668 2099 pridem
691 2017 731 2081 ad
754 2020 854 2083 nostri
876 2019 1074 2100 apostolatus
1098 2019 1256 2101 fidedigna
1278 2018 1436 2083 relacione
1461 2020 1607 2101 pervenit
1630 2019 1781 2097 auditum,
1812 2019 1896 2101 quod
1928 2020 1960 2083 iu
1990 2020 2054 2083 tuis

546 2122 673 2186 civitate
709 2125 781 2201 ac⁸)
819 2123 936 2187 diocesi
973 2124 1194 2188 nonnullorum
1232 2122 1418 2187 clericorum
1452 2131 1485 2188 et
1523 2122 1811 2188 ecclesiasticarum
1849 2140 2055 2205 personarum

545 2226 698 2290 hactenus
720 2225 793 2290 talis
816 2233 936 2291 ettam
959 2228 1146 2292 detestande
1170 2227 1408 2291 consuetudinis
1432 2229 1558 2291 inimmo
1582 2228 1692 2309 pocius
1715 2227 1896 2309 corruptele
1925 2227 2056 2292 inolevit

546 2330 672 2408 abusus,
696 2331 780 2412 quod
803 2331 865 2412 ipsi
888 2331 995 2396 clerici
1018 2338 1051 2396 et
1074 2351 1208 2415 persone
1232 2331 1331 2396 eciam
1355 2332 1387 2395 in
1410 2332 1523 2395 minori
1546 2332 1710 2396 constituti
1723 2337 1819 2397 etate
1839 2331 2055 2413 parrochiales

546 2435 699 2501 ecclesias
732 2454 769 2499 ac
803 2436 972 2516 dignitates
1006 2441 1040 2500 et
1073 2441 1260 2517 personatus
1294 2435 1463 2518 aliquando
1501 2455 1559 2517 per
1595 2435 1771 2502 secularem
1810 2437 1990 2519 potenciam
2023 2443 2057 2501 et

548 2540 735 2622 quandoque
758 2557 816 2620 per
838 2541 1049 2619 symoniacam
1071 2541 1260 2621 pravitatem
1283 2559 1376 2604 unam
1397 2546 1563 2605 autunum
1579 2560 1616 2605 ac
1632 2540 1740 2622 plures
1762 2542 1902 2606 assecuti
1924 2540 2056 2606 fuerunt

548 2664 585 2708 ac
608 2662 663 2707 eas
686 2648 720 2707 et
742 2661 796 2707 eos
820 2644 1025 2708 detinuemut
1047 2650 1080 2710 et
1103 2644 1205 2708 adhuc
1229 2645 1269 2709 de
1291 2644 1376 2709 facto
1400 2645 1544 2710 detinent
1566 2645 1666 2710 eciam
1688 2645 1812 2710 fructus
1846 2651 1881 2710 et
1910 2645 2056 2711 redditus

548 2747 751 2830 percipiendo
775 2748 923 2828 ipsorum,
948 2749 979 2813 in
1002 2768 1129 2831 gravem
1144 2747 1281 2829 exempli
1297 2750 1470 2829 perniciem
1486 2755 1519 2812 et
1534 2767 1662 2813 suarum
1679 2748 1854 2831 periculum
1869 2751 2055 2814 animarum.

548 2853 614 2916 Nos
636 2853 734 2934 igitur
755 2851 940 2916 affectantes
962 2853 1074 2916 abusui
1097 2852 1274 2916 huiusmodi
1299 2853 1420 2916 obviari
1443 2872 1480 2917 ac
1503 2852 1675 2918 eorundem
1695 2853 1881 2919 clericorum
1897 2859 1930 2918 et
1946 2872 2057 2935 perso-

548 2975 658 3020 narum
681 2956 779 3019 statui
801 2975 838 3019 ao
860 2956 1033 3020 animarum
1056 2956 1151 3020 saluti
1174 2955 1345 3021 salubriter
1368 2956 1537 3037 provideri,
1560 2976 1682 3022 necnon
1705 2956 1744 3022 de
1768 2959 2056 3039 circumspeccione

549 3066 604 3124 tua
638 3059 762 3141 plenam
796 3060 828 3123 in
862 3060 986 3126 domino
1021 3059 1168 3124 fiduciam
1190 3061 1381 3138 obtinentes,
1404 3060 1596 3125 fraternitati
1618 3067 1674 3126 tue
1698 3061 1882 3127 absolvendi
1905 3061 1965 3127 bac
1987 3062 2056 3127 vice

549 3165 638 3229 iuxta
658 3164 791 3229 formam
815 3164 950 3229 ecclesie
973 3183 1082 3229 omnes
1104 3171 1138 3229 et
1160 3163 1300 3246 singulos
1324 3164 1455 3228 clericos
1479 3170 1512 3228 et
1534 3183 1685 3246 personas
1707 3170 1833 3230 tuamm
1860 3167 2001 3231 civitatis
2025 3172 2057 3230 et

550 3268 686 3333 diocesis
709 3268 933 3349 predictarum,
957 3268 1011 3349 qui
1034 3269 1073 3332 de
1097 3269 1271 3333 commissis
1294 3268 1474 3332 huiusmodi
1496 3270 1677 3350 penitentes
1700 3270 1857 3334 veraciter
1879 3275 1913 3335 et
1927 3271 2056 3335 contriti

549 3372 607 3436 tibi
642 3371 778 3437 confessi
811 3371 939 3450 fuerint,
970 3372 1040 3436 aliis
1064 3392 1083 3437 a
1106 3374 1347 3455 quibuscunque
1377 3373 1558 3452 sentenciis,
1581 3374 1608 3437 si
1632 3393 1712 3455 quas
1735 3373 1842 3438 clerici
1865 3378 1899 3438 et
1922 3391 2056 3455 persone

550 3477 686 3559 predicti
718 3475 768 3541 vel
804 3494 913 3541 eorum
946 3476 1043 3559 aliqui
1078 3477 1117 3542 ob
1148 3478 1304 3560 premissa
1333 3476 1466 3542 forsitan
1488 3477 1697 3556 incurrerunt,
1720 3478 1748 3542 si
1770 3478 1880 3543 abeis
1902 3478 2058 3560 pecierint

551 3582 711 3647 humiliter
745 3599 780 3647 se
814 3581 944 3659 absolvi,
979 3586 1012 3646 et
1045 3601 1142 3664 super
1164 3581 1399 3664 irregularitate
1422 3601 1480 3664 per
1502 3600 1557 3646 eos
1580 3581 1632 3646 vel
1655 3601 1764 3647 eorum
1787 3583 1910 3665 aliquos
1932 3582 2056 3661 exinde,

549 3691 740 3752 nontamen
763 3687 794 3749 in
818 3690 1032 3768 contemptum
1055 3686 1199 3764 clavium,
1223 3705 1258 3751 se
1282 3685 1485 3751 immiscendo
1509 3686 1633 3763 divinis,
1656 3705 1778 3751 necnon
1801 3704 1898 3769 super
1913 3686 1985 3751 labe
2000 3705 2057 3752 seu

551 3792 707 3873 pravitate
742 3791 922 3870 symoniaca
955 3808 1052 3872 super
1080 3791 1142 3855 biis
1164 3790 1271 3856 forsan
1295 3791 1465 3854 contractis
1488 3790 1641 3854 hactenus
1664 3791 1854 3855 auctoritate
1876 3791 1973 3855 simili
1996 3790 2059 3855 dis-

551 3895 713 3976 pensandi,
738 3894 877 3958 iniuncto
900 3895 947 3958 eis
970 3895 1053 3959 inter
1075 3894 1146 3971 alia,
1170 3894 1255 3975 quod
1278 3894 1442 3971 ecclesias,
1467 3894 1637 3975 dignitates
1668 3899 1701 3959 et
1732 3900 1919 3976 personatus
1950 3895 2058 3960 huius-

551 3998 635 4063 modi
666 3998 795 4062 realiter
825 4004 858 4062 et
888 4000 1012 4063 omnino
1046 3999 1214 4076 dimittant,
1246 4019 1282 4063 ac
1305 3999 1405 4062 eciam
1428 3999 1576 4078 imposita
1598 3999 1644 4061 eis
1669 4000 1848 4080 penitencia
1870 3999 2003 4064 salutari
2026 4006 2058 4064 et

550 4102 631 4180 aliie,
655 4121 715 4183 que
739 4102 778 4166 de
802 4103 870 4166 iure
893 4101 1011 4167 luerint
1033 4102 1233 4183 iniungenda,
1256 4120 1379 4165 necnon
1401 4108 1512 4167 vocato
1536 4109 1570 4167 et
1591 4105 1762 4168 assistente
1784 4105 1844 4168 tibi
1877 4105 2057 4187 superbos

552 4205 722 4271 collectore
745 4206 812 4271 sive
834 4207 949 4270 nuncio
972 4211 1079 4270 nostro
1103 4208 1134 4270 iu
1158 4206 1219 4270 illis
1244 4206 1386 4288 partibus
1417 4226 1473 4288 pro
1504 4214 1612 4271 nostra
1642 4227 1767 4273 camera
1796 4209 1963 4287 existente,
1987 4229 2058 4274 cum

552 4311 696 4392 personis
719 4314 752 4374 et
776 4311 900 4374 clericis
923 4310 1091 4374 antedictis
1115 4328 1211 4391 super
1233 4309 1388 4375 fructibus
1412 4329 1547 4392 percos
1570 4330 1609 4375 ex
1633 4310 1786 4390 ecclesiis,
1802 4312 2011 4394 dignitatibus
2026 4321 2060 4378 et

552 4416 774 4498 personatibus
797 4415 949 4496 predictis
973 4415 1132 4496 perceptis
1155 4415 1296 4479 indebite
1319 4420 1425 4478 nostro
1449 4421 1482 4479 et
1513 4414 1635 4496 prefate
1666 4434 1790 4481 camere
1820 4417 1945 4482 nonune
1977 4436 2059 4482 cosn-

553 4520 688 4601 ponendi
713 4523 746 4583 et
768 4518 990 4583 nichilominus
1014 4518 1197 4583 conferendi
1220 4519 1410 4583 auctoritate
1433 4517 1528 4582 simili
1551 4519 1672 4583 eisdem
1696 4519 1819 4584 clericis
1842 4525 1876 4584 et
1905 4523 2058 4602 personis,

553 4624 580 4688 si
603 4624 681 4688 alias
704 4625 767 4687 sint
789 4623 904 4700 idonei,
928 4623 1090 4701 ecclesias,
1115 4623 1285 4704 dignitates
1309 4627 1342 4686 et
1371 4629 1560 4705 personatus
1591 4622 1760 4704 predictos,
1792 4629 1959 4706 postquam
1989 4625 2059 4689 illos

553 4727 730 4792 dimiserint
752 4726 882 4791 realiter
905 4733 940 4791 ut
963 4725 1130 4808 prefertur,
1154 4725 1209 4790 illa
1237 4726 1396 4805 videlicet,
1431 4746 1492 4808 que
1523 4745 1559 4790 se
1589 4726 1667 4790 alias
1698 4727 1873 4792 adinvicem
1904 4730 2057 4810 compaci-

553 4838 655 4911 antur,
679 4831 846 4896 dummodo
869 4837 1011 4913 tempore
1036 4832 1108 4895 date
1132 4832 1331 4912 presencium
1356 4833 1386 4894 iu
1409 4832 1457 4894 eis
1480 4850 1540 4894 non
1564 4830 1660 4895 fuerit
1690 4830 1785 4895 alicui
1814 4850 1870 4895 seu
1901 4832 2059 4914 aliquibus

553 4936 734 5017 specialiter
757 4936 806 4999 ius
830 4937 998 5016 quesitum,
1023 4954 1093 4998 cum
1115 4936 1259 4999 omnibus
1282 4936 1404 4999 iuribus
1428 4941 1460 4998 et
1483 4935 1688 5016 pertinenciis
1715 4935 1887 5000 eorundem
1917 4960 1952 5001 ac
1974 4944 2059 5001 indu·

555 5048 639 5107 cendi
661 5065 715 5121 per
737 5053 766 5105 te
789 5047 834 5105 vel
858 5047 946 5104 alium
969 5063 1020 5104 seu
1043 5046 1117 5104 alios
1141 5047 1265 5105 clericos
1289 5050 1318 5103 et
1342 5062 1483 5118 personas
1505 5045 1655 5118 predictos
1670 5046 1716 5103 vel
1732 5050 1942 5118 procuratores
1958 5063 2058 5105 eorum

554 5154 670 5211 nomine
694 5169 747 5210 suo
770 5152 800 5209 in
825 5151 1007 5224 corporalem
1029 5151 1247 5224 possessionem
1269 5151 1469 5223 ecclesiarum,
1494 5150 1678 5224 dignitatum,
1702 5155 1911 5221 personatuum
1927 5155 1957 5207 et
1972 5151 2060 5209 bene·

554 5256 687 5315 liciorum
721 5272 756 5313 ac
789 5256 897 5313 inrinm
931 5259 961 5313 et
994 5255 1243 5327 pertinenciurum
1278 5253 1479 5326 predictorum
1513 5258 1543 5310 et
1576 5251 1749 5312 defendendi
1784 5253 1931 5328 inductos,
1954 5256 2060 5314 amotis

555 5360 735 5433 quibuslibet
757 5360 869 5418 illicitis
894 5359 1095 5417 detentoribus
1118 5359 1155 5417 ab
1179 5358 1299 5433 eisdem,
1322 5375 1357 5415 ae
1380 5356 1506 5416 faciendi
1531 5358 1653 5415 clericos
1670 5363 1699 5415 et
1714 5373 1856 5430 personas
1880 5359 1999 5416 eosdem
2014 5361 2059 5418 vel

555 5465 651 5523 dictos
686 5468 894 5537 procuratores
928 5480 1029 5520 eorum
1061 5463 1177 5521 nomine
1210 5462 1247 5519 ad
1282 5461 1432 5535 ecelesias,
1468 5461 1636 5536 dignitates,
1667 5466 1843 5534 personatus
1866 5467 1896 5519 et
1919 5460 2062 5522 beneficia

555 5568 721 5627 huiusmodi
744 5573 832 5641 prout
854 5573 900 5625 est
923 5567 1011 5624 moris
1034 5567 1149 5625 admitti
1172 5584 1207 5624 ac
1223 5566 1280 5623 sibi
1296 5566 1332 5624 de
1348 5566 1478 5639 ipsorum
1494 5564 1650 5639 fructibus,
1667 5565 1842 5641 redditibus,
1858 5567 2063 5642 proventibus,

555 5672 669 5730 iuribus
692 5677 722 5729 et
745 5671 974 5731 obvencionibus
998 5671 1142 5729 universis
1165 5671 1278 5744 integre
1304 5670 1486 5744 responderi,
1503 5668 1738 5728 contradictores
1754 5687 1868 5743 quoque
1883 5672 2064 5730 auctoritate

555 5782 658 5834 nostra
679 5776 880 5849 appellacionc
902 5775 1068 5849 postposita
1092 5775 1305 5849 compescendi,
1328 5791 1386 5832 uon
1410 5774 1599 5833 obstantibus
1631 5774 1852 5848 quibuscunque
1883 5776 2004 5835 statutis
2034 5780 2064 5835 et
