5184 7050
543 828 609 895 774

646 1034 719 1099 Fiat
740 1034 778 1099 n.
821 1035 865 1101 Et
888 1034 1109 1116 dispensamus
1132 1034 1169 1098 R.

648 1139 729 1204 Item
753 1137 922 1221 supplicat,
946 1143 1103 1220 quatenus
1126 1137 1254 1220 Symoni
1277 1137 1318 1201 de
1340 1135 1483 1218 Legnitz,
1506 1132 1625 1217 prefati
1647 1133 1733 1215 regis
1757 1136 1792 1196 et
1816 1147 1877 1195 suo
1898 1127 2052 1212 capellam

542 1242 669 1322 dilecto,
701 1242 866 1326 indulgere
897 1242 1078 1323 dignemini,
1110 1247 1145 1307 ut
1178 1243 1258 1324 ipse,
1288 1242 1322 1306 in
1352 1239 1459 1322 aliquo
1484 1237 1709 1305 beneficiorum
1734 1254 1870 1302 suorum
1893 1232 2053 1299 residendo

543 1353 600 1413 aut
633 1345 666 1412 in
698 1346 805 1412 studio
840 1346 982 1430 generali
1016 1344 1066 1410 vel
1097 1347 1129 1410 in
1159 1345 1303 1412 Romana
1325 1345 1413 1411 ouria
1436 1342 1656 1411 commorando
1680 1347 1737 1408 aut
1758 1340 1846 1407 aliae
1870 1340 1906 1404 in
1932 1337 2053 1420 predicti

543 1452 628 1535 regis
653 1455 711 1517 sut
733 1451 858 1516 domine
880 1450 990 1533 regine
1013 1449 1152 1532 Vngarie
1175 1451 1339 1533 obsequiis
1361 1450 1548 1524 insistendo,
1580 1448 1712 1526 tructus,
1743 1444 1898 1510 redditus
1930 1448 1966 1508 et
1996 1461 2053 1524 pro

544 1560 657 1621 ventus
680 1554 818 1620 omnium
840 1551 1065 1619 beneficiomm
1087 1572 1225 1633 suorum,
1250 1572 1312 1636 que
1335 1554 1458 1621 obtinet
1479 1553 1530 1618 vel
1545 1554 1753 1636 imposterum
1768 1548 1947 1625 obtinebit,
1964 1548 2051 1611 eciam

543 1660 571 1726 si
594 1658 775 1742 dignitates,
799 1656 904 1724 officia
926 1658 977 1722 vel
1001 1664 1191 1740 personatus
1214 1659 1363 1738 existant,
1388 1658 1486 1724 eciam
1510 1657 1537 1721 si
1561 1674 1667 1722 curam
1690 1655 1835 1719 babeant
1870 1652 2049 1725 animamur

544 1768 577 1828 et
606 1763 708 1828 eciam
742 1762 769 1827 si
803 1762 973 1846 dignitates
1007 1762 1076 1845 ipsa
1110 1768 1183 1845 post
1212 1761 1411 1845 pontificales
1440 1763 1473 1826 in
1504 1759 1740 1827 cathedralibus
1763 1763 1799 1822 et
1822 1758 1856 1822 in
1881 1755 2050 1837 collegistis

544 1866 690 1933 ecclesiis
712 1866 831 1932 tuerint
853 1866 1055 1949 principales,
1078 1885 1180 1950 usque
1203 1868 1243 1933 ad
1266 1868 1467 1951 septennium
1490 1885 1561 1931 cum
1583 1884 1622 1930 ea
1644 1863 1833 1946 integritate
1864 1859 1972 1924 libere
1993 1876 2053 1941 per-

546 1971 652 2054 cipere
684 1971 799 2050 valeat,
831 1990 868 2036 ao
890 1970 918 2036 si
940 1971 974 2036 in
996 1971 1044 2036 eis
1073 1971 1284 2054 personaliter
1317 1971 1474 2036 resideret
1508 1974 1578 2049 eto,
1601 1987 1673 2033 cum
1702 1984 1765 2032 non
1797 1963 2008 2030 obstantibus
2027 1968 2052 2024 et

545 2075 698 2141 clausulis
721 2075 885 2158 oportunis
908 2080 942 2140 et
964 2075 1196 2141 executoribus.

647 2179 720 2245 Fiat
741 2178 781 2244 acl
804 2179 1034 2244 trienniumR.
1058 2179 1134 2247 Sine
1158 2179 1222 2245 alia
1243 2179 1393 2245 leccione.
1417 2178 1549 2245 FiatR
1573 2178 1612 2242 Ι).
1638 2173 1795 2242 Aninione
1820 2170 1904 2236 VIII
1923 2170 1968 2234 id.
1983 2094 2051 2235 lolii

545 2304 574 2349 a.
597 2285 774 2350 andecimo

647 2420 797 2476 Clementis
815 2420 897 2474 vis.
916 2419 983 2490 lllll
1004 2423 1060 2487 (22)
1078 2420 1097 2473 t.
1116 2425 1157 2474 58.
1179 2450 1209 2459 -
1230 2419 1323 2489 Reg.
1315 2436 1344 2474 m
1363 2418 1462 2472 ZVGA
1480 2417 1639 2473 Schlesiens
1658 2416 1744 2489 XXV,
1763 2426 1826 2481 297,

1199 2616 1405 2625 *—

546 2821 666 2891 1505.
693 2821 726 2886 U
727 2819 806 2885 iiico
828 2820 911 2885 dicto
933 2818 1051 2905 ΒΜ,
1066 2821 1216 2886 canonico
1234 2819 1482 2900 Vratisiaoiensi,
1497 2824 1678 2886 reservatur
1693 2822 1848 2906 dignitas,
1868 2829 2053 2909 peronatus

546 2944 601 2989 sea
623 2923 764 3006 officiam
786 2945 857 2989 cunr
878 2925 926 2990 vel
948 2924 1016 2989 sine
1038 2945 1126 3004 cura,
1148 2923 1179 2990 si
1201 2924 1246 2990 ad
1260 2924 1457 2990 miiationem
1472 2926 1609 3009 episcopi
1626 2926 1889 2994 l'rotislaaienois
1905 2929 2054 2994 iraeadem

545 3026 679 3094 ecclesia
699 3032 803 3107 vacat,
825 3027 874 3094 oet
896 3049 966 3094 eam
987 3027 1157 3107 vaesanit,
1180 3029 1416 3107 nonobstante,
1440 3030 1533 3111 ,qnod
1554 3030 1589 3094 in
1611 3031 1719 3095 eadem
1743 3052 1815 3100 cam
1842 3033 2007 3116 prebenda
2029 3036 2054 3095 et

546 3131 581 3196 in
605 3130 801 3197 omnnem-r·
830 3130 968 3197 ecclesiis
997 3133 1055 3197 sud
1084 3135 1304 3218 expectaciona
1328 3133 1485 3216 prebende
1514 3136 1719 3199 canonicatus
1749 3138 1891 3202 nosceris
1915 3135 2053 3213 obtinere,

547 3239 604 3301 ant
625 3234 707 3318 qaod
729 3235 767 3299 cic
783 3237 988 3319 prepositura
1011 3236 1138 3302 ecclesie
1160 3237 1264 3302 sancti
1286 3237 1398 3319 Epidii
1427 3238 1697 3318 Vratislaniensis,
1727 3243 1804 3306 tanc
1835 3246 1983 3317 vacante,
2004 3238 2054 3303 tidi

542 3360 603 3422 per
625 3338 710 3405 alias
732 3343 859 3406 nostras
881 3340 1007 3405 litteras
1030 3340 1178 3405 ducimus
1199 3346 1236 3405 nt
1259 3342 1379 3406 asseris
1396 3340 1636 3424 procidendum,
1652 3343 1724 3407 licet
1742 3344 1811 3408 eins
1831 3345 2053 3427 possessionen

548 3441 684 3508 nondam
706 3443 847 3509 extiteris
871 3448 1055 3520 mercntas‘,
1078 3449 1109 3508 et
1130 3445 1334 3529 dispensatur
1356 3464 1426 3509 carn
1448 3466 1491 3526 ao,
1513 3451 1550 3510 at
1569 3447 1675 3529 vigore
1702 3451 1929 3531 praesentiam
1960 3449 2053 3532 digni·

546 3550 655 3623 tatem,
662 3553 870 3632 personatum
882 3549 929 3614 aei
940 3554 1087 3616 curatam
1098 3550 1241 3634 officiata
1251 3550 1348 3615 libere
1358 3551 1497 3634 recipere
1507 3555 1537 3614 ct
1551 3573 1616 3616 arro
1632 3573 1701 3616 cara
1713 3553 1801 3617 (licta
1812 3554 2049 3638 praepositura,

549 3671 621 3716 cam
650 3652 756 3735 ipsam
784 3652 828 3717 sit
858 3658 1031 3729 moecatus,
1053 3654 1138 3719 licite
1160 3655 1295 3719 retinere
1323 3656 1437 3737 possit.
1484 3657 1536 3735 ,D.
1557 3655 1715 3722 Aninione
1746 3658 1834 3722 VIII
1852 3658 1897 3724 ici.
1921 3658 2006 3725 Jaiii
2025 3677 2051 3721 a.

549 3755 734 3822 andecimo.⁸
757 3795 799 3805 —
823 3759 864 3823 In
885 3780 911 3823 e.
933 3779 975 3823 m.
999 3758 1153 3824 Labernis
1176 3762 1206 3823 et
1227 3759 1261 3822 ia
1288 3759 1447 3839 Grisoaia,
1479 3759 1738 3825 Vratisiaeiensis
1772 3761 1920 3842 diocesis,
1955 3782 2053 3826 mono·

592 3860 760 3925 steriornrn
783 3861 949 3928 adtatibrcs
972 3883 1011 3929 ac
1033 3863 1192 3929 sacnstae
1213 3862 1362 3927 acclamas
1384 3863 1615 3928 avinionensis.
1657 3867 1772 3930 Fama
1792 3868 1890 3929 utin
1912 3887 1945 3931 n.
1968 3871 2017 3932 52.

594 4101 638 4155 ,Χ
665 4101 707 4156 ΙΙ.

652 4207 802 4262 Clementis
821 4206 858 4260 Vl
876 4208 908 4260 Α.
928 4206 993 4277 lllll
1015 4209 1088 4275 (120)
1108 4206 1126 4260 Ι.
1146 4212 1205 4272 ste,
1224 4206 1259 4261 de
1278 4205 1421 4276 dignitate,
1440 4214 1590 4275 personatu
1609 4208 1652 4261 rel
1671 4208 1763 4263 otflcio
1781 4226 1828 4278 qn.
1845 4217 1857 4263 1
1874 4217 1904 4264 et
1916 4211 2051 4264 unicus:

553 4293 585 4347 V.
604 4299 655 4347 212
674 4293 691 4347 Ι.
712 4299 762 4347 185
781 4310 807 4347 n.
826 4299 886 4347 soa.
905 4322 937 4333 —
957 4291 1024 4361 Bag.
1041 4292 1070 4346 in
1087 4292 1187 4346 ZVGA
1207 4292 1367 4349 Schlesiens
1385 4293 1470 4361 XXV,
1489 4301 1550 4348 2⁸9.

1581 4037 1857 4113 Asiniane,1352
1879 4038 1968 4107 Juts·
1987 4043 2015 4105 8.

549 4662 668 4730 1606.
695 4658 847 4724 Omnibus
865 4659 1011 4741 personis
1035 4658 1264 4738 ecclesiasticis,
1287 4658 1505 4724 saeadoridas
1527 4664 1558 4725 et
1579 4660 1789 4742 rmutandus,
1819 4685 1884 4747 per
1906 4664 2054 4729 Αὶαηιιιη-

549 4765 638 4830 niam
659 4767 690 4828 et
712 4762 898 4828 Botemiarn
920 4762 1109 4841 conutitutis,
1126 4764 1360 4828 carcacendatar
1378 4765 1491 4828 Petras
1507 4765 1544 4829 do
1560 4765 1727 4849 Aitompo,
1742 4767 1886 4832 seruiens
1902 4788 2055 4834 annornm

549 4872 579 4933 at
605 4867 790 4953 faariliaris
818 4888 937 4950 pupae,
968 4866 1023 4948 gui
1046 4887 1108 4950 pro
1131 4867 1317 4948 quibasdam
1341 4870 1473 4949 negotiis
1497 4869 1539 4933 ad
1562 4873 1666 4935 certas
1686 4875 1796 4952 partes
1819 4872 2057 4950 destinantem!

549 4972 723 5038 nrarrdatur
745 4971 800 5046 eis,
823 4970 980 5034 atridem
1005 4972 1106 5050 Petro,
1131 4991 1201 5035 curn
1221 4994 1279 5054 per
1296 4976 1409 5054 partes
1431 4994 1538 5036 coram
1561 4974 1733 5038 transitum
1754 4978 1887 5055 fecerit,
1911 4974 2055 5060 wasidio

549 5077 583 5141 in
615 5074 797 5140 huiusmodi
830 5075 1024 5154 nopotioram
1052 5075 1269 5158 prosecutione
1291 5077 1408 5154 suerit,
1438 5077 1546 5140 diadas
1568 5079 1703 5159 sinpaiis
1725 5081 1761 5146 r'n
1784 5080 1908 5145 duodus
1931 5080 2057 5166 florenis

548 5180 622 5245 auri
639 5199 701 5264 pro
723 5179 870 5263 expensis
891 5180 959 5244 sais
982 5179 1172 5245 necessariis
1194 5182 1223 5243 et
1246 5178 1283 5242 de
1306 5199 1414 5243 secare
1437 5181 1590 5246 conducta
1612 5184 1647 5246 in
1666 5183 1776 5262 enrrdo,
1792 5185 1951 5250 wando
1973 5189 2001 5248 ot
2021 5181 2058 5247 od

551 5283 673 5349 cariam
696 5283 853 5348 redentricis
875 5282 1049 5348 liberaliter
1067 5282 1267 5364 provideant.
1290 5283 1344 5358 ,D.
1369 5281 1526 5348 Aninione
1550 5287 1633 5351 1⁷11!
1647 5285 1691 5349 iri.
1714 5286 1800 5353 Jotit
1822 5309 1854 5353 a.
1880 5289 2056 5354 crrrdecirao.⁸

1580 5441 1743 5516 Aoiniona
1766 5445 1856 5507 1352
1880 5444 1968 5510 Jcciii
1989 5448 2016 5508 8.

657 5525 807 5579 Clementis
825 5524 863 5578 l'l
882 5524 914 5577 V.
936 5529 983 5576 146
1002 5527 1082 5590 (secr.
1102 5539 1125 5578 a.
1144 5523 1195 5589 Xl)
1213 5524 1231 5576 Ι.
1251 5525 1305 5576 at‘.

1204 5737 1404 5746 -—-—.—-.
