5184 7050
674 827 739 894 766

669 1035 792 1102 1491.
815 1033 1002 1112 Lndooictss,
1017 1053 1075 1098 rea
1095 1033 1265 1114 Ungavine,
1282 1030 1444 1115 supplicat
1460 1034 1591 1114 praeter
1608 1030 1685 1111 tolia,
1701 1035 1738 1094 nt
1760 1030 1863 1094 altari
1888 1028 2049 1112 Corporis
2076 1026 2188 1093 Girrei

671 1138 707 1204 in
724 1137 909 1222 parochiali
931 1137 1061 1203 ecelesia
1084 1138 1122 1202 de
1144 1136 1301 1201 thblitc
1322 1136 1536 1216 indulgentiae
1558 1135 1768 1200 concedantar
1789 1139 1819 1199 et
1844 1135 1944 1198 Petro
1967 1130 2188 1197 Bertboldidt

671 1243 808 1308 anno
841 1243 880 1307 dt
912 1242 1101 1306 canonicatu
1133 1240 1281 1305 ecclesiae
1319 1239 1554 1304 Transitoonae
1585 1239 1644 1304 snb
1676 1240 1893 1322 expectatione
1923 1235 2141 1321 praebendae
2159 1256 2187 1300 ot

838 1346 1015 1429 dignitatis,
1032 1350 1227 1430 personatus
1248 1344 1297 1409 oet
1320 1343 1420 1426 officii
1443 1363 1513 1408 mm
1533 1342 1582 1408 oet
1603 1344 1672 1408 ane
1696 1363 1775 1408 cnra
1791 1342 2022 1426 providentur.

1701 1498 1865 1573 Acinione,
1888 1500 1983 1563 1352
2006 1495 2099 1565 Jnlii
2119 1501 2148 1563 2.

772 1657 937 1742 Supplitat
960 1659 991 1725 S.
1015 1659 1053 1724 V.
1078 1657 1212 1722 devotus
1233 1662 1341 1723 vester
1364 1663 1398 1724 et
1420 1663 1529 1723 sancte
1551 1656 1692 1722 Romane
1714 1655 1850 1720 ecclesie
1873 1653 1967 1720 filius
1995 1654 2182 1731 Ludouicus,

669 1780 726 1828 rex
749 1763 889 1845 Vngarie
891 1807 2183 1829 ...............................................

775 1903 856 1968 Item
891 1905 1048 1984 quatenus
1082 1902 1226 1966 omnibus
1259 1908 1373 1983 vere·)
1407 1900 1626 1984 penitentibus
1661 1905 1694 1965 et
1724 1898 1889 1976 confessis,
1914 1900 1974 1981 qui
1999 1899 2035 1963 in
2059 1903 2182 1981 quatuor

669 2005 832 2088 precipuis
855 2007 948 2070 beate
970 2005 1074 2071 Maris
1090 2006 1230 2088 Virginis
1247 2008 1327 2071 etin
1344 2004 1493 2088 Corporis
1510 2003 1629 2071 Christi
1645 2004 1875 2069 testivitatibus
1892 2009 1926 2068 et
1943 2003 2020 2068 aliis
2038 2003 2182 2068 festivita·

669 2109 757 2174 tibus
780 2111 928 2190 superius
951 2110 1120 2174 nominatis
1143 2115 1177 2174 et
1199 2129 1257 2193 per
1288 2111 1418 2175 octabas
1450 2110 1619 2174 earundem
1650 2109 1760 2186 altare,
1792 2127 1849 2188 per
1880 2107 2122 2172 Henczkonem
2150 2106 2181 2170 dt

670 2212 843 2278 Lubsthitz
876 2215 908 2279 in
930 2215 1081 2279 honorem
1092 2211 1120 2294 ι’)
1151 2215 1293 2279 eiusdem
1318 2213 1467 2295 Corporis
1491 2212 1609 2277 Christi
1632 2212 1798 2277 fundatum
1820 2213 1946 2293 paritor
1970 2218 2005 2276 et
2029 2214 2174 2287 dotatum,

671 2317 767 2382 situm
790 2319 821 2383 io
846 2318 982 2384 ccclesia
1003 2318 1194 2400 parrochiali
1216 2318 1341 2400 prefate
1365 2317 1505 2400 Virginis
1527 2317 1560 2381 in
1582 2316 1765 2395 Lnbsthitz,
1790 2316 2020 2382 Olomutensis
2042 2314 2180 2385 diocesis.

671 2421 880 2500 visitaverint,
902 2423 1065 2487 aunuatim
1088 2421 1160 2486 illas
1182 2427 1338 2503 perpetue
1362 2420 1535 2487 concedere
1556 2420 1728 2502 dignemini
1744 2420 1976 2503 indulgentias
1995 2438 2061 2502 que
2076 2420 2181 2486 Vestro

673 2525 853 2608 placuerint
875 2526 1053 2594 Sanctitati.

777 2647 850 2714 viat
880 2647 921 2713 de
951 2667 1013 2713 uno
1044 2667 1125 2714 anno
1159 2653 1193 2713 et
1223 2666 1286 2713 una
1308 2645 1511 2730 quadragena
1534 2648 1567 2712 in
1590 2646 1722 2730 singulis
1745 2646 1836 2712 iestis
1858 2645 1959 2711 beate
1984 2646 2128 2730 Virginis
2149 2647 2178 2710 lt

777 2892 858 2957 Item
881 2895 1039 2973 quatenus
1063 2891 1157 2957 Petro
1180 2890 1347 2955 Bettholdi
1370 2891 1410 2956 de
1428 2890 1566 2969 Brunna,
1583 2890 1770 2955 cancellario
1787 2889 1877 2955 ducis
1893 2889 2065 2971 Stephani,
2082 2891 2178 2955 fratris

673 2995 723 3060 sui
753 2995 899 3076 predicti,
932 2995 970 3060 de
1001 2996 1187 3060 canonicatu
1218 2994 1355 3060 ecclesIc
1377 2994 1586 3060 Transiluane
1617 2995 1675 3062 sub
1706 2994 1933 3077 expectatione
1961 2995 2126 3075 prebende
2147 3014 2178 3058 at

675 3098 850 3180 dignitatis
874 3104 1064 3180 personatus
1086 3099 1137 3165 vel
1170 3097 1266 3164 oifitii
1297 3118 1368 3164 cum
1398 3118 1475 3164 cura
1504 3097 1555 3163 vel
1582 3099 1650 3163 sine
1674 3118 1760 3178 tura,
1784 3098 1811 3164 si
1833 3103 1955 3163 vacant
1979 3100 2019 3163 ad
2044 3117 2176 3180 presens,

672 3201 724 3267 vel
755 3222 825 3269 cum
856 3205 950 3269 simul
981 3209 1037 3269 aut
1066 3204 1247 3270 successive
1277 3204 1444 3282 vacabunt,
1476 3221 1546 3267 cum
1577 3202 1799 3284 acceptatione
1827 3207 1887 3266 etc.
1913 3201 2093 3284 dignemini
2115 3222 2176 3283 pro

675 3306 794 3387 videre,
825 3327 887 3373 nou
918 3308 1075 3389 obstante,
1107 3308 1190 3392 quod
1221 3309 1409 3374 lectoratum
1440 3306 1573 3372 ecclesie
1603 3306 1782 3373 Jauriensis
1818 3325 1855 3370 ac
1889 3306 2054 3387 capellam
2088 3308 2177 3373 saneti

673 3410 776 3476 Marci
807 3413 839 3477 in
869 3417 976 3478 monte
999 3413 1151 3479 Cretensi
1174 3418 1208 3479 et
1229 3412 1462 3496 parrochialem
1484 3412 1651 3477 ecclesiam
1674 3412 1776 3476 saneti
1799 3409 1922 3476 Nitolai
1947 3411 1982 3475 in
2007 3412 2176 3494 Wortberg

674 3515 900 3599 Zagrabiensis
939 3524 971 3583 et
1008 3518 1236 3601 strigoniensis
1274 3519 1456 3596 diocesium,
1491 3517 1622 3596 obtinet,
1657 3536 1749 3599 quam
1787 3514 1915 3599 quidem
1955 3515 2177 3598 parrochialem

674 3620 843 3686 ecclesiam
867 3622 1015 3702 dimittet,
1038 3630 1206 3707 postquam
1230 3629 1301 3702 etc,
1326 3643 1396 3689 cum
1419 3624 1530 3688 eodem
1553 3621 1784 3698 nichilominus,
1802 3626 1837 3685 ut
1859 3619 2064 3703 dignitatem,
2081 3641 2177 3703 perso

674 3731 783 3791 natum
806 3726 858 3790 vel
880 3727 1019 3793 officium
1043 3730 1129 3794 licito
1152 3730 1295 3810 recipere
1319 3733 1444 3792 etcum
1468 3728 1552 3792 dicto
1575 3727 1731 3792 lectoratu
1754 3725 1880 3789 insimul
1904 3727 2050 3791 retinere
2074 3726 2174 3801 valeat,

676 3830 916 3916 quibuscunque
940 3834 1222 3898 constitutionibus
1245 3832 1430 3914 apostolicis
1453 3832 1621 3897 contrariis
1645 3850 1705 3896 uon
1729 3830 1940 3909 obstantibus,
1970 3829 2012 3895 de
2041 3831 2175 3912 aropliori

674 3935 784 4016 gracia
806 3935 1038 4018 dispensantes,
1062 3956 1133 4002 cum
1156 3936 1309 4003 clausulis
1333 3942 1495 4018 utsupra.

779 4057 852 4124 Fiat
873 4058 910 4123 R.

783 4180 865 4245 Item
887 4186 1044 4263 quatenus
1066 4181 1281 4263 predictorum
1304 4178 1443 4243 omnium
1465 4196 1597 4242 examen
1626 4178 1815 4241 remittatur.
1861 4175 1935 4241 Fiat
1960 4176 1998 4241 R.
2045 4178 2088 4243 Et
2109 4181 2173 4258 qt

678 4301 703 4348 s.
726 4303 755 4348 a.
780 4284 800 4348 l.
823 4284 898 4349 Fiat
919 4285 957 4350 R.
981 4286 1020 4349 D.
1044 4286 1202 4349 Aninione
1224 4284 1269 4349 v1
1293 4303 1364 4348 non.
1388 4283 1468 4348 Iulii
1490 4301 1518 4347 a.
1543 4282 1717 4347 undecimo.

782 4455 933 4511 Clementis
952 4457 990 4511 Vl
1008 4456 1034 4510 S.
1053 4456 1118 4525 Xlll
1139 4460 1195 4522 (22)
1207 4455 1225 4509 i.
1239 4463 1280 4510 48.
1300 4487 1333 4495 -
1360 4457 1383 4522 ·)
1404 4456 1493 4524 suppl.
1508 4471 1593 4522 supra
1611 4455 1637 4509 S.
1665 4454 1688 4520 b)
1708 4454 1744 4519 ,in
1762 4452 1923 4519 honore‘S,
1936 4469 2009 4507 corr.
2023 4453 2058 4507 ab
2072 4452 2172 4508 editore.

676 4874 797 4941 1492.
822 4876 969 4940 Contrado
992 4876 1115 4958 Scit-ops
1125 4884 1151 4957 ⁸)
1175 4876 1213 4939 dc
1240 4872 1409 4949 Ibthooia,
1438 4871 1620 4953 presbytero
1644 4870 1814 4949 I'rngensis
1836 4868 1982 4945 diocesis,
2006 4870 2172 4934 conceditur

674 4976 827 5041 abactam
854 4979 955 5063 plena
986 4980 1021 5043 in
1053 4981 1162 5043 vitodis
1186 4977 1329 5044 articnlo.
1375 4979 1429 5052 ,ἃ
1452 4975 1608 5040 Aninione
1638 4973 1710 5038 llil
1737 4993 1806 5038 non.
1830 4972 1915 5039 Jnlii
1944 4995 1977 5038 a.
2002 4974 2171 5037 amerino!

1247 5084 1363 5147 lbrtna
1386 5085 1422 5144 nt
1444 5081 1479 5144 in
1501 5102 1531 5144 n.
1555 5082 1607 5143 65.

1704 5163 1866 5238 Aoittione,
1891 5165 1979 5228 1352
2003 5163 2088 5231 Jnlh’
2107 5166 2134 5226 4.

781 5342 930 5397 Clementis
949 5341 986 5393 v1
1006 5344 1038 5394 A.
1057 5342 1124 5408 xlm
1144 5346 1218 5407 (tao)
1236 5340 1254 5393 i.
1274 5347 1333 5408 tot,
1354 5340 1387 5394 de
1406 5338 1579 5393 absolutione
1599 5354 1642 5405 qn.
1665 5344 1676 5389 1
1698 5343 1725 5390 et
1743 5334 1997 5389 unicani-217
2017 5336 2034 5388 i.
2055 5341 2104 5387 2⁸9
2121 5333 2169 5386 tine

678 5445 801 5487 numero.
822 5461 853 5471 -
881 5435 903 5494 Ι)
922 5427 1021 5496 ,scopi
1040 5430 1072 5480 A.

1328 5629 1531 5640 ρ...-
