5184 7050
1989 873 2053 943 cst

537 1076 632 1143 932.
669 1075 811 1153 aarum,
844 1078 1057 1141 Rornanorum
1091 1082 1122 1141 rt
1151 1077 1321 1142 Balreruiac
1351 1098 1417 1154 rer,
1449 1079 1618 1164 supplicat,
1653 1083 1809 1162 quatenus
1842 1079 2054 1148 collectoribus

536 1180 718 1259 arautem,
731 1185 766 1243 ut
780 1180 933 1245 decianam
948 1183 982 1245 iu
998 1182 1092 1245 terris
1115 1183 1183 1246 suis
1206 1187 1351 1247 crudam
1375 1183 1436 1247 sibi
1460 1185 1657 1264 iutepralitcr
1679 1184 1803 1249 soteaac
1822 1190 1852 1249 et
1872 1188 2046 1268 assipueut.

1459 1297 1625 1373 Aoiuioue,
1648 1301 1734 1362 1347
1757 1298 1949 1382 Septembris
1974 1304 2001 1366 l.

645 1407 810 1490 Supplicat
839 1408 870 1474 S.
901 1408 939 1472 V.
971 1409 1195 1474 devotissimus
1226 1408 1246 1474 f.
1278 1429 1306 1475 e.
1339 1410 1486 1489 Karalus,
1517 1411 1728 1477 Romanorum
1758 1417 1792 1476 et
1821 1414 1952 1479 Boemie
1981 1432 2048 1493 rex,

537 1511 635 1592 quod,
659 1531 729 1576 cum
752 1512 792 1575 de
814 1511 946 1577 decimis
968 1502 1123 1594 olim'per
1146 1513 1177 1578 S.
1200 1514 1238 1579 V.
1262 1515 1419 1597 impositis
1442 1516 1473 1580 in
1497 1534 1593 1597 regno
1615 1516 1745 1580 Boemie
1772 1522 1805 1581 ot
1836 1516 1909 1581 aliis
1939 1519 2044 1595 terris,

537 1615 694 1679 subiectis
727 1622 761 1680 et
795 1617 1017 1682 obedientibus
1048 1619 1115 1697 regi
1145 1618 1285 1697 Boemie,
1309 1638 1367 1701 pro
1390 1621 1487 1685 certis
1510 1621 1655 1685 terminis
1679 1621 1710 1684 in
1734 1619 1910 1686 subsidium
1934 1628 2046 1688 contra

536 1717 696 1794 Turcos¹t
720 1725 753 1784 et
775 1721 898 1785 decima
921 1722 992 1802 ipsa
1014 1727 1087 1786 ante
1112 1724 1349 1788 concessionem
1371 1742 1428 1789 sen
1445 1725 1681 1807 imposicionem
1697 1724 1878 1791 huiusmodi
1902 1745 1959 1808 pro
1982 1745 2045 1791 uno

535 1823 674 1888 termino
697 1831 811 1889 exacta
834 1827 1006 1904 extitisset,
1030 1827 1178 1908 dignetur
1193 1826 1224 1893 S.
1241 1829 1279 1892 V.
1294 1829 1448 1893 mandare
1465 1881 1472 1894 .
1490 1880 1497 1893 .
1515 1829 1738 1894 collectoribus
1762 1830 1801 1894 ad
1825 1830 1856 1894 id
1874 1831 2047 1913 deputatis,

537 1927 626 2007 quod
650 1927 764 1993 dictam
787 1929 931 1996 eiusdem
954 1932 1080 1995 termini
1105 1938 1249 1997 exactam
1273 1932 1426 1998 decimam
1450 1933 1554 1999 eidem
1576 1935 1643 2017 regi
1666 1935 1717 1999 nel
1740 1935 1865 2000 nunciis
1888 1954 1946 2002 seu
1978 1954 2050 2018 pro-

538 2033 744 2097 curatoribus
766 2036 833 2098 suis
857 2036 983 2099 solvant
1005 2036 1203 2116 integraliter
1226 2043 1260 2101 et
1281 2038 1454 2119 assignent.

647 2137 718 2202 Fiat
742 2140 772 2204 iu
796 2158 892 2221 regno
916 2140 1045 2204 Boemie
1069 2149 1101 2205 et
1124 2141 1196 2205 aliis
1219 2143 1315 2206 terris
1338 2144 1405 2208 suis
1428 2162 1467 2207 ex
1495 2143 1697 2208 successione
1732 2150 1897 2225 parentum
1921 2163 2050 2209 suorum

538 2244 576 2309 R.
617 2244 662 2309 Et
684 2263 713 2326 q.
737 2250 759 2308 t.
785 2263 810 2308 e.
834 2262 862 2308 a.
887 2245 906 2309 l.
947 2244 1017 2308 Fiat
1040 2245 1076 2309 R.
1123 2247 1161 2310 D.
1188 2247 1344 2312 huinione
1366 2248 1429 2313 VII
1453 2248 1494 2312 id.
1519 2248 1714 2329 Septembris
1739 2267 1766 2312 a.
1791 2254 1890 2313 sexto.

646 2363 793 2418 Clementis
812 2363 850 2415 Vl
869 2363 896 2416 S.
914 2362 980 2432 vlf-a
997 2369 1051 2429 (tlt
1070 2366 1087 2419 l.
1107 2372 1148 2419 46.
1169 2399 1198 2406 -
1222 2370 1241 2424 ¹t
1259 2369 1303 2421 hic
1322 2376 1402 2422 tenor
1419 2369 1529 2423 litterae
1548 2375 1693 2436 corrnptns
1713 2383 1774 2421 esse
1794 2368 1908 2422 videtur.

535 2663 632 2729 933.
658 2660 799 2736 Carolus,
821 2663 1031 2726 Romauouua
1047 2683 1113 2733 rer,
1128 2662 1300 2746 supplicat.
1316 2669 1471 2745 quatenus
1487 2685 1556 2729 cum
1573 2663 1791 2748 Reimpreahto
1807 2665 1844 2730 de
1861 2665 2047 2743 ,cresinae

533 2764 805 2849 etddlcllra,fllia
817 2765 998 2830 Eberhard-i
1009 2765 1047 2830 de
1060 2767 1378 2852 ,Thechado“,super
1394 2771 1593 2835 matrimonio
1612 2769 1823 2834 contrahendo
1841 2769 2047 2853 dispensetur.

1461 2882 1623 2960 Actu-ioue,
1648 2883 1733 2947 1347
1756 2881 1949 2966 Septembris
1974 2886 2001 2948 7.

643 2992 808 3075 Significat
830 2994 860 3058 S.
885 2995 922 3059 V.
947 2995 1081 3059 devotus
1104 2995 1124 3059 l.
1148 3015 1176 3060 x.
1200 2994 1349 3073 Karalus,
1373 2996 1425 3060 dei
1455 2997 1560 3077 gaola
1591 2996 1803 3062 Romanorum
1834 3015 1889 3060 rex
1919 3014 2045 3078 semper

535 3105 703 3181 augustus,
735 3100 828 3181 quod,
853 3118 923 3163 cum
951 3098 1025 3162 olim
1058 3099 1172 3164 nobilis
1203 3100 1372 3164 Ebhardns
1403 3100 1442 3164 de
1473 3099 1652 3178 Theehado,
1678 3106 1841 3182 assumpto
1864 3102 1924 3166 sibi
1948 3100 2047 3165 fratre

534 3203 749 3285 Rymprechei
773 3203 812 3267 de
836 3202 992 3278 Olssinez,
1016 3222 1079 3267 una
1102 3222 1172 3267 cum
1208 3204 1396 3285 quibusdam
1426 3203 1498 3268 aliis
1529 3205 1735 3287 complicibus
1765 3205 1832 3268 suis
1865 3204 1905 3269 ad
1940 3205 2048 3270 hostes

535 3308 693 3390 quosdam
718 3308 927 3399 invadendum
952 3308 1072 3385 ixisset,
1097 3308 1207 3389 eisque
1232 3327 1302 3372 enm
1325 3309 1420 3373 dictis
1444 3308 1589 3374 hostibus
1612 3309 1828 3391 pugnantibus
1851 3306 1951 3373 frater
1971 3309 2048 3375 dicti

534 3413 767 3498 Reymprechei
799 3431 817 3476 a
850 3411 943 3477 dietis
977 3412 1121 3476 hostibus
1156 3411 1343 3478 interiectus
1377 3414 1546 3490 extitisset,
1583 3414 1727 3495 interque
1762 3411 1877 3477 nobilis
1900 3412 2047 3494 hleythe,

536 3515 604 3583 filie
639 3518 813 3599 supradicti
848 3516 963 3583 nobilis
998 3516 1149 3595 Ebhardi,
1186 3524 1219 3582 et
1252 3516 1481 3600 Reymprechei
1496 3521 1522 3598 ⁸)
1558 3516 1692 3600 predicti
1728 3517 1980 3599 consanguineos
2015 3523 2048 3582 et

533 3625 656 3688 amicos
672 3628 802 3705 propter
817 3640 926 3686 necem
942 3621 1052 3687 fratris
1068 3623 1169 3704 ipsius
1183 3622 1413 3706 Reymprechei
1429 3622 1618 3704 multiplicia
1634 3620 1784 3687 scandala
1798 3640 2047 3705 guerrarumque

533 3727 681 3810 pericula
703 3733 818 3792 extunc
842 3728 1014 3791 extiterant
1036 3732 1069 3791 et
1092 3727 1195 3792 adhue
1226 3729 1291 3792 sint
1320 3729 1484 3804 suscitata,
1493 3725 1520 3807 b)
1553 3727 1694 3807 dictique
1716 3725 1857 3807 dleytha
1879 3731 1911 3791 et
1933 3727 2047 3808 Reym-

532 3831 645 3915 prech,
669 3834 723 3914 qui
747 3837 860 3914 quarm
884 3837 916 3896 et
939 3833 1049 3913 quinto
1073 3832 1358 3910 consanguinitatis
1388 3832 1488 3914 gradu
1519 3849 1553 3894 se
1588 3831 1759 3911 attingunt,
1794 3832 1924 3913 cupiant
1940 3837 1965 3910 e)
2001 3831 2042 3895 ad

532 3936 739 4019 supradictas
761 3953 893 4017 gneum
916 3935 1075 3999 sedandas
1091 3934 1132 3998 ad
1148 3935 1282 3998 invicem
1299 3935 1575 4000 matrimonialiter
1590 3934 1749 4016 copulari:
1774 3934 1941 4016 supplicat,
1967 3954 2043 4016 qua·

532 4048 631 4106 tenus
661 4040 702 4105 ad
730 4040 910 4105 huiusmodi
941 4039 1103 4122 periculis,
1130 4040 1264 4103 excidiis
1279 4037 1306 4119 ἃ)
1331 4045 1364 4105 et
1387 4039 1547 4104 scandalis
1570 4038 1762 4102 obviandum
1786 4056 1856 4102 cum
1880 4039 1936 4116 eis,
1961 4039 2044 4120 quod

534 4146 704 4229 premissis
727 4164 789 4209 non
812 4145 1014 4209 obstantibus
1037 4143 1163 4207 valeant
1187 4142 1281 4208 iidem
1298 4144 1436 4226 hleytha
1459 4151 1492 4208 et
1514 4141 1711 4225 Reymprech
1736 4143 1776 4206 ad
1801 4143 1935 4208 invicem
1958 4141 2045 4208 licite

532 4249 813 4314 matrimonialiter
846 4248 997 4330 copulari,
1033 4247 1203 4330 dignemini
1237 4248 1487 4312 misericorditer
1520 4246 1716 4329 dispensare,
1748 4245 1869 4328 prolem
1883 4249 1910 4326 ο)
1945 4248 2045 4311 susci·

531 4356 684 4438 piendam
719 4355 759 4418 ab
794 4354 913 4417 eisdem
948 4353 1119 4434 legitimam
1153 4351 1370 4431 decernentes,
1405 4370 1475 4417 cum
1505 4350 1658 4415 clausulis
1688 4356 1721 4415 et
1751 4370 1812 4415 non
1842 4352 2043 4416 obstantibus

532 4459 702 4542 oportunis
725 4463 759 4521 et
781 4459 1014 4522 executoribus.

641 4563 723 4642 Fiat,
747 4563 774 4626 si
798 4563 949 4644 indigent,
972 4581 1031 4644 per
1053 4561 1265 4642 dictamnum,
1290 4562 1317 4626 si
1351 4561 1393 4625 sit
1422 4561 1470 4625 ita
1503 4561 1539 4625 lt.
1578 4561 1621 4626 Et
1644 4579 1673 4641 q.
1697 4565 1720 4624 t.
1744 4578 1769 4625 s.
1794 4578 1822 4624 a.
1847 4559 1866 4624 l.
1910 4560 1983 4625 Fiat
2006 4560 2042 4626 R.

532 4670 575 4733 D.
605 4668 764 4732 Aninione
787 4667 849 4731 Vll
872 4666 914 4729 id.
938 4664 1134 4746 Septembris
1157 4684 1184 4729 a.
1209 4670 1308 4730 sexto.

645 4786 793 4841 Clementis
811 4785 894 4839 VIS.
912 4785 979 4853 Vll-2
999 4786 1055 4851 (ll)
1075 4784 1094 4839 l.
1113 4791 1154 4837 bt.
1172 4814 1200 4823 -
1232 4786 1255 4850 ¹)
1275 4785 1400 4854 seqnitur
1426 4785 1535 4838 iterum:
1565 4800 1591 4850 ‚a
1618 4784 1697 4838 dictis
1724 4784 1851 4839 hostibus
1880 4782 2043 4837 interiectus

533 4875 692 4942 extitisset,
712 4874 760 4929 sed
780 4875 961 4930 cancellatum
981 4874 1006 4926 S.
1035 4877 1060 4938 b)
1079 4875 1258 4930 auscitarnm‘
1277 4873 1313 4940 S.,
1331 4889 1400 4925 corr.
1420 4870 1454 4925 ab
1474 4870 1588 4924 editore.
1616 4874 1639 4938 ο)
1657 4872 1842 4941 ,cupiantque‘
1865 4870 1901 4937 S,
1920 4886 1988 4924 corr.
2010 4870 2044 4924 ab

532 4963 653 5017 editore.
681 4964 705 5029 ⁴¹)
724 4963 840 5025 ,exidiis‘
860 4963 886 5015 S.

530 5175 630 5242 934.
664 5172 805 5251 (brolius,
832 5175 1045 5237 lteraauoruru
1074 5176 1104 5233 et
1126 5168 1297 5234 Boleruiac
1326 5188 1393 5242 rer,
1424 5166 1594 5250 supplicat,
1624 5173 1782 5250 quatenus
1812 5168 1977 5236 Johauues
2008 5168 2045 5231 de

530 5278 746 5359 Lichtcuberp
775 5278 814 5341 ab
844 5276 1175 5341 ercorraauuicatiouis
1205 5278 1235 5338 et
1265 5274 1341 5337 aliis
1363 5273 1526 5337 sententiis
1549 5273 1741 5348 absolvatur,
1765 5293 1835 5337 arm
1857 5274 1928 5356 ipsa
1949 5292 2045 5356 super

528 5382 776 5463 irregularitate
798 5383 996 5466 dispeusator
1018 5385 1047 5442 ct
1064 5383 1197 5461 fructus
1219 5400 1280 5461 per
1295 5397 1372 5448 rum
1395 5377 1491 5441 ctiam
1514 5378 1637 5441 uaraiue
1660 5377 1811 5442 Lutecici
1826 5377 1951 5457 fratris
1970 5398 2045 5459 per-

1104 5483 1186 5565 cepti
1208 5482 1237 5545 ci
1259 5481 1473 5546 rcurittautur.

1458 5568 1623 5645 dotatore,
1645 5572 1732 5635 1347
1755 5567 1947 5653 Septembris
1972 5570 2000 5633 7.

640 5696 804 5780 Significat
827 5697 857 5760 S.
883 5696 919 5761 V.
941 5694 1166 5759 devotissimus
1182 5692 1203 5757 l.
1220 5709 1248 5756 x.
1265 5691 1412 5766 Karolus,
1436 5691 1649 5756 Romanorum
1672 5699 1705 5756 et
1726 5692 1856 5757 Boemie
1876 5709 1942 5768 rex,
1959 5691 2044 5772 quod

524 5807 612 5875 olim
635 5804 772 5868 dilectus
795 5821 872 5866 suus
895 5802 1009 5866 nobilis
1031 5800 1197 5865 lohannes
1219 5799 1258 5863 de
1280 5796 1515 5880 Liehtemberg,
1539 5816 1595 5879 pro
1620 5816 1682 5880 quo
1704 5797 1774 5881 ipse
1795 5815 1853 5863 rex
1875 5795 1956 5861 alias
1984 5813 2043 5860 sue
