5184 7050
1880 870 1941 935 127

443 1074 482 1138 rel
504 1095 577 1139 conr
599 1077 766 1140 vacaverit
788 1076 821 1139 in
844 1076 930 1140 droca
953 1075 1099 1153 ecclesia,
1124 1075 1347 1140 conferendam
1370 1075 1455 1140 dicto
1480 1076 1653 1141 Laurentio
1677 1077 1843 1142 donacioni
1867 1097 1943 1159 apo·

443 1180 544 1244 stolico
567 1181 742 1262 dignemini
766 1198 942 1259 reservare,
967 1199 1037 1245 cum
1069 1180 1303 1260 acceptacione‚
1335 1180 1537 1257 inlribiciono,
1569 1181 1697 1246 decreto
1733 1188 1765 1246 et
1799 1180 1943 1247 clausula

442 1283 596 1363 anteferri,
620 1303 683 1348 non
706 1284 865 1363 obstante,
889 1283 973 1366 qood
998 1284 1219 1349 canonicatum
1241 1290 1274 1348 et
1296 1283 1494 1366 prebendam
1510 1284 1785 1352 Wratislauieusis
1808 1286 1942 1352 ecclesie

442 1388 612 1454 dinoscitur
634 1388 790 1466 obtinere,
814 1394 847 1453 et
869 1407 931 1453 non
954 1390 1102 1453 obstante
1125 1388 1366 1466 consuetudine,
1390 1406 1453 1469 que
1475 1390 1509 1453 in
1532 1389 1618 1454 diota
1649 1390 1786 1456 ecclesia
1808 1391 1943 1456 Warmi-

441 1493 561 1570 oonsi·)
593 1492 712 1557 dicitur
741 1492 914 1570 observari,
946 1492 1030 1575 quod
1062 1491 1168 1557 nullus
1197 1492 1317 1572 poterit
1339 1490 1458 1557 habere
1481 1494 1632 1558 maiorem
1654 1494 1858 1575 prebendam,
1881 1494 1944 1558 nisi

440 1597 593 1678 gradatim
617 1596 800 1662 ascenderit
821 1616 879 1679 per
901 1597 1049 1676 minores,
1074 1593 1212 1682 [cum]l)
1237 1598 1461 1661 executoribus
1485 1601 1544 1661 etc.
1570 1602 1605 1663 ut
1629 1598 1660 1661 in
1683 1597 1793 1663 lomna.

538 1700 614 1766 Fiat
636 1700 674 1765 n
1598 1705 1602 1715 '

537 1805 622 1871 Item
645 1803 807 1886 supplicat
829 1804 912 1869 idom
936 1805 1140 1883 Laurentius,
1161 1810 1320 1886 [quatenus
1337 1805 1498 1887 aliquibus
1515 1805 1662 1871 discretis
1679 1807 1757 1872 darc
1772 1807 1944 1888 dignemini

441 1916 561 1974 vestras
584 1908 710 1973 litteras
725 1911 750 1990 e)
773 1910 806 1973 in
828 1908 998 1987 recolatis,
1023 1913 1059 1973 ut
1081 1909 1142 1991 ipsi
1165 1910 1333 1991 Agnetom,
1357 1909 1454 1974 liliam
1477 1909 1602 1974 Nicolai
1626 1911 1797 1988 Zcudenni,
1817 1915 1943 1993 neptem

440 2033 534 2091 suam,
568 2012 710 2093 puellam
744 2012 929 2091 litteratam,
964 2014 996 2077 in
1030 2014 1222 2078 monasterio
1257 2018 1368 2077 sancte
1392 2012 1487 2078 Clare
1512 2014 1801 2093 WratislauicnsiS,
1824 2014 1944 2080 ordinis

440 2116 578 2182 ciusdem
602 2121 723 2193 sancte,
747 2117 846 2199 recipi
870 2117 992 2182 faciant
1015 2117 1207 2182 auctoritate
1230 2123 1338 2182 vestro
1356 2118 1389 2182 in
1406 2117 1592 2181 monacham
1608 2122 1639 2182 et
1656 2136 1796 2183 sororem
1819 2118 1943 2199 sibique

441 2220 616 2303 regularem
638 2220 783 2286 habitum
806 2221 950 2285 exhiberi
973 2225 1006 2285 et
1028 2219 1116 2285 volut
1139 2221 1233 2285 alteri
1256 2221 1398 2285 eiusdem
1421 2221 1604 2285 monasterii
1632 2221 1762 2286 moniali
1792 2223 1858 2287 vite
1888 2238 1942 2285 ne-

440 2325 575 2388 cessaria
598 2325 774 2389 ministrari
797 2331 829 2390 et
852 2326 976 2389 sincera
1001 2326 1033 2389 in
1057 2324 1181 2390 domino
1213 2327 1348 2390 caritate
1378 2326 1520 2404 tractari,
1553 2330 1639 2391 certo
1671 2345 1801 2391 numero
1832 2344 1941 2409 perso·

439 2447 557 2506 nuum,
592 2429 621 2492 si
655 2430 726 2511 quis
760 2435 818 2506 est,
854 2434 886 2493 et
919 2429 1161 2511 quibuscunque
1199 2431 1483 2495 consuctudinibus
1517 2434 1549 2494 ot
1586 2432 1717 2495 statutis
1755 2429 1875 2495 ordinis
1909 2435 1942 2494 et

440 2533 620 2597 monasterii
657 2531 871 2613 predictorum
908 2552 970 2598 non
1008 2534 1209 2599 obstantibus
1244 2539 1277 2598 ot
1312 2554 1381 2599 cum
1417 2534 1569 2599 clausulis
1607 2536 1781 2617 oportunis,
1817 2541 1942 2600 contra-

440 2636 572 2701 dictores
595 2640 657 2700 etc.

536 2740 612 2805 Fiat
635 2741 667 2805 in
690 2738 791 2805 forma
814 2741 850 2804 R.
875 2741 957 2806 ltem
980 2741 1150 2823 supplicat,
1175 2761 1204 2823 q.
1228 2749 1251 2806 t.
1276 2761 1301 2806 s.
1327 2762 1354 2806 a.
1379 2744 1399 2806 l.
1425 2743 1498 2806 Fiat
1521 2743 1558 2807 R.
1576 2743 1614 2806 D.
1633 2742 1789 2807 Aniniono
1812 2743 1874 2809 Vll
1898 2742 1940 2807 id.

442 2843 512 2909 lolii
535 2864 565 2908 a.
589 2844 740 2908 secundo.

536 3015 688 3069 Clementis
712 3015 751 3069 Vl
774 3016 792 3070 S
816 3017 872 3086 llsb
896 3018 934 3085 (a)
961 3015 979 3069 f.
1003 3023 1045 3071 80.
1071 3047 1104 3055 -
1131 3019 1154 3082 r)
1180 3024 1333 3071 correctum
1355 3034 1388 3071 ex
1408 3018 1646 3084 ,Wrutislouiensi‘
1665 3020 1692 3071 S.
1720 3017 1942 3085 poeonius,

445 3102 592 3171 suppletum
612 3102 647 3155 ab
667 3100 780 3157 editore.
808 3105 830 3160 cl
850 3103 957 3169 ,restris
975 3104 1085 3158 litteris‘
1106 3103 1131 3157 S.

449 3592 527 3657 216.
572 3592 748 3655 Laurentio
771 3591 917 3655 Hurllr'eh
930 3595 955 3671 ⁸)
982 3592 1167 3674 providetur
1197 3592 1235 3655 do
1258 3593 1447 3657 crrrooaicolu
1476 3592 1625 3657 ccclesiae
1655 3593 1857 3657 lllrrmo'ensr's
1885 3593 1942 3657 sub

449 3696 650 3776 expectatione
677 3695 888 3778 praebendae,
912 3717 972 3759 non
995 3696 1138 3759 obstando
1160 3701 1195 3758 ut
1217 3697 1252 3759 la
1274 3719 1304 3761 a.
1328 3700 1401 3762 215.
1449 3699 1500 3769 ,D.
1524 3697 1680 3760 Aulocrene
1710 3696 1777 3760 VII
1794 3696 1837 3760 id.
1859 3695 1944 3763 dol-ia·

448 3819 472 3861 o.
490 3798 641 3863 secundo!
664 3837 709 3845 -
733 3802 773 3863 [a
794 3822 819 3864 e.
842 3821 883 3862 m.
906 3801 1049 3883 cp0'scopo
1071 3799 1311 3864 Vralr'sluor'orrsi
1333 3805 1363 3863 et
1385 3800 1493 3864 obtato·
1516 3801 1699 3865 monosterii
1723 3802 1755 3864 in
1772 3801 1941 3874 Kamcnca,

457 3900 703 3967 l'rotisluor'easr’s
734 3902 876 3978 diocesis,
907 3925 945 3967 ac
970 3905 1153 3986 praeposito
1183 3905 1334 3968 ecclcsiae
1357 3904 1559 3969 Lubuccnsis.
1606 3905 1721 3968 Formo
1743 3909 1780 3967 at
1801 3905 1836 3968 a'a
1858 3926 1888 3969 o.
1911 3910 1942 3969 t'.

487 4086 523 4228 l
542 4109 592 4228 ξ,
1466 4102 1629 4179 aulona
1652 4105 1738 4168 rara
1760 4101 1846 4170 uuo
1867 4108 1897 4167 o.

542 4314 693 4369 Clementis
711 4315 750 4367 Vl
768 4317 792 4368 A
811 4315 866 4378 llis
886 4321 940 4382 (75)
961 4317 978 4370 l.
999 4317 1067 4382 128¹,
1087 4317 1120 4370 de
1139 4315 1302 4370 canonicatu
1322 4318 1373 4371 sub
1401 4318 1592 4385 expectatione
1618 4315 1792 4385 praebendae
1818 4333 1862 4385 qu.
1880 4323 1943 4369 4:

456 4395 478 4447 Υ.
496 4407 540 4452 15⁸
559 4401 577 4456 l.
599 4403 656 4454 113¹
677 4418 704 4454 n.
726 4408 783 4456 illd.
803 4402 868 4471 lleg.
888 4405 915 4456 in
935 4403 1032 4456 ZVGA
1053 4402 1209 4457 Sclrlesiens
1229 4402 1312 4470 XXV,
1331 4409 1390 4456 298.
1410 4435 1443 4443 —
1471 4414 1494 4472 ι’)
1514 4403 1640 4472 ,llartlip‘
1659 4406 1694 4456 Α.

454 4932 530 5000 217.
559 4933 729 5000 qulr'ct'lrus
759 4934 941 5014 rruuodular,
971 4940 1126 5016 quarternos·
1149 4937 1311 5015 Aqnctcrrc,
1336 4942 1448 5000 cruta-m
1471 4936 1600 5001 Nicolor?
1624 4937 1802 5008 chalerucr,
1827 4939 1859 4999 in
1883 4958 1945 4999 rour-

453 5038 577 5100 noterio
598 5043 733 5102 soractae
757 5038 878 5103 Clurda
899 5040 1156 5104 transducens-ts
1180 5042 1213 5104 io
1236 5040 1423 5104 rnoroocdunc
1446 5043 1545 5123 recipi
1571 5042 1705 5120 faciunt
1736 5045 1765 5104 el
1795 5061 1943 5104 sororem.

1012 5145 1127 5207 lbroru
1153 5149 1188 5206 ut
1210 5145 1244 5208 in
1267 5166 1296 5208 n.
1321 5147 1373 5209 90.

1469 5258 1631 5333 Aor'm'ooc,
1658 5259 1740 5321 1343
1763 5256 1848 5324 Joltt
1870 5259 1900 5321 9.

540 5462 578 5526 V.
602 5464 624 5528 f.
641 5512 673 5526 ..
698 5461 938 5545 archiepiscopo
974 5465 1154 5528 Grrozrronsi
1187 5471 1220 5529 et
1254 5466 1305 5529 dd.
1341 5465 1371 5530 il.
1390 5516 1420 5529 ..
1454 5466 1679 5530 brriuiononsis
1714 5485 1801 5530 ac..
1826 5465 1944 5530 Wrati-

453 5561 609 5630 sluuionsis
640 5566 848 5631 ecclesiarum
878 5568 1050 5648 prepositis
1082 5588 1106 5632 s.
1131 5576 1190 5633 otc.
1237 5569 1433 5634 Prudcntum
1457 5570 1611 5650 virginum
1635 5570 1740 5632 rotis.
1760 5619 1766 5632 .
1786 5620 1817 5633 ..
1865 5569 1944 5634 Cum

452 5662 546 5748 itaquo
570 5670 599 5734 d.
625 5670 658 5734 in
682 5669 740 5734 Ch.
764 5670 785 5734 f.
810 5671 925 5750 Agnes
950 5677 1025 5734 nata
1050 5672 1079 5736 d.
1103 5672 1123 5736 f.
1148 5673 1271 5736 Nicolai
1296 5673 1480 5749 Zcrrnlomcr,
1512 5672 1619 5753 purello
1651 5671 1795 5735 litterata
1828 5672 1943 5735 ll'rati-

453 5766 619 5851 alauieosis
644 5774 755 5854 cupiat
778 5774 861 5838 sicut
885 5776 1065 5854 accepimus
1089 5794 1152 5838 una
1176 5795 1245 5839 cum
1262 5776 1313 5839 dd.
1332 5778 1362 5839 in
1380 5775 1436 5840 Cli.
1454 5776 1483 5839 rl'.
1502 5824 1532 5838 ..
1559 5776 1722 5838 abbatissa
1738 5782 1771 5838 et
1787 5780 1941 5839 conventu
