5184 7050
653 871 717 936 326

649 1081 723 1158 post
745 1077 864 1141 dictum
886 1076 1055 1139 terminum
1080 1075 1121 1140 ad
1145 1074 1281 1141 offensas
1308 1078 1436 1138 mutuas
1459 1076 1491 1136 et
1514 1088 1702 1153 congressus
1724 1069 1866 1148 bellicos,
1897 1089 1936 1135 ex
1960 1069 2076 1152 quibus
2100 1073 2160 1133 etc.

645 1197 746 1262 usque
769 1178 962 1262 oportune,¹)
986 1179 1092 1243 verbis
1112 1182 1328 1260 competenter
1344 1177 1484 1241 mutatis.
1510 1175 1610 1253 Quam
1627 1175 1666 1238 ob
1682 1193 1749 1238 rem
1765 1174 1922 1257 prefatum
1938 1194 2057 1255 regem,
2072 1176 2163 1255 geni-

651 1288 752 1348 torem
777 1287 877 1361 tuum,
909 1282 1112 1346 exhortamur
1134 1286 1266 1359 attente,
1299 1285 1334 1344 ut
1355 1282 1521 1363 premissis
1549 1279 1757 1344 consideratis
1787 1283 1922 1344 attente.
1940 1276 2164 1344 sufferenciam

648 1405 751 1469 usque
767 1387 808 1452 ad
824 1386 992 1450 1111111111
1016 1385 1152 1468 predicti
1176 1386 1282 1449 nuncii
1307 1405 1377 1449 cum
1394 1385 1504 1448 eodem
1521 1402 1595 1466 rege
1614 1401 1711 1465 super
1732 1383 1885 1464 predictis
1906 1384 2044 1465 recipiat
2067 1388 2102 1448 et
2122 1382 2163 1447 ab

647 1491 791 1554 omnibus
822 1491 1098 1567 commocionibuS,
1131 1490 1334 1567 novitatibus,
1365 1489 1467 1553 noxiis
1491 1492 1523 1551 et
1546 1488 1769 1566 congressibus
1799 1486 1922 1552 bellicis
1952 1486 2083 1569 penitus
2107 1487 2163 1551 ab

648 1595 766 1658 stinere
789 1599 949 1676 procuret,
980 1594 1083 1655 seierus
1106 1612 1163 1673 pro
1188 1598 1287 1671 certo,
1326 1593 1419 1674 quod,
1450 1592 1477 1655 si
1501 1592 1701 1670 contrarium,
1732 1591 1816 1672 quod
1839 1592 1931 1669 absit,
1966 1591 2091 1656 faceret
2113 1590 2165 1656 uel

649 1698 766 1762 nostris
789 1697 970 1761 huiusmodi
995 1697 1282 1762 culrortacionibus.
1300 1696 1480 1761 salubribus
1503 1714 1565 1759 non
1588 1696 1806 1776 acquiesceret
1828 1715 1899 1760 cum
1922 1692 2048 1774 ellectu,
2071 1696 2166 1760 nobis

651 1801 842 1883 displicibile
865 1801 1035 1882 plurimum
1058 1801 1254 1878 redderetur,
1285 1820 1356 1865 cum
1380 1799 1475 1864 simili
1498 1799 1590 1864 modo
1619 1799 1795 1864 scribamus
1826 1798 1911 1864 dicto
1933 1800 2002 1883 regi
2026 1804 2060 1863 et
2082 1819 2165 1864 nun·

652 1905 719 1970 cius
752 1905 928 1988 prelibatus
961 1905 1096 1970 festinet
1119 1905 1290 1988 adportes
1321 1905 1402 1982 illas,
1437 1909 1591 1986 quanturn
1619 1907 1727 1985 potest
1760 1903 1931 1983 commode,
1965 1904 2029 1969 iter
2059 1921 2164 1968 suum.

651 2010 806 2087 Quocirca
828 2009 1026 2074 nobilitatem
1049 2016 1137 2074 tuam
1159 2027 1307 2091 rogamus
1323 2013 1355 2072 et
1370 2008 1534 2073 hortamur
1556 2012 1688 2086 attente,
1713 2013 1870 2089 quatenus
1886 2008 1926 2072 ad
1942 2008 2002 2073 hoc
2025 2008 2166 2073 eundem

651 2114 826 2196 genitorem
849 2120 938 2178 tuum
962 2114 1112 2178 inducere
1145 2119 1245 2194 tuque
1276 2114 1430 2195 premissa
1464 2131 1647 2194 promouere
1679 2118 1723 2191 et,
1754 2119 1905 2194 quantum
1936 2113 1969 2177 in
1990 2118 2024 2178 te
2055 2112 2165 2191 fuerit,

653 2217 760 2282 lacere
783 2237 844 2281 non
867 2224 1050 2300 postponas.
1075 2219 1113 2283 D.
1138 2223 1174 2282 ut
1196 2237 1221 2282 s.
1245 2216 1417 2300 [Auiuioue
1440 2218 1489 2283 111
1511 2218 1574 2282 kal.
1598 2218 1786 2283 Novembris
1807 2237 1836 2284 a.
1860 2216 2036 2302 quarto.]¹)

760 2476 905 2531 Clementis
923 2476 961 2529 Vl
981 2478 1012 2530 V.
1033 2484 1081 2530 139
1101 2480 1180 2545 (secr.
1198 2492 1223 2529 a.
1243 2475 1327 2541 1111.
1347 2481 1377 2529 81
1407 2492 1433 2529 u.
1453 2481 1511 2529 136.
1533 2475 1583 2529 Ed.
1602 2474 1722 2529 Tbeiner
1740 2476 1798 2530 MP.
1818 2476 1831 2529 Ι
1849 2493 1875 2529 n.
1895 2481 1953 2530 633,
1969 2505 2001 2514 -
2030 2476 2054 2542 ·)
2073 2474 2166 2542 ,111111-

658 2562 1572 2631 1111111111-11111111.1391.1311111111111111111.639).
1610 2565 1630 2631 ⁹)
1649 2570 1680 2616 ut
1697 2563 1725 2615 in
1744 2563 1775 2618 V.
1798 2568 1846 2616 139
1873 2568 1970 2616 11134
1998 2561 2085 2631 (apud
2115 2579 2167 2617 nos

657 2666 729 2704 num.
750 2656 820 2716 539).

658 3225 749 3292 541.
776 3223 960 3300 ludovicus,
983 3246 1039 3290 rex
1067 3227 1236 3306 [lanariae.
1264 3230 1405 3307 rogatur,
1428 3230 1582 3308 qautenus
1605 3226 1808 3310 efficiendum
1831 3232 1927 3305 curet,
1949 3232 1987 3291 ul
2000 3228 2169 3296 Jobannes

661 3329 831 3394 Bobemiae
852 3334 883 3393 et
906 3329 1084 3394 Cusimirus
1107 3329 1257 3394 Poloniae
1278 3351 1366 3411 repes
1389 3331 1602 3411 congressibus
1624 3331 1790 3396 hostilibus
1811 3352 1909 3415 nsque
1932 3332 1976 3397 ad
1998 3332 2170 3397 adventum

1096 3433 1394 3517 apostolicaesedis
1417 3435 1521 3499 11111111
1543 3435 1732 3500 abstineant.

1605 3628 1767 3704 Avinione,
1794 3630 1877 3693 1345
1903 3627 2048 3692 Octobris
2070 3631 2124 3694 29.

768 3869 936 3934 einch.
962 3869 1177 3949 1111111111,
1212 3872 1278 3952 rogi
1305 3871 1440 3953 Vngarie
1465 3871 1589 3935 illustri.
1629 3872 1717 3936 Sicut
1752 3872 1867 3952 regalis
1891 3871 2085 3936 excellencia
2108 3892 2172 3936 non

662 3974 795 4054 ignorat,
813 3974 930 4036 dudum
946 3975 1028 4037 inter
1043 3975 1220 4038 carissimos
1237 3976 1267 4038 in
1284 3974 1410 4039 Clrristo
1430 3974 1460 4039 ff.
1478 3996 1528 4039 nn.
1545 3975 1564 4038 J
1568 3976 1732 4054 olrannem,
1752 3977 1892 4054 Boeruie,
1910 3981 1942 4040 et
1959 3977 2166 4054 Karimirum,

665 4078 793 4141 Polonie
824 4096 915 4159 reges
947 4078 1087 4142 illustres
1117 4081 1221 4160 gravis
1253 4079 1458 4143 dissensionis
1489 4080 1629 4158 materia,
1665 4100 1723 4161 per
1749 4099 1841 4160 quam
1864 4081 1956 4145 hoste
1980 4087 2173 4162 procurante

664 4181 790 4244 humani
825 4183 950 4261 generis
981 4182 1020 4244 ad
1052 4201 1235 4263 guerrarum
1266 4189 1297 4246 et
1328 4202 1552 4265 congressuum
1582 4184 1742 4247 lrostiliurn
1773 4184 1918 4248 fremitus
1949 4189 2175 4266 processerant

669 4285 742 4348 hinc
767 4285 839 4348 indo
863 4303 919 4348 seu
943 4286 1148 4350 intendebant
1171 4287 1352 4367 procedere,
1376 4288 1554 4368 periculose
1584 4289 1713 4352 nimium
1743 4289 1904 4366 suscitata,
1928 4289 2055 4352 tandem
2077 4308 2174 4370 reges

665 4389 725 4469 ipsi
750 4389 959 4453 mediantibus
982 4394 1015 4453 et
1038 4392 1246 4455 tractantibus
1269 4392 1345 4454 uiris
1368 4390 1507 4472 pacificis
1529 4396 1658 4472 treugas
1681 4393 1821 4456 inierunt
1835 4393 1980 4472 inuicem,
2005 4412 2107 4474 usque
2131 4393 2173 4457 ad

667 4494 787 4556 instans
810 4493 925 4557 festum
950 4495 1034 4558 beati
1058 4495 1186 4559 Martini
1213 4500 1377 4560 uenturum
1409 4497 1550 4575 proximo
1581 4496 1758 4560 duraturas.
1804 4498 1948 4561 Instante
1979 4503 2086 4561 autem
2109 4495 2174 4560 line

667 4603 849 4679 treugarum
872 4599 1023 4678 ipsarum,
1048 4617 1104 4661 nos
1127 4600 1284 4677 timentes,
1309 4598 1392 4680 quod
1416 4599 1476 4680 ipsi
1499 4606 1572 4682 post
1595 4599 1713 4663 dictum
1736 4602 1903 4665 terminum
1926 4602 1966 4664 ad
1982 4619 2175 4683 congressus

668 4701 856 4779 huiusmodi,
891 4702 1066 4783 exquibus
1097 4703 1205 4783 lapsus
1237 4722 1350 4780 rorum,
1385 4703 1508 4767 11111111
1539 4723 1742 4785 personarum
1775 4713 1808 4769 11
1836 4706 2011 4769 animarum
2034 4706 2176 4769 amarius

670 4806 864 4887 deploranda
887 4806 1028 4886 pericula
1052 4826 1171 4871 necnon
1203 4807 1401 4887 dispendium
1432 4806 1504 4870 111111
1529 4808 1694 4885 catholice,
1719 4811 1808 4873 cuius
1839 4810 1946 4872 hostes
1969 4808 2117 4873 blasfemi
2140 4814 2177 4873 et

668 4915 889 4992 persecutores
919 4910 981 4974 illis
1011 4912 1154 4992 partibus
1185 4916 1259 4974 srrnt
1289 4911 1393 4989 vicini,
1428 4911 1552 4992 aliaque
1582 4912 1664 4977 mala
1695 4914 1867 4989 innumera,
1902 4914 1962 4977 nisi
1990 4913 2177 4977 obviaretur

669 5015 848 5093 salubriter,
872 5021 1003 5096 possent
1025 5016 1124 5096 sequi,
1159 5021 1191 5079 et
1214 5017 1260 5080 eis
1284 5035 1450 5079 occurrere
1473 5024 1604 5098 paterne
1627 5017 1836 5082 solicitudinis
1860 5018 1973 5082 studiis
1998 5018 2176 5098 cupientes,

669 5119 699 5182 d.
722 5119 744 5183 1.
768 5120 951 5199 magistrum
974 5119 1178 5184 liuillelrnuur
1201 5120 1241 5183 de
1260 5120 1417 5198 Pusterla,
1440 5122 1636 5202 prepositum
1651 5121 1786 5186 ecclesie
1802 5122 2030 5199 PossoniensiS,
2053 5121 2178 5199 Strigo-

670 5223 788 5286 niensis
819 5221 963 5301 diocesis,
999 5223 1194 5304 capellanum
1225 5230 1377 5302 nostrum,
1413 5225 1586 5305 apostolice
1621 5226 1706 5289 sedis
1737 5228 1893 5305 nuncium,
1928 5227 2029 5290 virum
2065 5227 2178 5307 utique

671 5327 848 5392 litterarum
879 5329 1017 5392 sciencia
1047 5328 1215 5407 preditum,
1250 5327 1413 5393 fidelitatis
1446 5333 1480 5393 et
1511 5330 1713 5394 discrecionis
1744 5331 1926 5395 maturitate
1959 5331 2177 5412 conspicuum,

670 5433 768 5512 pacis
792 5432 936 5495 veritatis
960 5439 992 5497 ct
1014 5433 1139 5497 iusticie
1163 5432 1344 5510 relatorem,
1375 5432 1414 5495 ad
1450 5434 1620 5497 eorundem
1652 5454 1759 5515 regum
1791 5434 1988 5516 presenciam
2011 5440 2045 5497 et
2067 5441 2179 5516 partes

671 5535 741 5600 illas
764 5536 957 5615 providimus
981 5542 1150 5618 propterea
1173 5557 1242 5601 cum
1266 5538 1383 5599 nostris
1407 5538 1570 5619 oportunis
1593 5538 1708 5602 litteris
1731 5537 1913 5618 specialiter
1942 5539 2177 5605 destinandum.

671 5640 827 5704 Verentes
846 5659 980 5722 quoquc,
997 5641 1080 5722 quod
1104 5642 1184 5706 infra
1200 5641 1371 5705 instantem
1386 5646 1568 5724 treugarum
1583 5643 1796 5725 predictarum
1819 5644 1988 5707 terminum
2011 5644 2052 5707 ad
2068 5651 2179 5727 partes

671 5743 742 5810 illas
764 5745 932 5828 pervenire
965 5745 1049 5810 dicto
1079 5747 1193 5811 nuncio
1223 5764 1284 5810 non
1315 5745 1440 5812 valerna
1470 5752 1736 5832 attemptareutur
1769 5747 1874 5833 aliqua
1908 5747 2010 5816 hostis
2040 5750 2182 5833 predicti
