5184 7050
542 846 607 914 622

542 1053 604 1119 sibi
627 1053 780 1119 indictum
803 1071 839 1118 se
861 1058 1009 1136 oportere
1032 1054 1196 1137 suscipere
1219 1060 1252 1120 et
1274 1060 1460 1137 susceptum
1490 1056 1597 1123 subire
1619 1060 1653 1121 et
1676 1075 1847 1139 peragere,
1870 1058 1925 1123 vel
1949 1059 2045 1123 mortis

543 1158 718 1240 corporalis
740 1157 923 1223 inevitabile
946 1159 1122 1239 periculum
1146 1159 1316 1239 sustinere,
1342 1166 1377 1225 ut
1403 1166 1491 1227 certe
1521 1167 1554 1226 et
1585 1161 1780 1227 imminentis
1811 1182 1851 1227 ac
1885 1162 2046 1228 indubitate

542 1263 653 1328 mortis
676 1262 853 1345 periculum
877 1263 1036 1342 evaderet,
1061 1282 1168 1329 casum
1191 1266 1304 1329 mortis
1338 1266 1433 1330 dubie
1464 1265 1583 1331 dolenti
1614 1271 1647 1332 et
1676 1268 1832 1333 renitenti
1867 1269 1973 1334 animo
1992 1286 2049 1334 sus

544 1367 639 1450 cepit
664 1368 702 1433 ln
725 1387 787 1449 quo
810 1367 917 1433 duello
940 1367 1046 1432 divina
1069 1369 1179 1451 gracia
1195 1374 1228 1432 et
1244 1370 1373 1435 iusticia
1395 1368 1589 1453 suffragante
1613 1369 1717 1436 dictus
1736 1371 1967 1458 Gode[iridus]
1988 1373 2047 1438 sub

546 1471 665 1551 cubuit,
696 1471 816 1538 nullam
846 1477 953 1537 tamen
987 1472 1105 1536 ibidem
1135 1473 1349 1538 membrorum
1357 1471 1386 1573 1’)
1420 1475 1654 1542 mutilationem
1683 1477 1838 1559 suscepit,
1875 1475 1955 1542 licet
1981 1477 2049 1543 idern

546 1574 765 1663 Go[deiridus]
801 1576 1000 1659 postmodum
1030 1594 1089 1657 per
1117 1576 1276 1642 iusticiam
1307 1579 1484 1645 secularem
1517 1580 1685 1646 occasione
1719 1580 1799 1645 dicti
1833 1579 1938 1646 duelli
1969 1581 2051 1649 luerit

547 1680 756 1764 decapitatus.
780 1680 887 1759 Quare
909 1681 1073 1745 humiliter
1094 1681 1253 1762 supplicat
1276 1682 1440 1763 predictus
1462 1683 1751 1769 Franclisquiuus],
1779 1690 1946 1767 quatenus
1968 1687 2050 1751 statui

546 1804 604 1851 suo
620 1784 869 1851 misericorditer
884 1785 1098 1867 providentes
1115 1786 1219 1866 ipsum
1236 1787 1276 1851 ab
1293 1787 1377 1851 omni
1393 1788 1730 1853 excommunicacionis
1746 1790 1921 1855 sentencia
1936 1795 1970 1854 et
1983 1808 2052 1873 pem

546 1909 566 1954 a
589 1888 660 1954 iure
683 1893 716 1953 et
739 1907 858 1954 canone
882 1887 1010 1968 inflicta,
1043 1889 1070 1953 si
1102 1908 1197 1972 quam
1228 1895 1399 1973 propterea
1428 1892 1569 1972 incurrit,
1601 1894 1795 1958 auctoritate
1826 1900 1942 1959 vestra
1964 1894 2052 1959 absol·

545 1996 657 2057 ventes
680 1992 775 2058 etad
800 1992 955 2058 cautelam
979 1998 1012 2057 et
1034 2012 1132 2076 super
1154 1994 1389 2076 irregularitate
1421 1995 1534 2060 exinde
1566 2000 1739 2073 contracta,
1774 2002 1809 2061 et
1832 2002 1872 2061 ut
1896 1997 1937 2062 ad
1957 2016 2052 2063 omnes

546 2097 673 2163 ordines
696 2098 798 2163 eciam
821 2115 929 2162 sacros
951 2100 1129 2180 promoveri
1152 2104 1185 2162 et
1207 2099 1362 2164 beneficia
1386 2100 1614 2178 ecclesiastica,
1629 2118 1691 2182 que
1715 2101 1852 2177 obtinet,
1879 2102 1966 2167 licite
1987 2104 2051 2167 reti

546 2222 622 2268 uere
645 2208 678 2267 et
701 2201 775 2281 alia,
807 2202 833 2266 si
865 2202 925 2266 sibi
957 2204 1106 2269 canonice
1137 2203 1349 2283 conferantur,
1373 2206 1516 2286 recipere
1550 2211 1582 2269 et
1612 2206 1758 2270 obtinere
1797 2206 1920 2286 valeat,
1955 2208 2052 2273 eaden

547 2307 740 2373 auctoritate
763 2307 939 2389 apostolica
961 2307 1210 2372 misericorditer
1232 2327 1303 2372 cum
1327 2308 1438 2372 eodem
1462 2308 1634 2391 dignemini
1657 2310 1862 2392 dispensare.

652 2413 768 2492 Possit,
791 2413 819 2476 si
841 2413 887 2476 ita
917 2412 967 2491 sit,
1000 2413 1040 2477 ad
1070 2430 1178 2477 omues
1209 2412 1337 2477 ordines
1369 2414 1546 2495 promoveri
1577 2419 1610 2478 ct
1639 2413 1806 2494 beneficia,
1842 2434 1909 2497 que
1932 2417 2050 2493 obtinet,

547 2516 686 2581 retinere
702 2520 736 2583 et
750 2535 848 2581 unum
870 2516 956 2582 aliud
980 2516 1200 2599 compassibile
1223 2517 1368 2583 obtinere
1392 2523 1424 2582 et
1447 2520 1692 2599 commutatum)
1716 2519 1897 2585 diocesano
1921 2522 2050 2586 conside·

548 2621 677 2686 racione
698 2620 784 2704 regis
806 2621 1017 2686 Romanorum
1041 2621 1077 2685 R.
1102 2621 1177 2687 Sine
1199 2620 1342 2686 leccione
1364 2622 1402 2687 R.
1427 2624 1465 2688 D.
1489 2623 1646 2688 Auinioue
1669 2622 1779 2688 llkal.
1797 2623 1882 2689 Julii
1898 2644 1928 2690 a.
1945 2632 2051 2691 octavo.

653 2774 801 2830 Clementis
821 2773 1074 2843 1111111111)
1088 2777 1105 2830 l.
1121 2778 1171 2829 58'.
1194 2806 1222 2814 —
1250 2779 1274 2840 Ἰ)
1294 2775 1458 2843 ,diffinitam‘
1467 2778 1492 2831 S.
1520 2777 1545 2842 b)
1560 2776 1795 2844 ,menbrorum‘S.
1823 2778 2052 2845 ⁶),comitatur‘8

553 3143 675 3210 1135.
697 3143 854 3227 Episcopo
877 3143 1013 3209 Metensi
1034 3142 1218 3223 mandatur,
1242 3147 1398 3225 camenas
1432 3141 1679 3208 commeatione
1703 3143 1824 3225 Caroli,
1851 3148 2054 3214 &munerun

550 3247 644 3328 repis,
664 3246 811 3327 declaret,
824 3247 1090 3329 lionmsqninum
1107 3248 1335 3313 Honnemanni
1350 3248 1387 3312 dc
1399 3248 1655 3330 Kuntenireirn,·)
1673 3247 1719 3335 (i)
1735 3249 1892 3316 clericum
1910 3274 1987 3318 snos
1999 3253 2053 3315 dio

551 3351 641 3430 cesis,
658 3351 712 3433 qui
733 3351 822 3415 illins
836 3352 920 3434 repis
929 3352 1115 3433 familiaris
1130 3373 1196 3416 esse
1211 3353 1337 3426 dicitnr,
1356 3356 1488 3435 propter
1504 3374 1551 3431 cu,
1567 3355 1696 3434 quaein
1712 3375 1799 3419 num.
1815 3358 2054 3441 1134111111

550 3460 634 3536 sunt,
667 3455 790 3521 nnllam
823 3457 1154 3523 exconmunicationis
1183 3457 1372 3521 sententiam
1404 3462 1462 3521 ant
1483 3458 1734 3540 irreptdurr'tutis
1757 3479 1815 3524 seu
1839 3461 1999 3543 infamior
2017 3459 2055 3526 cet

550 3561 765 3628 {diabolitatis
794 3561 954 3627 mnndum
983 3562 1048 3626 siue
1077 3566 1184 3627 notum
1207 3567 1265 3626 ont
1286 3562 1389 3628 aliam
1412 3563 1492 3628 iuris
1519 3583 1654 3647 poariam
1677 3565 1855 3629 incurrisse
1878 3567 2054 3649 eundemne

551 3666 595 3734 od
616 3688 721 3732 omnes
742 3686 853 3732 sacros
874 3666 999 3731 ordines
1017 3668 1195 3750 promoveri
1216 3672 1247 3731 et
1267 3687 1468 3752 quaecunque
1491 3667 1638 3749 beneficio
1661 3668 1883 3736 ecclesiastico
1899 3692 1933 3736 sc
1955 3671 1996 3736 ad
2015 3673 2054 3734 is

632 3773 730 3838 vicem
752 3771 977 3854 compatientia
998 3770 1134 3836 obtinere
1152 3792 1255 3855 posse.
1303 3774 1355 3851 ,D.
1380 3772 1537 3837 Aninione
1559 3773 1593 3835 X
1611 3769 1675 3838 lut.
1697 3771 1786 3840 Jnir'i
1808 3795 1839 3839 o.
1865 3780 1997 3841 cnoro!

598 3883 640 4009 ,ἒ
1555 3910 1719 3991 Asinione,
1742 3915 1831 3978 1349
1854 3915 1952 3982 Junii
1971 3919 2018 3980 22.

660 4049 809 4104 Clementis
832 4049 869 4103 Vl
892 4051 925 4103 A.
951 4049 1041 4119 Vlllsl
1068 4055 1141 4114 11011
1166 4049 1184 4103 i.
1210 4055 1269 4117 110,
1294 4050 1447 4105 litterarum
1468 4049 1651 4104 communium
1678 4067 1724 4119 qu.
1752 4050 1863 4106 1:V.
1891 4058 1941 4106 191
1965 4051 1983 4106 i
2005 4052 2053 4105 111·

555 4152 581 4191 1.
601 4142 677 4192 1191.
695 4168 729 4177 -
756 4147 779 4203 ·)
796 4136 1014 4206 ,Cauttenheym‘
1032 4138 1066 4190 Α.

554 4439 676 4505 1136.
701 4436 870 4502 Ordinatio
887 4458 947 4519 per
970 4435 1212 4519 Neplucbonern,
1237 4435 1381 4501 abbates
1406 4434 1672 4518 Opatooicerascm,
1692 4439 1723 4499 et
1751 4436 1942 4516 Arnestnm,
1965 4435 2054 4502 ercli

555 4542 732 4627 episcopum
761 4543 966 4622 Propenscnv,
998 4541 1036 4605 cie
1068 4540 1155 4607 cella
1194 4544 1327 4605 sunctum
1356 4539 1485 4607 Murius
1514 4538 1549 4604 in
1577 4538 1679 4604 Alica
1708 4561 1765 4604 sen
1797 4541 1950 4607 l'rcirlubi
1970 4543 2053 4621 sado

1205 4645 1420 4727 confirmatur.

1558 4728 1721 4809 Acinione,
1744 4732 1834 4796 1349
1857 4732 1954 4800 Jnnis'
1971 4734 2019 4797 30.

653 4894 708 4991 'Ad
730 4924 869 4988 futuram
892 4924 940 4987 rei
963 4923 1153 4987 memoriam.
1178 4921 1261 5001 Hiis,
1291 4940 1353 5004 que
1383 4922 1423 4987 ad
1454 4922 1551 4986 divini
1582 4922 1687 4987 cultus
1709 4928 1918 5005 augmentum
1939 4929 1973 4988 et
1993 4941 2051 5005 pre

557 5030 666 5095 sertim
689 5047 746 5110 pro
768 5028 851 5093 bono
874 5032 958 5091 statu
983 5032 1015 5091 et
1038 5026 1205 5091 concordia
1227 5027 1367 5091 locorum
1391 5033 1423 5091 et
1446 5045 1654 5110 personarum
1674 5027 1901 5110 religiosarum
1924 5027 2053 5093 ordimta

557 5139 640 5212 suut,
665 5136 732 5213 ut·)
756 5132 880 5197 illibata
902 5137 1117 5215 permaneant,
1140 5131 1277 5196 libenter
1301 5131 1455 5195 adicimus
1478 5131 1644 5212 apiostolici
1667 5132 1853 5197 muniminis
1877 5133 2052 5200 finuitatem

558 5239 687 5304 Dudum
710 5237 876 5319 siquidem,
900 5237 983 5301 sicut
1006 5238 1122 5317 peticio
1147 5235 1175 5299 d.
1200 5235 1220 5300 i.
1246 5235 1371 5312 Leonis,
1395 5236 1462 5299 nuti
1486 5235 1645 5317 quondam
1667 5233 1844 5301 Hermanni
1870 5237 1911 5301 dc
1931 5236 2054 5318 Baylica

558 5343 703 5407 monachi
726 5342 910 5406 monasterii
934 5341 1216 5422 Oppatowicensis‚
1241 5340 1360 5404 ordinis
1384 5340 1485 5404 sancti
1516 5339 1691 5418 Benedicti,
1725 5340 1901 5424 Pragensis
1924 5341 2052 5407 diocesia

558 5465 661 5530 nuper
692 5447 782 5510 nobis
813 5445 954 5509 crlribita
984 5446 1175 5522 continebat,
1208 5444 1325 5508 dudum
1349 5464 1377 5507 v.
1401 5442 1422 5507 f.
1446 5462 1476 5505 n.
1503 5444 1667 5521 Amestus
1699 5444 1963 5529 archiepiscopus
1991 5445 2049 5510 Pn-

559 5552 675 5633 gensis,
700 5550 879 5626 attendens,
896 5548 980 5631 qrrod
997 5548 1087 5613 Colla
1110 5552 1218 5613 sancte
1241 5547 1345 5611 Murie
1361 5549 1393 5611 in
1408 5547 1510 5611 Albea
1533 5564 1590 5611 seu
1614 5547 1783 5626 Vorchlab,
1799 5548 1877 5614 olim
1894 5546 2053 5632 Hepurirm

560 5661 751 5736 nuncupata,
768 5655 888 5718 ordinis
904 5661 936 5718 et
952 5653 1087 5718 diocesis
1100 5652 1323 5733 predictorum,
1337 5652 1421 5716 dicto
1434 5651 1625 5715 monasterio
1637 5651 1793 5731 subiecta,
1805 5651 2051 5735 quemadmodum

561 5760 792 5842 temporalibus
815 5756 999 5840 excitu-ati)
1024 5758 1152 5825 solaciis
1175 5757 1338 5836 destituta,
1359 5757 1390 5822 in
1406 5754 1517 5821 eadem
1532 5760 1664 5838 propter
1685 5755 1848 5823 deiectum
1865 5772 2051 5842 personarum
