5184 7050
657 829 722 896 314

657 1051 822 1118 speramus
836 1033 869 1097 in
884 1031 1019 1110 domino,
1043 1049 1114 1095 cum
1136 1031 1185 1095 eis
1207 1050 1264 1114 per
1285 1031 1367 1097 alias
1389 1038 1514 1098 nostras
1530 1032 1604 1098 inde
1619 1033 1795 1098 scribamus
1810 1033 1949 1112 litteras,
1966 1033 2156 1116 obtempera·

655 1144 770 1205 verunt
791 1136 1063 1218 requisicionibus,
1087 1134 1363 1202 exhortacionibns
1386 1142 1419 1202 et
1441 1138 1568 1202 monitis
1591 1138 1772 1203 salubribus
1794 1138 1826 1203 in
1845 1138 1907 1203 bac
1923 1143 2017 1220 parte
2031 1143 2155 1220 treugas

658 1241 795 1309 ineundo
830 1240 1000 1324 predictas,
1033 1245 1079 1318 tu,
1110 1241 1137 1304 si
1161 1240 1221 1321 ipsi
1245 1240 1413 1319 voluerint,
1444 1246 1575 1323 treugas
1598 1242 1643 1306 sic
1666 1260 1724 1324 per
1746 1241 1877 1307 eosdem
1900 1243 1999 1308 initas
2021 1243 2114 1325 penis
2133 1249 2162 1307 et

656 1347 829 1413 sentenciis
864 1343 1092 1427 spiritualibus,
1127 1343 1167 1408 de
1200 1344 1316 1426 quibus
1348 1345 1408 1410 tibi
1438 1346 1608 1424 videbitur,
1639 1345 1876 1429 promulgandis
1910 1347 2069 1412 adversus
2104 1365 2160 1425 eos,

656 1453 711 1535 qui
735 1469 789 1516 eas
812 1449 1018 1530 infringerent
1041 1448 1090 1512 vel
1113 1448 1213 1512 eciam
1236 1465 1299 1511 non
1322 1453 1495 1528 servarent,
1519 1449 1709 1514 auctoritate
1731 1455 1841 1515 nostra
1856 1451 1990 1516 studeas
2006 1451 2160 1531 roborare,

657 1570 863 1639 quascunque
879 1551 1108 1634 colligaciones,
1126 1551 1404 1618 confederationes
1420 1559 1453 1618 et
1468 1555 1680 1636 pacciones,⁰)
1704 1573 1762 1636 per
1777 1573 1858 1636 quas
1881 1559 1993 1637 posset
2008 1556 2158 1620 suscitata

657 1662 741 1727 inter
773 1675 865 1741 reges
899 1660 1087 1721 memoratos
1117 1657 1231 1721 nutriri
1262 1657 1421 1723 discordia
1450 1656 1501 1722 vel
1524 1658 1704 1723 huiusmodi
1725 1662 1838 1740 treuge
1860 1658 1984 1739 violari,
2008 1659 2070 1724 sub
2093 1679 2162 1742 qua·

657 1772 780 1847 cunque
801 1760 903 1827 forma
925 1760 976 1825 vel
999 1762 1209 1843 conceptione
1223 1762 1392 1827 verborum
1408 1767 1586 1828 contractas
1610 1763 1913 1845 inter.quoscunque
1928 1762 2162 1846 quomodolibet

657 1868 709 1934 vel
726 1868 830 1946 initas,
846 1865 947 1930 eciam
962 1865 990 1929 si
1005 1865 1096 1947 penis
1111 1865 1246 1931 adiectis
1262 1871 1296 1930 et
1310 1867 1454 1949 prestitis
1477 1867 1662 1931 iuramentis
1685 1871 1869 1948 presumpte
1890 1866 2039 1948 fuissent,
2055 1867 2162 1945 nullas

657 1989 768 2039 cassas
790 1976 824 2034 et
845 1969 952 2034 irritas
975 1985 1046 2033 esse
1068 1987 1105 2033 ac
1128 1968 1237 2048 luisse,
1253 1971 1341 2035 velut
1364 1974 1473 2036 eontra
1494 1970 1610 2035 bonum
1626 1971 1714 2054 pacis
1728 1971 1761 2035 in
1776 1971 1889 2036 summi
1911 1972 1998 2055 ragis
2016 1970 2163 2038 offensam

658 2082 780 2142 temere
813 2077 1018 2155 attemptatas
1051 2073 1241 2153 nunciando,
1272 2078 1315 2154 et,
1350 2079 1507 2155 quatenus
1529 2073 1570 2139 de
1592 2072 1677 2139 faoto
1699 2075 1941 2157 processissent,
1965 2075 2162 2154 annullando,

661 2178 814 2246 cassando
846 2182 879 2241 et
912 2177 1064 2243 irritando
1093 2195 1131 2242 ac
1160 2196 1261 2260 penas
1291 2179 1433 2244 adiectas
1463 2184 1494 2243 et
1525 2179 1702 2244 iuramenta
1731 2178 1866 2260 prestita
1895 2196 1993 2261 super
2016 2179 2076 2259 eis,
2100 2198 2163 2244 cum

661 2287 872 2351 iuramentum
902 2281 1061 2346 vinculum
1090 2282 1267 2365 iniquitatis
1294 2300 1367 2347 esse
1389 2302 1451 2348 non
1474 2282 1599 2362 debeat,
1621 2282 1844 2348 nichilominus
1866 2283 2050 2363 relaxando,
2075 2301 2165 2367 super

660 2389 775 2473 quibus
789 2385 935 2452 omnibus
949 2390 982 2449 et
996 2385 1077 2466 aliis,
1093 2386 1177 2451 circa
1196 2387 1352 2470 premissa
1374 2386 1610 2468 quomodolibet
1632 2388 1807 2470 oportunis,
1830 2387 1996 2469 faciendis,
2019 2387 2163 2471 gerendis

660 2499 694 2559 et
715 2489 902 2558 exercendis
923 2489 1050 2571 plenam
1072 2491 1131 2556 tibi
1155 2491 1356 2559 concedimus
1378 2496 1488 2557 tenore
1511 2492 1711 2574 presencium
1730 2491 1926 2558 facultatem.
1951 2492 1992 2558 D.
2008 2492 2162 2558 Aninione

660 2596 720 2664 XV
742 2595 805 2663 lral.
829 2593 1016 2660 Novembris
1038 2612 1067 2661 a.
1091 2601 1212 2679 quarto.

766 2802 917 2861 Clementis
935 2803 973 2858 Vl
990 2802 1023 2857 V.
1044 2808 1093 2858 1³9
1110 2807 1189 2866 (secr.
1209 2819 1233 2857 a
1253 2802 1301 2869 IV)
1319 2819 1345 2855 ιι.
1365 2807 1424 2856 tto.
1443 2833 1476 2843 -
1494 2801 1545 2856 Ed.
1564 2800 1685 2857 Theiuer
1702 2801 1761 2856 MP.
1780 2802 1794 2856 l
1811 2818 1836 2856 n.
1856 2807 1916 2870 624,
1935 2802 2002 2859 llll
2020 2803 2035 2859 l
2053 2820 2080 2858 n.
2094 2809 2162 2872 lolt,

660 2891 722 2972 Vat
739 2890 834 2948 Akten
851 2907 877 2946 n
896 2896 974 2958 22³2,
992 2889 1077 2944 RBM.
1096 2889 1134 2943 IV
1152 2905 1178 2943 n.
1197 2895 1274 2945 2225.
1292 2922 1327 2931 —
1353 2891 1378 2957 ¹)
1396 2889 1610 2959 ,quescentibus‘
1623 2889 1655 2944 V.
1683 2893 1706 2958 Ιι)
1723 2890 1847 2959 ,invicem
1866 2891 1991 2946 invicem‘
2010 2892 2043 2948 V.
2071 2895 2094 2959 e)
2113 2907 2161 2962 ps·

659 2979 763 3034 ciones‘
781 2978 814 3035 V.
833 3009 866 3019 -
886 2979 907 3046 ¹)
927 2982 995 3034 felt
1013 2976 1177 3032 Novembris
1196 2983 1236 3032 11.

660 3574 752 3641 627.
774 3574 933 3655 Magistro
956 3571 1124 3640 mamam
1146 3572 1185 3637 de
1207 3570 1358 3637 Ruterlo
1380 3571 1560 3637 conceditur
1586 3570 1747 3651 scaettae,
1769 3575 1806 3636 at
1826 3570 1975 3640 Jotaaae
1997 3572 2161 3639 Bobemiue

661 3697 700 3743 oc
723 3676 879 3743 &strabo
900 3677 1052 3742 Polonioe
1081 3676 1205 3759 regidos
1229 3696 1344 3762 pacem
1372 3676 1506 3741 invicem
1534 3676 1617 3741 intre
1649 3675 1869 3742 remeantibus
1901 3678 1970 3761 ipse
2001 3677 2088 3745 inter
2117 3696 2162 3742 eos

659 3786 790 3864 treugas
803 3781 941 3848 indicere
956 3785 986 3847 et
1000 3785 1111 3847 costra
1133 3781 1301 3847 oiolotm
1321 3781 1468 3865 ipsarum
1485 3800 1606 3864 poenas
1621 3778 1807 3866 spirituales
1824 3780 2032 3866 promulgare
2052 3782 2159 3868 possit.

1606 3971 1769 4051 sanum,
1792 3974 1879 4039 1345
1904 3970 2052 4039 Octobris
2073 3976 2123 4039 18.

765 4164 880 4231 Eidem
892 4163 919 4251 ¹)
943 4164 1113 4250 [Magistro
1136 4163 1308 4230 Guillelmo
1331 4164 1371 4228 de
1393 4164 1550 4243 Pusterla,
1580 4164 1743 4245 preposito
1773 4163 1908 4230 ecclesie
1937 4165 2164 4243 Possoniensis,

665 4270 890 4353 strigoniensis
924 4268 1071 4348 diocesis,
1106 4268 1269 4350 capellano
1307 4274 1425 4348 nostro,
1460 4268 1636 4350 apostolice
1670 4269 1756 4335 sedis
1788 4268 1927 4353 nuncio]
1971 4269 2045 4335 Etsi
2082 4271 2165 4335 iuxta

662 4374 834 4460 pastoralis
857 4372 954 4439 officii
976 4372 1117 4438 debitum
1140 4378 1200 4437 etc.
1224 4377 1379 4455 utsupra
1404 4390 1505 4455 usque
1528 4371 1727 4453 destinare')
1772 4373 1805 4439 Si
1828 4392 1903 4439 vero
1925 4374 2044 4457 prefati
2067 4389 2163 4459 reges,

663 4480 778 4562 quibus
811 4497 869 4561 per
902 4476 981 4542 alias
1014 4476 1140 4543 litteras
1172 4480 1300 4541 nostras
1332 4495 1428 4560 super
1461 4476 1523 4541 biis
1557 4478 1734 4556 scribimus,
1768 4478 1832 4542 tuis
1861 4478 2043 4544 huiusmodi
2074 4480 2164 4545 immo

662 4585 781 4650 nostris
796 4584 905 4666 pocius
921 4581 1195 4663 requisicionibus,
1211 4581 1487 4647 exhortacionibus
1510 4587 1543 4646 et
1564 4582 1691 4646 monitis
1714 4582 1824 4665 utique
1846 4582 2028 4648 salubribus
2050 4584 2165 4649 obtem·

662 4707 777 4773 perare
800 4707 869 4753 cum
892 4687 1006 4754 ellectu
1029 4686 1162 4751 forsitan
1184 4692 1379 4766 recusarent,
1401 4686 1486 4769 quod
1507 4686 1602 4765 absit,
1626 4691 1662 4750 ut
1683 4685 1836 4768 predictis
1857 4686 2011 4768 periculis
2031 4694 2066 4753 et
2081 4706 2164 4754 scan-

663 4794 745 4858 dalis
767 4793 913 4858 obvietur
934 4798 968 4857 et
991 4790 1102 4856 utilius
1124 4792 1246 4873 possint
1268 4791 1353 4856 inter
1375 4809 1431 4856 eos
1453 4792 1541 4873 pacis
1561 4791 1724 4857 commoda
1738 4791 1911 4873 procurari,
1927 4795 1963 4857 tu
1978 4794 2165 4858 auctoritate

646 4894 772 4965 'nostra
805 4899 889 4962 inter
922 4895 1062 4980 prefatos
1084 4913 1176 4978 reges
1208 4913 1381 4979 eorumque
1411 4895 1575 4975 vassallos,
1606 4895 1806 4975 adherentes,
1829 4894 1982 4976 lautores,
2006 4896 2165 4963 vellitorcs

665 5009 698 5068 et
720 5002 864 5067 subditos
897 5006 1027 5083 treugas
1060 5018 1211 5082 procures
1244 5000 1386 5066 indicere
1418 5018 1519 5082 usque
1549 5001 1590 5065 ad
1612 5000 1820 5083 competentis
1841 5001 1995 5082 temporis
2018 5002 2165 5083 spacium,

664 5107 704 5172 de
728 5126 790 5189 quo
811 5106 870 5171 tibi
894 5105 1045 5188 expedire
1069 5105 1237 5185 videbitur,
1260 5104 1440 5183 duraturas,
1463 5104 1495 5169 in
1517 5122 1626 5169 omnes
1648 5111 1681 5170 et
1703 5105 1853 5188 singulos,
1878 5124 1958 5187 quos
1972 5110 2088 5192 treuge
2101 5108 2165 5190 ipse

668 5213 859 5295 contingent,
894 5211 1110 5292 cuiuscunque
1147 5215 1260 5289 status,
1291 5209 1420 5288 ordinis,
1450 5211 1673 5292 premineucie,
1704 5210 1896 5277 condicionis
1925 5210 1978 5277 uel
2007 5210 2166 5296 dignitatis

664 5318 813 5396 existant,
848 5316 948 5381 eciam
982 5314 1010 5378 si
1044 5312 1227 5397 pontificali,
1262 5313 1361 5396 regali
1395 5313 1445 5379 vel
1480 5332 1666 5396 quacunque
1696 5315 1760 5380 alia
1783 5314 1986 5399 prefulgeant
2007 5317 2166 5400 dignitate,

668 5423 723 5503 qui
745 5427 875 5502 treugas
909 5420 1007 5503 ipsas,
1030 5425 1198 5501 postquam
1228 5436 1286 5501 per
1314 5424 1348 5482 te
1378 5418 1495 5484 indicte
1518 5437 1555 5484 ac
1576 5419 1738 5502 publicato
1767 5418 1897 5501 fuerint,
1927 5419 2097 5501 violarent,
2125 5422 2168 5485 in-

663 5526 838 5609 fringerent
860 5524 910 5589 vel
934 5525 1035 5590 eciam
1056 5542 1119 5589 non
1142 5528 1316 5603 servarent,
1340 5524 1372 5588 in
1395 5541 1548 5607 personas
1574 5524 1724 5590 videlicet
1752 5524 1932 5608 singulares
1960 5524 2168 5591 excommuni-

664 5631 800 5697 cacionis
824 5636 857 5695 et
879 5631 911 5694 in
935 5629 1090 5707 civitates,
1121 5633 1235 5708 castra,
1266 5629 1393 5711 oppida,
1423 5628 1527 5708 villas,
1557 5634 1661 5694 terras
1692 5635 1725 5694 et
1754 5629 1823 5695 locs
1845 5632 1987 5712 ipsorum
2011 5628 2168 5697 interdicti

663 5737 840 5801 sentencias
863 5734 1100 5819 promulgando,
1125 5752 1220 5818 super
1243 5735 1358 5817 quibus
1381 5734 1526 5799 omnibus
1548 5751 1668 5798 necnon
1699 5752 1906 5817 quascunque
1939 5733 2178 5819 colligacioues¹
