5184 7050
541 818 606 887 526

541 1027 633 1093 901.
658 1023 800 1103 Carolus,
828 1026 1039 1090 Horuurmanv
1060 1044 1127 1101 rer,
1150 1020 1321 1106 supplicet,
1344 1024 1500 1104 quarellos
1522 1039 1594 1084 curu
1611 1016 1761 1101 Philippo
1779 1017 1890 1083 Lucae
1905 1015 1943 1081 dr
1958 1015 2054 1081 urba·

795 1194 799 1204 ,
837 1127 921 1194 libus
943 1149 1041 1213 super
1063 1126 1190 1207 defectu
1211 1123 1372 1207 amulium
1395 1122 1534 1209 amplius
1558 1122 1770 1207 desponsetur.

1499 1279 1663 1355 Aornum,
1686 1280 1775 1344 1347
1799 1277 1944 1360 rapam
1964 1279 2016 1343 22.

644 1475 809 1560 Significat
831 1476 861 1542 S.
887 1476 923 1540 V.
948 1475 1081 1540 vicrvotus
1112 1477 1132 1540 f.
1157 1496 1184 1539 v.
1211 1473 1357 1551 Kauolns,
1389 1492 1445 1536 rex
1480 1471 1691 1537 llonranorum
1728 1488 1859 1552 semper
1894 1473 2053 1553 augustus,

546 1581 631 1665 quod
654 1580 729 1646 olim
752 1598 823 1645 cum
845 1579 1002 1662 Philippo,
1017 1579 1131 1644 clerico
1149 1579 1366 1657 buinionensi,
1382 1576 1448 1642 lilio
1471 1577 1558 1641 Luce
1574 1577 1613 1640 de
1629 1575 1810 1642 Abbatibus
1825 1574 1869 1639 de
1884 1574 2054 1653 Flerencia

543 1683 652 1751 dilecti
674 1683 842 1750 familiaris
865 1685 924 1761 sui,
948 1701 1045 1766 super
1067 1683 1193 1748 deiectu
1217 1682 1381 1761 natalium,
1405 1700 1499 1764 quem
1532 1682 1656 1764 patitur
1679 1681 1719 1745 de
1741 1678 1852 1745 soluto
1876 1678 2008 1763 genitus
2027 1688 2055 1744 el

543 1788 658 1867 soluta,
683 1789 766 1871 quod
789 1789 829 1854 ad
853 1806 961 1853 ornnes
984 1789 1112 1854 ordines
1135 1790 1312 1871 promoveri
1336 1794 1370 1853 et
1397 1786 1650 1852 ecclesiasticum
1681 1783 1878 1852 beneficium
1909 1785 2055 1861 obtinere,

544 1899 577 1959 ct
599 1892 726 1973 deinde,
749 1899 786 1959 ut
809 1894 1026 1959 canonicatum
1056 1900 1089 1958 ot
1118 1894 1311 1976 prebendam
1346 1893 1446 1959 raian
1479 1893 1511 1957 in
1546 1891 1683 1957 ecclesio
1717 1890 1911 1970 cathedrali,
1934 1887 2056 1955 aialim

544 1998 605 2063 sibi
629 1999 779 2063 canonico
803 1998 1033 2077 eonion-entur,
1056 1998 1156 2064 libere
1180 2000 1324 2080 recipere
1348 2005 1381 2063 ct
1403 1997 1490 2062 licite
1514 1997 1653 2061 retinere
1681 1995 1815 2074 valeret,
1838 1993 1987 2077 predicto
2009 1993 2055 2057 de

543 2103 631 2169 lectu
654 2107 687 2167 ct
709 2103 950 2185 quibuscunque
973 2103 1256 2169 constitucionibus
1279 2102 1464 2186 apostolicis
1487 2122 1524 2167 ac
1547 2101 1677 2167 statutis
1709 2106 1743 2165 et
1773 2099 2054 2165 consuetudinibus

544 2225 804 2290 quarumcunque
826 2207 1043 2287 ecclesiarum,
1067 2209 1099 2273 in
1122 2209 1236 2290 quibus
1259 2207 1439 2274 huiusmodi
1462 2208 1667 2273 canonicatus
1690 2212 1725 2273 ct
1744 2205 1919 2290 prebenda
1951 2204 2055 2297 forent,

547 2328 746 2393 nequaquam
769 2311 979 2391 obstantibus,
1003 2312 1194 2377 auctoritate
1218 2312 1394 2393 apostolica
1416 2313 1522 2377 extitit
1556 2312 1786 2395 dispensatam.
1822 2310 1935 2389 Quare
1955 2299 2056 2374 huni-

553 2415 629 2480 liter
652 2414 811 2498 supplicat
833 2416 917 2481 idem
940 2436 1006 2496 rex,
1030 2424 1186 2499 quatenus
1209 2417 1269 2482 sibi
1293 2417 1325 2482 in
1347 2435 1516 2500 personam
1540 2416 1616 2481 dicti
1632 2415 1771 2499 Philippi
1788 2413 1979 2498 ampliorem
1994 2432 2055 2496 gra·

546 2521 627 2587 ciam
641 2519 809 2600 iacientes
826 2540 943 2603 secum,
961 2527 996 2587 ut
1011 2520 1197 2587 beneficium
1214 2522 1465 2587 ecclesiasticum
1482 2541 1554 2586 cnm
1576 2540 1661 2587 orna·
1677 2520 1728 2584 vel
1751 2520 1823 2585 sine
1848 2539 1938 2595 cura,
1960 2520 2049 2585 eciam

552 2626 578 2691 si
603 2624 750 2709 dignitas,
772 2632 962 2710 personatus
986 2632 1042 2693 aut
1063 2626 1200 2692 cilicium
1223 2627 1352 2706 existat,
1376 2632 1409 2691 et
1436 2626 1536 2691 eciam
1560 2626 1642 2691 siin
1666 2623 1845 2691 cathedrali
1870 2624 1971 2690 maior
1992 2630 2052 2707 poa

550 2730 763 2814 episcopalem
785 2732 837 2798 vel
861 2733 891 2797 in
915 2730 1083 2815 collegiata
1114 2731 1259 2798 (redenis
1289 2732 1426 2814 dignitas
1456 2730 1641 2814 principalis
1671 2730 1802 2809 existat,
1834 2727 1939 2795 eciam
1968 2729 1993 2793 si
2020 2727 2051 2793 ad

548 2834 634 2900 illam
665 2855 722 2917 per
752 2836 943 2901 eleccionem
974 2838 1175 2903 consueverit
1205 2838 1276 2919 quis
1306 2838 1435 2915 assumi,
1459 2837 1559 2902 libere
1583 2838 1725 2919 recipcre
1749 2854 1788 2900 ac
1811 2853 1880 2900 una
1902 2853 1971 2899 cum
1992 2850 2050 2917 pm

551 2938 644 3005 dictis
668 2943 854 3006 canonicatu
876 2947 907 3006 et
932 2942 1102 3024 prebenda,
1127 2943 1153 3006 si
1177 2961 1232 3007 eos
1254 2942 1335 3006 alias
1357 2942 1455 3007 luerit
1477 2942 1626 3007 canonice
1649 2946 1828 3019 assecutus,
1846 2956 1969 3005 necnon
1990 2956 2048 3003 cnm

551 3044 738 3111 canonicatu
761 3051 795 3110 et
817 3047 979 3129 prebenda
1002 3046 1137 3112 ecclesio
1169 3048 1264 3112 beato
1287 3046 1391 3112 Morio
1423 3047 1561 3113 civitatis
1584 3046 1724 3125 nostrie,
1748 3042 1976 3129 aquilegensis
1995 3042 2049 3107 dio

551 3148 645 3228 cesis,
669 3168 706 3214 ac
729 3150 865 3216 ecclesia
888 3152 988 3216 sancti
1012 3151 1150 3232 Ampelii
1173 3152 1241 3216 sine
1264 3170 1350 3230 cura,
1374 3150 1651 3233 vigintimiliensis
1674 3150 1826 3225 diocesia,
1843 3166 1926 3232 quoa
1940 3168 1977 3213 ex
1997 3148 2047 3211 die

552 3253 742 3335 pensacione
765 3254 940 3336 apostolica
963 3255 1094 3334 obtinet,
1118 3255 1205 3320 licite
1228 3256 1371 3320 obtinere
1387 3255 1501 3335 valeat,
1518 3255 1644 3321 delectu
1662 3255 1801 3338 aliisque
1817 3253 1982 3337 premissis
1999 3271 2045 3317 non

549 3358 751 3423 obstantibus
774 3360 950 3441 oportunis,
974 3359 1145 3442 dignemini
1169 3360 1417 3425 misericorditer
1439 3359 1636 3442 dispensare,
1661 3366 1694 3424 ot
1716 3359 1802 3442 quod
1818 3357 2045 3439 beneficia,an

550 3460 647 3528 habet
677 3468 710 3529 et
740 3462 946 3547 imposterum
977 3465 1079 3548 ipsum
1111 3465 1279 3548 contigerit
1310 3464 1463 3544 obtinere,
1491 3464 1578 3531 licite
1600 3465 1706 3530 voleat
1728 3470 1917 3545 permutare
1938 3468 1970 3529 et
1990 3463 2044 3544 ipa

550 3567 699 3647 retinere,
734 3569 885 3651 quociens
919 3569 979 3634 sibi
1010 3569 1170 3635 videbitur
1200 3570 1361 3654 expedire,
1386 3590 1423 3634 ac
1446 3570 1530 3652 qnod
1553 3570 1593 3634 de
1616 3570 1701 3636 dicto
1725 3568 1857 3634 ‹lefectu
1881 3570 1913 3634 in
1934 3567 2043 3652 quibus-

551 3688 675 3754 cunque
697 3672 823 3756 graciis,
846 3672 885 3739 de
910 3679 1017 3740 cetero
1039 3693 1098 3757 per
1120 3693 1192 3739 eum
1215 3681 1270 3740 aut
1297 3695 1354 3758 pro
1386 3694 1424 3740 co
1437 3721 1442 3731 .
1455 3674 1672 3758 impetrandis,
1696 3692 1760 3739 non
1783 3678 1937 3740 teneatur
1956 3671 2043 3738 urere

551 3793 757 3843 menc1onem.

656 3881 730 3948 Fiat
751 3881 789 3946 R.
836 3883 878 3948 Et
901 3905 930 3965 q.
954 3888 976 3948 ι.
1001 3902 1026 3948 s.
1051 3904 1079 3948 a.
1103 3883 1122 3947 l.
1148 3889 1181 3949 et
1203 3885 1309 3950 onmia
1340 3903 1438 3966 supro
1473 3885 1574 3967 petita
1607 3884 1666 3949 sub
1700 3887 1809 3950 vestro
1846 3886 1940 3951 beato
1971 3883 2043 3966 signo

553 3985 870 4068 comprehendantur.
916 3986 989 4052 Fiat
1010 3987 1047 4052 R.
1094 3989 1132 4054 Ι).
1156 3989 1314 4055 Aninione
1336 3989 1383 4055 XI
1405 3988 1468 4054 kal.
1493 3988 1691 4074 Septembris
1714 4008 1742 4054 a.
1767 3993 1870 4055 sexto.

658 4174 808 4231 Clementis
826 4175 865 4231 Vl
883 4177 910 4231 s.
930 4174 996 4246 Vlsu
1014 4179 1070 4243 (14)
1089 4176 1107 4230 l.
1130 4178 1178 4231 11'.

554 4755 646 4821 902.
680 4751 822 4827 (brolios,
848 4754 1060 4818 llorrrurorunr
1083 4757 1113 4817 ct
1136 4752 1307 4818 Rolr'crrrioc
1330 4774 1394 4832 ror,
1418 4757 1448 4817 cl
1471 4751 1635 4827 Nicolrrrrs,
1657 4753 1824 4835 episcopus
1852 4751 2043 4823 Tridentino,

558 4857 752 4942 simplicant,
767 4862 922 4941 qrrulcnus
940 4857 1083 4923 Conrado
1104 4856 1288 4944 ll'opffronis
1305 4857 1343 4922 dc
1361 4860 1496 4923 Brunrro
1520 4858 1558 4921 dr
1580 4856 1723 4940 corporo
1744 4877 1815 4922 curn
1831 4855 1880 4921 rol
1893 4855 1962 4921 sire
1976 4872 2044 4918 croc

556 4968 687 5030 oocarrtc
709 4962 756 5028 rel
780 4968 939 5037 rucoturo,
964 4961 1008 5027 ud
1031 4961 1227 5028 collaticium
1249 4962 1388 5047 episcopi
1410 4967 1440 5028 rt
1458 4962 1593 5047 capitoli
1611 4960 1830 5026 Olorruceusis
1849 4959 2042 5045 provideatur.

1510 5137 1672 5211 Aoialooc,
1697 5137 1783 5202 1347
1806 5134 1947 5218 Aureoli
1964 5135 2010 5199 22.

656 5312 846 5396 Supplicaut
868 5314 898 5378 S.
925 5313 960 5377 V.
985 5313 1120 5377 humiles
1144 5319 1176 5377 ut
1199 5315 1306 5377 vlevoti
1331 5315 1429 5378 vostri
1454 5312 1602 5391 llarolus,
1626 5312 1840 5376 Romanorum
1873 5317 1907 5375 ct
1937 5304 2044 5374 soene

559 5438 626 5496 rex,
643 5422 676 5481 et
692 5416 901 5496 NicbolnuS,·)
924 5419 1092 5499 episcopus
1108 5418 1322 5496 Tridentinus,
1347 5424 1504 5499 quatenns
1524 5418 1570 5482 eis
1586 5416 1617 5480 in
1633 5434 1801 5496 personam
1825 5434 1935 5480 eorum
1957 5406 2043 5477 ‹blerti

560 5521 697 5588 Conradi
723 5519 896 5601 Woyiionis
927 5522 966 5586 de
997 5523 1136 5601 Brnnna,
1161 5523 1302 5587 canonici
1327 5517 1608 5603 ColornnccnsiS,⁵)
1633 5519 1805 5604 specialem
1827 5521 1966 5604 maciem
1985 5513 2043 5580 iaci·

558 5633 658 5706 evites,
683 5626 785 5690 cidem
809 5626 995 5692 beneficium
1019 5627 1269 5692 ecclesiasticum
1285 5631 1309 5706 ⁰)
1333 5647 1403 5693 cunr
1423 5647 1499 5691 cura
1514 5626 1564 5692 vel
1581 5627 1649 5691 sine
1664 5645 1750 5704 cura,
1767 5630 1919 5707 spectans
1932 5620 1957 5690 ‘l
1978 5635 2042 5684 cour

559 5733 696 5796 rnuniter
726 5731 776 5793 vel
809 5731 934 5798 divisim
966 5731 1006 5796 ad
1039 5731 1254 5813 collacioncm,
1286 5732 1508 5815 provisionem,
1540 5730 1813 5814 presentacionem
1844 5747 1902 5794 seu
1925 5721 2043 5810 quaml*
