5184 7050
1989 852 2052 919 591

542 1053 623 1119 dicti
646 1054 829 1117 monasterii
860 1053 958 1134 recipi
990 1071 1051 1117 non
1082 1053 1208 1132 citabere,
1239 1052 1378 1132 oiecml)
1411 1054 1622 1121 anathematis
1646 1075 1757 1137 penmn
1789 1061 1822 1120 et
1850 1077 2053 1138 personarum

544 1159 773 1239 excepcionern
795 1157 908 1222 tollere
931 1157 1142 1239 dignaremur.
1188 1159 1254 1225 Nos
1281 1159 1389 1242 igitur,
1413 1159 1626 1242 predictorum
1648 1161 1803 1243 prepositi
1827 1166 1860 1225 et
1882 1168 2055 1229 conventus

541 1281 668 1329 necnon
691 1262 846 1327 carissimi
869 1261 901 1325 in
926 1261 1053 1327 Christo
1075 1262 1097 1326 f.
1121 1281 1151 1327 n.
1176 1262 1292 1342 Caroli,
1317 1263 1528 1329 ltomanorum
1551 1263 1635 1347 regis
1658 1263 1802 1343 illustn's,
1834 1265 1926 1331 uobis
1952 1268 2054 1334 eciam

541 1385 644 1452 super
664 1366 724 1432 boc
746 1365 910 1433 humiliter
928 1367 1148 1449 supplicantis,
1160 1368 1450 1451 supplicacionibus
1466 1368 1619 1448 inclinati,
1634 1368 1828 1435 fraternitati
1850 1375 1916 1450 tue,
1931 1370 1972 1436 de
1988 1392 2053 1454 qua

541 1471 718 1556 specialem
740 1472 772 1537 iu
796 1471 921 1538 domiuo
944 1471 975 1536 in
998 1471 1061 1536 biis
1091 1478 1125 1537 et
1154 1471 1227 1538 aliis
1257 1470 1404 1539 fiduciam
1435 1474 1623 1553 obtinemus,
1659 1493 1716 1558 per
1738 1476 1913 1558 apostolica
1935 1478 2055 1561 scripta

542 1576 743 1655 mandamus,
767 1581 924 1658 quatenus
948 1579 1079 1654 statuto,
1103 1595 1166 1658 quo
1189 1577 1293 1642 caveri
1318 1577 1435 1642 dicitur
1457 1584 1493 1644 ut
1516 1579 1684 1662 prefertur,
1716 1597 1882 1660 personas,
1909 1599 1971 1662 qne
1993 1600 2055 1646 non

543 1682 612 1747 sint
635 1679 676 1745 de
690 1680 799 1763 lingua
813 1697 870 1746 seu
886 1681 1019 1746 nacione
1034 1681 1193 1757 Boernica,
1209 1681 1241 1745 iu
1258 1682 1427 1746 canonicos
1442 1682 1519 1748 dicti
1535 1684 1717 1748 monasterii
1734 1685 1832 1766 recipi
1848 1703 1911 1750 nou
1927 1685 2054 1764 debere,

542 1805 583 1852 ec
613 1785 825 1851 anathematis
857 1802 940 1866 pena
970 1785 1135 1866 premissis
1165 1784 1205 1850 de
1236 1786 1366 1851 statutis
1396 1786 1516 1852 eisdem
1546 1787 1681 1853 sublatis
1711 1795 1745 1853 et
1767 1788 1894 1871 penitus
1917 1790 2054 1855 irritatis

543 1891 778 1968 {audaciorem
802 1889 999 1955 dotacionem
1022 1894 1056 1955 et
1079 1890 1212 1955 uniones
1234 1889 1405 1972 predictas,
1423 1892 1449 1955 si
1466 1891 1525 1960 tibi
1547 1890 1709 1957 videbitur
1731 1893 1892 1976 expedire,
1916 1895 2054 1959 anctori-

543 2000 615 2060 tate
638 1998 749 2059 nostra
773 1992 971 2079 eonfinnes‘)
994 2011 1181 2075 omnemque
1206 1994 1364 2058 defectum
1388 1994 1547 2077 suppleas,
1571 1995 1598 2060 si
1622 1996 1693 2076 quis
1716 1996 1823 2062 forsan
1848 1998 2055 2064 intervenerit

545 2099 579 2164 iu
604 2099 734 2164 eisdem.
759 2099 798 2162 D.
823 2098 981 2163 Aninione
1004 2097 1052 2164 lll
1077 2099 1118 2164 id.
1142 2097 1288 2163 Januarii
1310 2118 1338 2164 a.
1363 2099 1508 2181 septimo.

654 2251 804 2308 clementis
822 2252 860 2306 Vl
873 2255 906 2306 A.
920 2252 998 2323 Vllll
1013 2258 1069 2322 (99)
1084 2252 1103 2306 f.
1123 2258 1183 2320 276,
1207 2253 1241 2308 de
1260 2252 1383 2321 indultis,
1402 2254 1553 2323 privilegiis
1572 2261 1599 2309 et
1616 2254 1869 2323 dispensationibus
1888 2274 1932 2326 qu.
1946 2266 1961 2311 3
1974 2259 2053 2312 :V⁴

547 2346 596 2396 187
611 2341 632 2395 f.
646 2342 706 2395 351¹
717 2356 743 2394 n.
757 2346 816 2395 914.
836 2369 870 2379 -
896 2343 919 2408 ΙΙ)
938 2355 1007 2394 corr.
1021 2355 1053 2393 ex
1067 2340 1215 2410 ,prosequi‘
1228 2342 1261 2394 A.
1290 2340 1315 2407 ὓ)
1334 2339 1532 2408 ,parrochialis
1550 2343 1584 2394 A.
1611 2343 1633 2408 ⁰)
1652 2342 1788 2413 ‚singillis‘
1800 2345 1834 2397 A.
1860 2343 1885 2411 d)
1903 2344 2011 2412 ‚dictus‘
2022 2346 2055 2400 A.

543 2432 578 2493 ο)
598 2426 784 2488 conferimus
803 2430 845 2495 A.‚
865 2444 933 2482 corr.
952 2429 986 2483 ab
1006 2427 1120 2482 editore.

542 2763 671 2830 1056.
697 2760 839 2839 Carolus,
862 2719 1076 2826 Romanorum
1099 2763 1129 2824 et
1150 2757 1323 2824 Bobemiue
1344 2780 1411 2843 rex,
1433 2758 1604 2844 amplicat,
1626 2764 1782 2843 quotenus
1800 2761 1934 2827 rotariis
1952 2765 1982 2827 et
1997 2762 2057 2828 clo·

766 2864 844 2930 ricis
867 2864 933 2930 suis
956 2864 1180 2948 infrascriptis
1202 2864 1240 2928 de
1261 2863 1421 2930 manetis
1443 2863 1598 2947 beneficiis
1616 2863 1833 2948 provideatur.

1486 3002 1649 3084 Asinium,
1671 3005 1759 3069 1349
1780 3003 1938 3071 Jaauartt
1960 3006 2012 3069 11.

651 3163 817 3245 Supplicat
839 3164 869 3228 S.
894 3163 931 3227 V.
956 3163 1089 3227 devotus
1112 3162 1134 3226 f.
1158 3182 1187 3226 r.
1210 3161 1359 3238 Karolns‚
1384 3162 1596 3227 Romanorum
1612 3166 1645 3225 et
1659 3160 1790 3225 Boemie
1812 3179 1878 3240 rex,
1900 3165 2057 3244 qnatenus

542 3268 608 3335 sibi
641 3268 673 3332 in
703 3286 858 3350 personas
893 3268 1164 3350 infrascriptomm
1194 3268 1388 3332 notariorum
1422 3272 1455 3330 et
1488 3266 1673 3331 clericorum
1708 3265 1893 3331 dilectorum
1929 3284 2056 3331 suorum

541 3371 721 3456 specialem
743 3373 884 3454 graciam
905 3372 1070 3450 facientes,
1094 3371 1265 3454 dignemini
1295 3372 1345 3437 eis
1374 3377 1410 3437 ut
1440 3370 1585 3453 sequitur
1606 3369 1783 3453 providere,
1820 3389 1890 3434 cum
1913 3370 2057 3436 omnibus

541 3496 610 3544 non
635 3477 836 3543 obstantibus
859 3481 892 3541 et
914 3475 1065 3542 clausulis
1088 3475 1252 3558 oportunis
1275 3480 1309 3540 et
1331 3474 1564 3552 executoribus,
1588 3472 1753 3539 uidelicet:

654 3600 792 3665 Jobauni
816 3598 856 3664 de
879 3600 1050 3678 Nouoforo‚
1067 3598 1181 3663 clerieo
1197 3597 1474 3663 Wratislauiensis
1498 3597 1643 3676 diocesis,
1660 3597 1783 3662 notario
1808 3616 1875 3676 suo,
1899 3596 1938 3661 de
1962 3615 2055 3661 cauo-

542 3706 658 3771 nicatu
689 3705 823 3769 ecclesie
854 3703 1127 3769 Wratislauiensis
1157 3722 1228 3767 cum
1258 3704 1477 3768 reservacione
1509 3703 1670 3786 prebende
1701 3703 1731 3766 in
1763 3721 1800 3767 ea
1832 3702 1976 3767 vacantis
2007 3700 2057 3765 vel

543 3813 711 3886 vacatura,
735 3827 806 3875 cum
829 3808 1051 3890 acceptacione
1075 3813 1146 3885 etc,
1177 3825 1239 3871 non
1269 3808 1426 3885 obstante,
1458 3808 1542 3890 quod
1572 3807 1803 3889 parrochialem
1834 3806 2002 3871 ecclesiam
2024 3805 2056 3872 in

541 3913 642 3981 Nouo
664 3912 742 3992 foro,
766 3911 1040 3979 Wratislauiensis
1062 3912 1209 3990 diocesis,
1232 3912 1376 3978 noscitur
1397 3913 1551 3977 obtinere.
1895 3928 1897 3936 ·

657 4034 729 4101 Fiat
751 4035 788 4099 R.

655 4157 827 4223 Frederico
850 4158 1024 4239 Stromayri
1047 4157 1087 4221 de
1106 4156 1333 4235 Nuremberch,
1350 4156 1464 4220 clerico
1484 4155 1727 4238 bambergensis
1743 4154 1891 4234 diocesis,
1908 4155 2058 4236 registra-

542 4264 609 4330 tori
634 4280 702 4340 suo,
727 4262 766 4325 de
789 4260 942 4326 beneficio
965 4260 1184 4326 ecclesiastico
1208 4280 1278 4325 cum
1303 4279 1377 4325 cura
1400 4260 1450 4325 vel
1474 4261 1543 4325 sine
1566 4279 1653 4338 cura,
1677 4263 1842 4340 spectante
1865 4258 1905 4323 ad
1930 4258 2056 4324 collaci-

543 4387 652 4446 onmn,
677 4366 899 4449 provisionem,
922 4367 1194 4448 presentacionem
1210 4384 1266 4430 seu
1283 4366 1428 4447 quamvis
1445 4364 1540 4429 aliam
1556 4364 1798 4447 disposicionem
1815 4363 2055 4444 archiepiscopi,

542 4471 715 4557 prepositi,
738 4470 907 4535 decantet
930 4471 1062 4553 capituli
1086 4469 1221 4535 ecclesie
1243 4470 1412 4552 Pragensis
1444 4469 1652 4533 communiter
1681 4468 1730 4532 vel
1754 4466 1889 4545 divisim,
1923 4468 1948 4532 si
1973 4468 2058 4549 quod

542 4578 651 4644 eciam
673 4576 705 4641 iu
728 4574 841 4640 eadem
864 4574 1009 4652 ecclesia,
1034 4575 1165 4640 civitate
1188 4574 1237 4638 vel
1261 4573 1380 4640 diocesi
1404 4573 1555 4655 Pragensi
1579 4578 1671 4638 vacat
1693 4572 1733 4637 ad
1755 4589 1899 4653 presens,
1915 4570 1966 4635 vel
1987 4590 2058 4637 curn

541 4681 686 4759 vacabit,
710 4698 779 4745 cnm
802 4680 1036 4758 reservacione,
1052 4680 1275 4762 acceptacione
1299 4684 1370 4756 etc,
1388 4698 1449 4742 non
1472 4679 1629 4756 obstante,
1647 4676 1730 4760 quod
1746 4674 1934 4740 beneficium
1957 4675 2058 4740 eccle·

542 4786 715 4853 siasticum
738 4802 809 4848 cum
833 4802 909 4848 cura
930 4783 981 4848 vel
1005 4783 1084 4861 sine,
1108 4790 1258 4865 spectans
1282 4782 1323 4846 ad
1347 4781 1552 4849 collaciouem
1575 4781 1624 4845 uel
1648 4781 1923 4863 presentacionem
1947 4780 2058 4844 decani

542 4897 580 4958 et
604 4888 740 4971 capituli
762 4887 899 4954 ecclesie
922 4889 1026 4953 sancti
1051 4889 1136 4953 Petri
1160 4887 1433 4968 wissegradensis
1464 4904 1562 4967 prope.
1585 4886 1727 4967 pragam,
1758 4886 1949 4949 auctoritate
1972 4884 2060 4950 litte·

542 5013 656 5062 rarum
680 4999 860 5059 vestrarum
883 4998 1040 5074 expectat.

654 5115 727 5180 Fiat
750 5120 810 5180 etc.
835 5115 872 5179 R.

654 5236 794 5302 Martino
817 5236 940 5302 Gerlibi
963 5236 1003 5300 de
1026 5235 1248 5317 Brudissind),
1265 5238 1389 5300 notario
1405 5255 1472 5313 suo,
1490 5236 1529 5300 de
1545 5236 1701 5299 decanatu
1722 5234 1859 5298 ecclesie
1875 5232 2059 5308 Misnensis,

541 5363 620 5412 curn
644 5342 865 5407 reservacione
888 5342 980 5405 unius
1003 5340 1043 5405 de
1066 5340 1237 5404 maioribus
1260 5340 1431 5422 prebendis
1455 5341 1487 5403 in
1511 5359 1548 5404 ea
1563 5340 1705 5404 vacantis
1728 5339 1779 5403 vel
1802 5342 1962 5416 vacatura,
1986 5357 2058 5403 cum

541 5445 775 5529 acceptacione
798 5451 869 5524 etc,
892 5464 955 5510 non
978 5446 1134 5523 obstante,
1158 5444 1241 5526 quod
1264 5445 1383 5509 virtute
1406 5445 1626 5526 primariarum
1651 5462 1779 5526 precum
1799 5443 1875 5507 dicti
1898 5442 1984 5524 regis
2007 5460 2059 5505 ca·

541 5551 731 5621 nonicatnm
755 5550 890 5614 ecclesie
913 5549 1161 5628 Budissiuensis
1186 5549 1358 5613 Misuensis
1382 5548 1528 5627 diocesis,
1553 5549 1675 5612 obtinet
1696 5567 1733 5613 ac
1749 5548 1781 5611 in
1804 5566 1842 5611 ea
1866 5546 2058 5629 prebendam

540 5675 672 5725 necnon
696 5653 884 5719 beneficimu
908 5653 1161 5718 ecclesiasticum
1185 5653 1224 5718 ad
1248 5653 1451 5718 collacionem
1482 5654 1622 5736 episcopi
1654 5658 1686 5717 et
1717 5652 1846 5734 capituli
1871 5651 2058 5717 lubicensis

539 5762 692 5830 noscitur
728 5764 907 5841 expectare,
942 5776 1003 5821 non
1038 5759 1237 5822 obstantibus
1272 5759 1513 5839 quibuscunque
1552 5757 1681 5822 statutis
1716 5763 1749 5820 et
1779 5756 2059 5821 consuetudinibus
