5184 7050
535 1094 600 1161 57.
625 1095 740 1157 Petras
771 1091 907 1175 lloyslni
929 1093 1140 1174 confirmator
1158 1093 1193 1156 in
1215 1090 1360 1156 abbatem
1382 1090 1566 1156 rraooosterr‘i
1588 1089 1832 1156 strahoviensis.

476 1230 518 1354 u}
535 1231 562 1354 ξ(
579 1230 622 1354 l
1443 1247 1606 1320 Aoioiooe,
1631 1249 1716 1313 1342
1737 1247 1822 1316 Jolii
1847 1250 1897 1313 19.

535 1426 574 1490 D.
609 1426 630 1491 f.
665 1425 759 1489 Petro
793 1424 946 1507 Woyslai‚
983 1424 1093 1488 abbati
1127 1424 1312 1488 rnonasterii
1346 1421 1555 1505 Montissyon,
1591 1421 1672 1486 alias
1706 1423 1944 1488 Strahouiensis

433 1549 530 1611 prope
554 1531 700 1611 Pragam,
724 1529 844 1594 ordinis
867 1529 1182 1605 Prerrnnrstratensis,
1207 1548 1232 1592 s.
1257 1532 1317 1591 ete.
1353 1528 1436 1590 llum
1460 1527 1548 1590 iuxta
1572 1527 1745 1607 pastoralis
1768 1526 1866 1591 officii
1890 1528 1944 1591 de·

431 1635 533 1698 hitum
557 1637 682 1697 attenta
706 1633 915 1698 nieditacione
939 1651 1121 1712 pensamus,
1146 1651 1239 1714 quam
1264 1633 1307 1695 sit
1331 1636 1445 1695 onusta
1468 1630 1654 1712 dispendiis,
1678 1637 1755 1712 quot
1785 1632 1886 1696 eciam
1909 1638 1942 1698 et

432 1745 553 1819 quauta
578 1738 721 1818 pericula
744 1756 851 1813 secum
874 1737 982 1801 trahat
1013 1737 1221 1801 ecclesiarum
1255 1741 1288 1799 et
1322 1735 1584 1799 monasteriorum
1619 1737 1747 1799 vacacio
1782 1737 1942 1814 diuturna,

432 1861 524 1923 opem
547 1848 581 1905 et
604 1861 743 1922 operare,
768 1848 921 1922 quantum
956 1841 1046 1904 nohis
1080 1861 1118 1905 ex
1154 1842 1219 1904 alto
1255 1839 1459 1921 permittitur,
1483 1838 1681 1919 adhibemus,
1704 1844 1740 1904 ut
1762 1838 1943 1904 huiusmodi

432 1944 579 2009 ecelesiis
613 1952 647 2010 et
678 1946 891 2023 monasteriis,
926 1964 988 2026 que
1022 1945 1204 2010 vacacionis
1238 1943 1443 2008 incommodis
1478 1947 1687 2024 exponuntur,
1711 1944 1751 2008 de
1775 1943 1888 2007 celcris
1911 1947 1944 2007 et

432 2048 573 2113 salubris
595 2049 786 2132 provisionis
805 2050 945 2113 remedio
962 2054 1176 2126 succurratur,
1193 2068 1232 2112 ne
1249 2049 1374 2113 illorum
1390 2049 1570 2128 provisione
1586 2053 1749 2130 protracta
1765 2049 1944 2113 sustineant

431 2154 461 2216 in
486 2152 710 2232 spiritualibus
734 2160 766 2216 et
789 2153 1020 2234 ternporalihus
1044 2154 1277 2217 detrimentum.
1304 2151 1388 2216 Olim
1412 2152 1569 2233 sirpridem
1591 2153 1784 2216 monasterio
1809 2151 1944 2215 Montis-

432 2276 508 2338 syon
545 2257 627 2319 alias
662 2256 881 2322 Strahoniensi
917 2277 1016 2340 prope
1052 2259 1196 2338 Pragam,
1223 2257 1526 2321 lhomonstratensis
1564 2256 1694 2335 ordinis,
1728 2276 1786 2338 per·
1823 2256 1943 2319 obitum

434 2360 593 2443 qummmn
624 2359 792 2437 Glrerardi,
825 2362 926 2442 ipsius
960 2363 1145 2426 monasterii
1170 2361 1306 2438 ahhatis,
1331 2361 1385 2441 qui
1410 2361 1609 2443 inpartibus
1633 2360 1697 2424 illis
1721 2360 1804 2424 diem
1828 2361 1944 2425 clausit

434 2472 620 2541 extremum,
634 2464 760 2528 abbatis
776 2465 929 2544 regimine
946 2465 1111 2542 destituto,
1129 2466 1149 2529 i.
1166 2485 1191 2528 r.
1208 2465 1372 2529 lohannes
1388 2485 1471 2547 papa
1484 2464 1587 2540 xxn,
1604 2465 1811 2546 predecessor
1824 2470 1943 2544 noster,

437 2569 609 2632 vacacione
638 2568 820 2632 huiusmodi
852 2568 1020 2648 lidedignis
1054 2570 1209 2633 relatilms
1244 2568 1417 2645 intellecta,
1453 2569 1584 2649 cupiens
1618 2568 1721 2632 eidem
1751 2569 1943 2633 monasterio

436 2691 605 2752 personam
639 2673 784 2736 idoneam
819 2691 876 2752 per
914 2673 1088 2754 apostolice
1126 2674 1212 2737 sedis
1250 2672 1485 2752 providenciam
1524 2672 1697 2752 presidere,
1731 2672 1943 2752 provisionem

434 2777 536 2858 ipsius
566 2777 752 2841 monasterii
783 2796 823 2839 ea
858 2778 936 2849 vice,
967 2777 1117 2841 videlicet
1148 2777 1243 2841 l'llll
1268 2776 1423 2840 kalendas
1447 2775 1536 2852 hlaii,
1560 2775 1764 2856 pontificatus
1787 2775 1836 2839 sni
1861 2794 1943 2840 anno

437 2880 714 2962 quartorlecirno,¹)
736 2880 939 2960 disposicioni
957 2901 1013 2943 sue
1029 2901 1066 2944 ac
1083 2882 1168 2944 sedis
1185 2881 1358 2961 rrprostolice
1375 2880 1559 2961 specialiter
1572 2880 1748 2943 reservavit
1770 2880 1944 2944 decernens

435 2991 550 3047 extunc
574 2984 698 3047 irritum
722 2989 754 3048 et
777 2984 881 3060 inane,
906 2985 932 3046 si
957 3004 1049 3048 serens
1074 3004 1170 3066 super
1199 2985 1261 3047 hiis
1292 3004 1350 3066 per
1380 3001 1585 3064 ‹proscnnque
1616 2984 1728 3064 qrravis
1752 2984 1943 3048 auctoritato

435 3089 574 3152 scienter
595 3087 644 3150 vel
669 3087 852 3166 ignoranter
875 3090 1071 3169 contingeret
1095 3089 1289 3169 attemptari.
1315 3088 1517 3152 Postmodum
1533 3108 1617 3166 vero,
1642 3108 1711 3152 cum
1728 3089 1943 3154 Theodericus

435 3191 471 3254 de
496 3191 595 3267 Renes,
619 3191 790 3254 canonicus
814 3191 890 3255 dicti
914 3193 1107 3270 rnonasterii,
1125 3192 1164 3255 de
1181 3193 1265 3255 facto
1290 3193 1358 3270 in·)
1383 3192 1452 3272 ipso
1468 3193 1661 3256 nnmasterio
1681 3211 1739 3273 per
1754 3199 1941 3258 conventum

436 3295 535 3375 ipsius
559 3295 682 3359 electus
704 3292 857 3373 fuissetl')
881 3314 919 3359 ac
950 3295 1028 3358 illud
1058 3314 1116 3375 per
1149 3295 1256 3376 plures
1280 3316 1379 3360 annos
1403 3301 1591 3375 occupatum
1614 3297 1772 3360 tenuisset
1794 3297 1834 3360 de
1857 3298 1942 3362 facto

436 3420 469 3462 ac
500 3399 604 3463 eciam
636 3399 801 3478 detineret,
833 3399 884 3463 dd.
915 3400 946 3463 ff.
960 3450 988 3462 ..
1014 3399 1113 3463 abbas
1147 3399 1332 3462 monasterii
1365 3400 1682 3476 PromonstratensiS,
1717 3399 1941 3465 Lauduneusis

435 3503 580 3581 diocesis,
605 3523 642 3567 ac
665 3503 814 3582 gencrale
838 3503 1012 3584 capitulum
1036 3503 1113 3567 dicti
1136 3503 1255 3567 ordinis
1278 3503 1414 3567 crcrmlem
1436 3502 1665 3568 Theodericum
1690 3503 1728 3568 ah
1750 3504 1819 3587 ipso
1835 3524 1942 3570 nrona-

435 3609 529 3671 sterio
566 3608 764 3690 llontissyon
799 3614 993 3685 arnovevunt,
1029 3611 1123 3689 pnmt
1156 3608 1203 3671 eis
1237 3627 1275 3670 ex
1310 3608 1467 3671 institutis
1502 3608 1580 3671 dicti
1611 3608 1731 3672 ordinis
1754 3628 1812 3690 per
1834 3610 1940 3673 sedem

434 3711 566 3775 eamlem
590 3711 783 3775 ecnrlirmatis
807 3732 845 3776 ex
869 3718 957 3775 crema
981 3713 1118 3776 sciencia
1143 3712 1352 3791 rnnnpetehat,
1370 3731 1407 3775 ac
1426 3712 1527 3791 ignari
1544 3717 1579 3774 ut
1594 3711 1696 3776 fertur
1711 3714 1941 3777 reservacionis

433 3822 461 3879 et
485 3816 610 3880 ‹lecreti
634 3814 847 3896 predictorum
869 3816 1095 3897 pretendentes
1119 3816 1159 3879 ad
1184 3816 1269 3896 ipsos
1293 3835 1332 3879 ea
1356 3817 1424 3879 vice
1458 3816 1671 3896 praevisionem
1703 3816 1804 3896 ipsius
1834 3836 1942 3880 mona-

434 3920 520 3983 sterii
559 3918 758 4001 hlontissyon
792 3920 962 4000 pertinere,
985 3919 1025 3982 de
1055 3925 1097 3998 te,
1128 3926 1204 3984 tunc
1235 3920 1386 3984 canonico
1417 3920 1599 3984 monasterii
1624 3919 1839 3998 Gradicensis,
1864 3920 1941 3984 dicti

434 4023 564 4100 culinis,
589 4022 811 4090 Olonmcensis
834 4023 981 4100 diocesis,
1005 4024 1146 4088 ordinem
1170 4025 1274 4104 ipsum
1302 4043 1451 4104 expresse
1482 4023 1625 4105 professo
1649 4029 1681 4089 ot
1703 4025 1736 4088 in
1759 4024 1941 4088 sacerdocio

433 4128 617 4202 constituto,
642 4126 744 4189 eidem
780 4128 907 4191 vacanti
936 4128 1127 4192 nronasterio
1159 4128 1358 4210 Montissyon
1389 4129 1595 4208 providerunt
1626 4128 1665 4192 do
1695 4127 1789 4206 lacto,
1813 4132 1845 4191 et
1868 4128 1943 4191 sub-

432 4233 605 4311 sequenter
634 4229 776 4293 nonnulli
807 4231 949 4294 canonici
981 4230 1057 4293 dicti
1088 4231 1272 4294 monasterii
1304 4231 1513 4314 hlontissyon,
1544 4233 1796 4296 reservacionem
1830 4235 1862 4294 et
1886 4230 1940 4294 de·

432 4339 555 4397 cretum
578 4332 723 4412 predicta
747 4334 830 4397 sicut
853 4334 1009 4397 asseritur
1042 4334 1235 4414 imrorantes,
1260 4333 1289 4397 d.
1314 4334 1335 4398 f.
1359 4332 1526 4415 Hilgerum
1560 4334 1599 4398 de
1633 4320 1731 4411 Reno,
1756 4334 1941 4397 canonicum

431 4436 508 4501 dicti
532 4438 718 4501 monasterii
742 4437 951 4520 hlontissyon,
976 4438 1007 4500 in
1032 4438 1180 4501 abbatem
1203 4438 1387 4501 monasterii
1412 4437 1451 4501 de
1475 4437 1559 4501 facto
1589 4439 1755 4519 elegerunt
1788 4437 1941 4515 eiusdem,

430 4541 566 4622 ipseque
590 4539 740 4621 Hilgerus
764 4541 944 4606 lminsmodi
967 4541 1118 4604 eleccioni
1142 4542 1181 4604 de
1205 4562 1239 4604 se
1262 4541 1372 4604 taliter
1395 4541 1478 4604 sainte
1502 4542 1707 4605 consenciens
1727 4546 1759 4604 et
1786 4540 1941 4622 eligentes

430 4644 568 4708 eundem
592 4650 702 4708 eontra
725 4650 758 4708 te
781 4665 818 4709 ac
841 4646 1054 4725 provisionem
1076 4645 1253 4725 predictam
1276 4646 1335 4708 tihi
1367 4645 1485 4708 farctum
1517 4645 1556 4708 ad
1592 4644 1699 4708 sedem
1734 4644 1942 4724 apostolicam

430 4748 647 4829 appellarunt.
671 4750 876 4814 Postmodum
899 4770 974 4813 vero
998 4749 1122 4831 prefato
1145 4749 1291 4813 Johamre
1316 4750 1441 4812 suhlato
1465 4750 1504 4812 dc
1538 4748 1641 4812 medio
1665 4755 1698 4811 et
1721 4767 1751 4828 p.
1774 4768 1814 4812 nr.
1839 4748 1942 4812 Bene·

431 4852 517 4916 dicto
553 4871 638 4934 papa
661 4852 734 4931 Xll,
758 4853 985 4934 predecessore
1016 4857 1134 4930 nostro,
1166 4854 1205 4915 ad
1241 4854 1364 4934 apicem
1399 4852 1511 4915 summi
1546 4853 1744 4932 apostolatus
1778 4857 1942 4933 assumpto

429 4954 614 5021 huiusmodi
637 4958 838 5035 provisionis
862 4956 1031 5020 eleccionis
1055 4962 1087 5018 et
1110 4956 1342 5037 appellationis
1365 4956 1495 5034 negocio
1519 4962 1584 5019 tam
1608 4974 1713 5018 coram
1736 4955 1819 5019 dicto
1839 4954 1942 5019 Bene-

431 5059 519 5124 dicto
544 5060 647 5139 primo
671 5079 765 5140 quam
789 5060 904 5123 deinde
928 5061 997 5141 ipso
1020 5059 1203 5136 Benedicta,
1228 5060 1311 5122 sient
1335 5060 1459 5123 donrino
1483 5059 1613 5139 placuit,
1630 5060 1670 5122 ah
1693 5057 1753 5122 hac
1776 5058 1846 5122 luce
1870 5058 1943 5123 sub-

428 5169 535 5227 tracto
567 5183 673 5227 coram
705 5165 795 5227 nobis
825 5171 939 5244 postea
971 5165 1077 5228 divina
1109 5165 1235 5227 favente
1262 5164 1371 5244 gracia
1395 5163 1435 5226 ad
1459 5163 1581 5243 apicem
1605 5163 1718 5226 summi
1742 5163 1942 5243 apostolatus

428 5267 607 5348 assumptis
632 5268 663 5329 in
686 5269 873 5332 corrsistorio
896 5269 1069 5349 proposito,
1087 5286 1143 5330 nrm
1159 5268 1372 5348 provisionem
1388 5272 1421 5329 et
1436 5266 1627 5329 eleccionem
1643 5266 1814 5348 predictas,
1831 5272 1942 5348 utpote

428 5376 502 5452 post
525 5378 559 5434 et
583 5378 692 5433 contra
716 5373 968 5434 reservacionem
992 5379 1024 5434 et
1049 5371 1211 5433 decretum
1234 5369 1378 5449 predicta
1403 5375 1620 5450 attemptatas,
1637 5376 1825 5450 reputantes
1848 5378 1943 5451 prout

426 5482 524 5539 erant
548 5476 657 5537 irritas
681 5482 713 5536 et
736 5475 847 5537 inanes
871 5494 908 5537 ac
933 5474 972 5537 ad
996 5474 1208 5555 provisionem
1233 5474 1334 5552 ipsius
1357 5474 1540 5537 monasterii
1573 5472 1781 5556 lloutissyon,
1806 5474 1844 5537 de
1879 5494 1942 5556 qua

426 5580 537 5643 nullus
559 5584 669 5661 preter
691 5597 748 5641 nos
772 5597 806 5641 sc
830 5579 890 5641 hac
914 5580 981 5642 rice
1006 5579 1216 5642 intromittere
1239 5584 1355 5658 potest,
1379 5579 1599 5641 reservaciono
1623 5584 1655 5641 et
1679 5577 1806 5642 decreto
1829 5578 1940 5642 huius-

425 5682 512 5746 modi
537 5682 778 5758 obsisteutihus
802 5702 841 5744 ne
865 5684 1093 5746 rrnmasterium
1116 5684 1229 5762 ipsmn,
1254 5681 1293 5743 dc
1317 5702 1378 5762 ‹pur›
1402 5700 1459 5762 per
1492 5683 1594 5761 ipsum
1625 5682 1834 5745 ltenerlictmn
1858 5682 1941 5746 ordi-

426 5793 540 5851 natum
562 5803 626 5850 non
648 5784 719 5863 fuit,
734 5785 917 5867 prolixioris
934 5786 1114 5849 vacacionis
1130 5790 1343 5866 exponeretur
1359 5785 1573 5863 incommodis
1586 5786 1729 5867 paternis
1746 5792 1779 5849 et
1795 5785 1941 5849 sollicitis
