5184 7050
1966 805 2027 878 151

522 1030 606 1096 ⁶248.
639 1029 783 1097 Jobonni
806 1029 888 1092 dicto
911 1027 948 1091 dc
973 1028 1121 1091 lbrstein
1138 1026 1324 1111 providetur
1346 1026 1384 1090 dc
1400 1025 1591 1091 canonicatu
1612 1024 1758 1089 aedesioc
1782 1021 1949 1089 Oiticensis
1970 1021 2029 1087 snb

854 1133 1070 1216 expectatione
1095 1132 1307 1216 praebendae.
1345 1130 1468 1196 Forma
1490 1135 1525 1195 nt
1551 1131 1585 1194 in
1606 1152 1639 1196 n.
1662 1131 1694 1194 6.

1218 1305 1316 1389 Apnd
1345 1305 1583 1382 Villamnooarn,
1606 1302 1692 1368 1343
1715 1301 1907 1387 Septembris
1929 1306 1983 1369 27.

626 1481 663 1545 D.
680 1481 702 1544 i.
718 1479 857 1545 Johanni
881 1480 965 1545 dieto
989 1480 1029 1544 de
1052 1480 1209 1560 Pyrstien,
1234 1480 1384 1544 canonico
1408 1478 1542 1543 ecclesie
1566 1476 1735 1556 Citzensis,
1757 1475 2028 1558 Nnemburgensis

525 1585 667 1661 liocesis,
691 1603 716 1647 s.
741 1591 800 1648 ote.
825 1584 988 1649 Attn'huta
1011 1583 1070 1648 tihi
1094 1584 1208 1647 merita
1230 1583 1422 1665 probitatis.
1441 1633 1448 1647 .
1466 1632 1498 1646 ..
1522 1581 1674 1646 Volentes
1709 1581 1819 1661 itaque
1849 1579 1909 1643 tibi
1931 1599 1962 1662 p.
1985 1598 2025 1644 m.

522 1708 545 1751 ι.
571 1706 694 1753 necnon
717 1687 976 1753 consideracione
1000 1705 1026 1752 c.
1050 1687 1082 1750 in
1107 1686 1163 1751 Ch.
1187 1687 1208 1752 f.
1232 1706 1262 1750 n.
1287 1685 1454 1764 lobannis,
1478 1685 1564 1768 regis
1586 1684 1716 1748 Boemie
1739 1683 1883 1761 illustris,
1904 1701 1961 1765 pm
1984 1688 2027 1762 te,

523 1790 637 1857 :lilecto
661 1790 826 1873 capellano
850 1810 917 1869 suo,
942 1790 1033 1855 nohis
1057 1791 1089 1855 in
1111 1790 1173 1855 hac
1196 1795 1289 1873 parte
1311 1788 1474 1853 humiliter
1497 1788 1719 1871 supplicantis,
1732 1785 1756 1869 ¹)
1779 1807 1808 1870 g.
1832 1786 1854 1851 f.
1878 1806 1914 1866 s.,
1934 1806 2028 1852 cano·

522 1896 662 1959 nicatmn
684 1895 820 1960 ecclesie
843 1894 1012 1974 Citzensis,
1028 1892 1301 1977 Nucmburgensis
1318 1893 1463 1972 diocesis,
1488 1910 1513 1957 c.
1537 1911 1568 1974 p.
1593 1892 1613 1956 i.
1637 1911 1663 1957 e.
1688 1910 1716 1956 a.
1740 1894 1762 1954 t.
1788 1910 1816 1955 a.
1838 1891 2028 1956 conferimus

522 2002 554 2062 et
577 1998 617 2063 de
641 1998 695 2063 illo
719 2000 820 2064 eciam
843 1999 1055 2082 providemus,
1079 1999 1274 2081 prebendam
1296 2017 1373 2063 vero
1396 1996 1476 2061 nulli
1499 1996 1554 2060 alii
1578 1996 1617 2060 de
1641 1997 1710 2061 iure
1740 1994 1890 2074 debitam,
1914 1996 2029 2076 siqua

522 2103 551 2166 in
575 2102 687 2167 eadem
712 2103 848 2168 ecclesia
870 2109 965 2168 vacat
988 2102 1029 2167 ad
1051 2121 1194 2185 presens,
1217 2102 1267 2166 vel
1291 2119 1362 2165 cum
1385 2102 1627 2179 vacaverit,....
1652 2098 1875 2166 conterendam
1894 2100 2025 2164 tihi....

522 2206 549 2270 d.
574 2224 603 2269 a.
627 2224 829 2272 reservamus
845 2258 852 2271 .
870 2258 876 2271 .
895 2259 902 2272 .
921 2227 945 2286 .;
970 2226 1032 2272 non
1055 2207 1304 2272 obstantibus..
1323 2257 1329 2270 .
1348 2257 1354 2271 .
1380 2210 1437 2271 aut
1460 2206 1544 2287 quod
1568 2205 1723 2288 capellam
1747 2204 1842 2269 castri
1866 2204 2024 2284 Pirstyen,

522 2310 691 2393 Pragensis
714 2310 860 2390 diocesis,
891 2312 1033 2377 nosceris
1063 2311 1305 2377 obtinere...
1353 2311 1392 2375 l).
1416 2309 1500 2392 apud
1516 2308 1759 2388 Villamnouam,
1783 2308 1820 2373 A.
1845 2307 1886 2388 d,
1908 2307 1938 2374 V
1959 2306 2024 2372 lral.
2122 2336 2125 2341 ·

522 2412 672 2479 Octobris
696 2433 724 2479 a.
749 2415 897 2480 seeundo.

625 2544 662 2609 In
685 2564 712 2609 e.
735 2564 776 2610 m.
801 2565 849 2611 vv.
873 2546 904 2612 ff.
923 2596 954 2611 ..
979 2546 1162 2629 patriarche
1185 2545 1452 2611 lerosolomitano
1476 2549 1509 2608 et
1525 2593 1557 2608 ..
1582 2543 1731 2626 episcopo
1762 2542 1919 2608 Misncnsi
1941 2547 1974 2608 et
1997 2544 2027 2608 d.

522 2648 592 2713 l...
616 2649 726 2713 abbati
749 2651 934 2716 monasterii
957 2650 998 2716 de
1019 2652 1146 2730 Busan,
1169 2649 1441 2732 Nuemburgensis
1465 2648 1611 2727 diocesis,
1635 2665 1660 2712 s.
1685 2653 1744 2712 etc.
1762 2698 1769 2712 .
1789 2698 1796 2713 .
1814 2697 1846 2712 ..
1878 2647 1917 2713 D.
1942 2652 1979 2712 ut
2001 2665 2025 2711 s.

626 2863 774 2918 Clementis
792 2865 828 2918 Vl
846 2864 878 2918 V.
901 2870 946 2918 lol
967 2865 985 2918 l.
1004 2871 1054 2918 335
1074 2881 1100 2918 ιι.
1120 2870 1178 2932 134,
1197 2863 1232 2918 de
1249 2863 1417 2933 praebendis
1435 2863 1580 2918 vacaturis.
1601 2862 1731 2931 Quaterni
1750 2862 1795 2916 isti
1814 2862 1843 2915 in
1861 2864 1894 2916 A.
1914 2879 1968 2916 non
1987 2879 2029 2916 re-

522 2951 673 3018 periuntur.
693 2982 726 2990 -
745 2949 810 3019 Reg.
829 2950 904 3020 apud
923 2952 954 3005 G.
974 2951 1103 3019 Schmidt,
1122 2951 1135 3004 I
1154 2968 1180 3005 n.
1199 2957 1241 3004 33.
1261 2981 1293 2990 -
1314 2952 1333 3017 ¹)
1353 2950 1519 3021 supplicatio
1538 2950 1593 3005 ista
1610 2966 1666 3005 non
1684 2956 1726 3004 est
1743 2956 1861 3019 reperta.

523 3493 611 3560 249.
658 3490 903 3575 Araboepiscopo
933 3490 1166 3557 Mediolanensi
1197 3491 1323 3574 aragne
1356 3487 1571 3576 aoffrapaneis
1604 3494 1634 3555 et
1666 3489 1766 3555 simili
1798 3490 1887 3555 modo
1920 3490 2026 3556 archi-

523 3598 668 3679 episcopo
692 3597 847 3676 Propensi
876 3596 1003 3678 eiusque
1030 3595 1246 3681 suffraganeis
1275 3595 1459 3672 mandator,
1488 3599 1643 3676 qnatenus
1674 3600 1783 3659 contra
1810 3597 1929 3661 ancos
1952 3617 2028 3680 pro-

522 3704 643 3782 ponant
668 3698 796 3782 publice
824 3700 950 3764 verbnm
981 3701 1084 3764 cocis
1112 3704 1144 3764 et
1172 3701 1238 3764 eins
1268 3701 1393 3780 signnm
1423 3700 1580 3782 suscipere
1611 3698 1781 3764 colentibus
1814 3699 2027 3781 indulgentias

1093 3808 1259 3869 consuetas
1281 3802 1460 3868 concedant.

1221 3975 1319 4062 Apud
1348 3974 1585 4055 leanrnooarn,
1608 3977 1695 4041 1343
1717 3975 1909 4060 Septembris
1930 3979 1982 4043 30.

624 4147 683 4216 Vv.
714 4149 745 4216 n.
763 4202 794 4217 ..
819 4151 1056 4233 archiepiscopo
1088 4150 1319 4215 Mediolanensi
1351 4152 1483 4233 eiusque
1514 4149 1725 4232 suffraganeis
1756 4168 1780 4215 s.
1813 4155 1873 4216 etc.
1918 4153 2028 4217 lusur-

522 4256 670 4338 gentibus
693 4262 804 4320 contra
827 4254 920 4321 iidem
937 4255 1126 4320 catholicam
1142 4263 1175 4320 et
1190 4254 1376 4336 religionem
1398 4256 1584 4336 extinguere
1601 4254 1804 4320 molientibus
1820 4254 2027 4320 christianam

522 4379 558 4424 ea
581 4361 703 4423 virtute
733 4360 852 4442 illaque
884 4360 1067 4426 constancia
1097 4364 1147 4424 est
1170 4378 1189 4422 a
1212 4358 1360 4424 fidelibus
1391 4360 1614 4437 resistendum,
1649 4364 1685 4424 ut
1714 4358 1825 4424 fideles
1855 4360 1918 4439 ipsi
1952 4358 2027 4424 fidei

522 4463 697 4528 orthodoxe
721 4464 834 4529 ardore
857 4465 1001 4528 succensi
1025 4462 1261 4544 virtutibusque
1283 4481 1454 4545 proposse
1478 4463 1630 4528 succincti
1654 4463 1878 4527 detestandum
1901 4463 2040 4548 illarum,

522 4568 721 4649 propositum
745 4569 836 4632 obice
859 4570 1016 4633 contrarie
1040 4568 1229 4631 intensionis
1261 4568 1435 4648 impediant
1458 4574 1490 4631 et
1512 4567 1635 4631 roboris
1666 4568 1870 4647 oppositione
1894 4573 2027 4631 conatus

522 4672 651 4752 iniquos
673 4671 864 4752 prohibeant
887 4670 1068 4748 eorundem,
1093 4670 1202 4751 sicque
1217 4670 1333 4734 mentis
1349 4676 1382 4735 et
1398 4671 1538 4751 corporis
1555 4676 1717 4734 armatura
1731 4671 1845 4734 muniti
1861 4689 1898 4734 ac
1913 4672 2027 4735 directi

522 4775 639 4838 lumine
662 4773 737 4839 fidei
761 4776 962 4857 insurgentes
985 4774 1112 4838 eosdem
1128 4774 1287 4855 spirituali
1313 4780 1458 4840 carentes
1480 4775 1652 4839 munimine
1668 4779 1701 4839 et
1717 4773 1916 4839 infidelitatis
1939 4782 2028 4840 tene-

522 4879 586 4942 bris
609 4879 779 4943 obcecatos
802 4879 872 4957 deo,
904 4879 954 4943 cui
978 4877 1127 4955 militant,
1159 4879 1237 4960 ipsis
1261 4880 1434 4943 assistente
1457 4883 1669 4960 prosternant.
1716 4880 1799 4944 Sane
1823 4880 1886 4943 iam
1910 4881 2026 4945 dudum

522 4988 553 5047 et
573 5001 678 5063 nuper
700 4984 810 5062 eciam,
841 4989 937 5064 prout
967 4982 1132 5047 evidencia
1161 4981 1239 5047 facti
1262 4982 1411 5064 prodolor
1441 4987 1550 5048 notum
1580 4984 1696 5062 reddit,
1726 5003 1789 5048 non
1811 4984 1881 5048 sine
1913 4986 2028 5049 antari-

522 5087 630 5151 tudine
652 5087 769 5151 mentis
793 5088 983 5168 accepimus,
1008 5088 1092 5168 quod
1118 5092 1229 5169 gentes
1250 5086 1375 5152 illorum
1400 5087 1574 5152 infidelium
1596 5107 1802 5171 paganorum,
1826 5106 1889 5169 que
1904 5088 2027 5170 vulgari

522 5190 627 5272 lingua
649 5189 768 5255 Turchi
791 5195 954 5269 vocantur,
979 5190 1129 5253 sistentes
1152 5191 1337 5272 sanguinem
1361 5191 1470 5273 populi
1495 5191 1660 5257 christiani
1684 5197 1717 5256 et
1740 5193 1781 5256 ad
1797 5192 2027 5256 extinccionern

522 5292 676 5358 catholice
708 5291 782 5358 fidei
813 5293 1040 5375 anhelanteS,·)
1073 5293 1215 5358 collectis
1238 5312 1295 5358 sue
1307 5292 1335 5376 b)
1358 5296 1479 5359 viribus
1509 5297 1652 5360 nacionis
1676 5315 1694 5360 a
1718 5297 1815 5361 certis
1845 5301 1930 5361 retro
1955 5315 2027 5361 con-

522 5397 655 5461 tinuatis
684 5399 881 5478 temporibus
912 5416 982 5461 curn
1013 5399 1150 5462 maxima
1181 5399 1363 5480 quantitate
1393 5400 1547 5482 lignorum
1577 5400 1740 5464 navalium
1770 5406 1964 5465 armatorum
1995 5402 2027 5466 in

522 5501 666 5582 partibus
697 5501 851 5566 Rornanie
874 5509 907 5566 et
931 5502 1004 5565 aliis
1033 5501 1112 5565 locis
1140 5501 1283 5566 ¹fidelium
1315 5504 1487 5568 convicinis
1518 5504 1638 5569 eisdem
1673 5503 1918 5569 eluistianornm
1948 5505 2027 5570 fines

522 5623 577 5685 per
599 5623 688 5669 mare
710 5603 839 5670 fue1unt
864 5606 998 5687 ingressi
1022 5611 1055 5669 et
1072 5606 1102 5668 in
1120 5605 1310 5668 eluistianos
1334 5613 1366 5669 et
1390 5607 1459 5669 loca
1483 5628 1520 5671 ac
1537 5609 1657 5671 insulas
1681 5610 1851 5673 evuuudem
1876 5613 2028 5676 atrociter

522 5710 680 5774 sevientes
703 5727 761 5789 per
783 5728 870 5773 mare
894 5710 1113 5773 discurrerunt
1135 5708 1291 5772 hactenus
1307 5717 1340 5772 et
1356 5729 1416 5774 non
1433 5711 1593 5776 desistunt
1615 5713 1794 5775 discurrere
1818 5714 2026 5791 incessanter,
