5184 7050
1888 889 1951 957 735

434 1093 558 1160 1420.
580 1090 735 1168 Arualdo,
758 1090 846 1155 titoali
867 1092 975 1158 sanai
996 1091 1081 1157 Sinti
1097 1091 1282 1178 presbytero
1305 1093 1474 1174 cardinali,
1501 1095 1687 1178 propiciatio
1709 1099 1796 1159 motu
1817 1094 1950 1180 proprio

435 1195 476 1262 de
497 1195 761 1262 archidiaconatu
782 1195 931 1262 6661661116
955 1195 1141 1280 Opaliensis,
1162 1196 1423 1262 Vratislaoiensis
1444 1199 1586 1278 diocesis,
1602 1201 1736 1263 ouante
1753 1221 1815 1282 per
1834 1199 1951 1264 obitum

436 1299 568 1367 Nicoloi
589 1299 667 1366 dicti
688 1299 900 1381 Iltlsclussel,
924 1301 979 1383 qni
1000 1322 1101 1385 nuper
1122 1301 1211 1385 apud
1224 1300 1330 1366 sedan
1345 1301 1552 1386 apostolicam
1567 1305 1709 1367 mortuus
1725 1306 1781 1367 est.
1805 1303 1950 1383 ,1111111-

436 1405 529 1470 nione
551 1406 638 1470 XVI
653 1403 719 1471 lcal.
741 1405 910 1470 Februarii
933 1426 963 1470 a.
987 1403 1126 1470 decimo}
1148 1442 1192 1453 -
1215 1407 1255 1470 In
1269 1427 1295 1472 e.
1310 1426 1352 1470 m.
1369 1406 1493 1471 canton
1510 1407 1732 1471 liraeonensis
1746 1412 1776 1471 ct
1795 1409 1952 1474 sacristae

525 1507 748 1576 Aninioneneis
770 1506 974 1576 ecclesiarum
996 1529 1036 1574 ac
1058 1508 1194 1592 officiali
1223 1509 1474 1575 Vratislaoiensi.
1520 1508 1644 1575 Forma
1664 1514 1701 1573 nt
1722 1511 1757 1575 in
1778 1533 1808 1576 n.
1833 1515 1863 1578 9.

1376 1647 1540 1724 Aoirrionc,
1565 1649 1650 1715 1352
1672 1650 1830 1718 Januarii
1851 1653 1904 1716 11.

543 1784 691 1841 clementis
709 1784 747 1840 VI
765 1786 796 1839 V.
815 1790 866 1839 207
885 1784 904 1838 t.
925 1789 957 1838 Io
981 1801 1007 1838 n.
1035 1790 1077 1853 29,
1099 1784 1209 1840 litterae
1233 1784 1404 1840 dominorum
1429 1784 1616 1840 cardinalium.
1645 1787 1677 1840 In
1703 1787 1737 1842 A.
1764 1787 1794 1842 hi
1823 1789 1950 1857 quaterni

437 1889 497 1928 non
516 1879 582 1928 sunt
598 1871 711 1941 reperti.
730 1871 798 1941 Reg.
817 1872 867 1927 sub
887 1871 952 1927 data
971 1887 1088 1926 erronea
1105 1871 1133 1925 in
1152 1869 1249 1925 ZVGA
1270 1869 1428 1927 Schlesieus
1446 1871 1531 1940 XXV,
1551 1878 1609 1927 193.

1094 2067 1297 2077 ——-—-.

437 2258 559 2326 1421.
577 2256 796 2339 Morquarclus
812 2255 849 2320 cie
862 2255 1022 2339 „Anpca“
1034 2255 1205 2339 supplicat,
1221 2260 1376 2338 quatem
1392 2257 1485 2321 Petro
1496 2254 1605 2336 Epidii
1620 2256 1793 2339 oleKojetin
1810 2259 1952 2341 officinm

977 2360 1200 2426 tabellionatus
1223 2361 1420 2426 oonoedmur.

1380 2464 1543 2542 Acinione,
1566 2466 1652 2529 1352
1675 2467 1832 2531 Jonnarii
1853 2470 1906 2532 20.

540 2619 705 2705 Siguiticat
725 2620 756 2688 S.
781 2619 819 2686 V.
841 2620 969 2685 humilis
991 2624 1099 2686 vester
1121 2619 1334 2702 Marquardus
1357 2621 1397 2685 de
1420 2623 1547 2703 Ampor,
1572 2619 1663 2685 miles
1686 2620 1785 2686 Vlrici
1809 2621 1949 2688 1161161-

435 2727 516 2807 lurt,
538 2724 649 2791 militis
671 2729 705 2790 61
726 2723 972 2790 ambassiadoria
995 2723 1114 2789 domini
1136 2723 1330 2808 Lo[douici],
1352 2725 1438 2807 regia
1460 2724 1600 2807 Vngarie
1614 2773 1947 2791 .............

544 2935 626 2999 Item
655 2933 826 3016 supplicat,
857 2939 1015 3014 quatenus
1041 2933 1137 3001 Petro
1160 2931 1268 3015 Egidii
1290 2933 1331 2998 de
1355 2933 1492 3017 Koetyn,
1516 2933 1703 3016 presbytero
1728 2932 1948 3000 Olomucensis

436 3040 587 3118 diocesis,
617 3036 757 3104 officium
780 3036 1008 3103 tabellionatus
1031 3037 1225 3102 auctoritate
1248 3037 1426 3119 apostolica
1450 3038 1623 3103 concedere
1651 3038 1833 3119 dignemini,
1858 3042 1893 3102 ut
1915 3038 1950 3103 in

436 3144 617 3313 torma-m
639 3246 677 3312 R.
688 3246 713 3332 ¹)
757 3247 833 3315 Sine
857 3246 1001 3311 examine
1024 3250 1057 3310 61
1079 3245 1144 3310 alia
1166 3244 1316 3310 locoione.
1363 3244 1436 3310 Fiat
1458 3245 1495 3309 R.
1536 3247 1575 3310 D.
1599 3246 1757 3311 Auiuiona
1779 3244 1860 3312 XIII
1882 3245 1948 3311 kal.

437 3351 611 3419 Februarii
633 3370 663 3416 a.
687 3351 819 3417 decimo.

546 3486 693 3544 Clementis
711 3488 750 3544 VI
768 3485 796 3544 S.
815 3486 869 3558 illl
889 3488 944 3557 (21)
963 3486 1173 3556 persalutat.
1192 3489 1243 3545 62¹.
1263 3516 1296 3527 -
1317 3487 1337 3555 ¹)
1356 3485 1463 3543 litteras
1481 3487 1542 3543 vide
1561 3488 1590 3543 in
1608 3501 1681 3542 nunu
1703 3493 1777 3546 1450.

438 3875 562 3943 1422.
583 3873 758 3948 Joloannes,
781 3872 947 3957 episcopus
978 3868 1223 3955 Vesprirniensis,
1245 3868 1558 3954 supplicatorias
1580 3870 1658 3952 alia,
1681 3876 1836 3954 qnatenus
1857 3875 1951 3938 Petro

438 3978 551 4060 Epidii
572 3978 611 4043 de
635 3979 759 4059 Kopietin
781 3977 818 4042 dc
839 3975 1029 4042 canonicatu
1049 3978 1080 4039 ct
1095 3972 1290 4057 praebenda,
1314 3976 1369 4058 qni
1390 3975 1425 4039 in
1446 3974 1578 4041 ecclesio
1601 3975 1843 4041 Vrotislaoiensi
1865 3976 1950 4043 breui

924 4100 1039 4145 oacore
1061 4082 1241 4160 sperantur,
1258 4078 1478 4161 provideatur.

1380 4200 1542 4281 Aninione,
1565 4204 1652 4266 1352
1674 4201 1833 4270 ianuarii
1853 4204 1906 4268 31.

525 4353 711 4442 'Supplicat
741 4359 771 4423 S.
804 4358 841 4422 V.
866 4355 982 4422 devota
1012 4363 1160 4423 creatura
1187 4363 1293 4423 vestra
1316 4357 1488 4437 lohannes,
1512 4359 1680 4442 episcopus
1703 4356 1950 4439 Vesprinieusis,

439 4464 653 4529 ambassiator
675 4462 782 4527 devoti
805 4462 826 4527 1.
849 4483 878 4527 v.
903 4460 1066 4540 Lodouici,
1089 4462 1175 4543 regIs
1197 4461 1353 4543 Vngarie:
1373 4510 1949 4529 ......................

546 4672 627 4736 Item
661 4670 830 4753 supplicat,
865 4675 1023 4752 quatenus
1058 4668 1175 4734 dilecto
1210 4687 1267 4733 suo
1292 4669 1388 4734 Petro
1411 4669 1517 4752 Egidii
1541 4669 1580 4734 de
1603 4669 1740 4751 Koetyn,
1762 4671 1950 4752 presbytero

438 4775 662 4841 Olomucensis
685 4775 831 4853 diocesis,
855 4775 895 4839 de
918 4775 1106 4840 canonicatu
1128 4778 1162 4838 61
1185 4774 1350 4856 prebenda
1372 4774 1507 4839 ecclesie
1530 4773 1815 4852 Wratislauiensis,
1839 4774 1893 4856 qui
1915 4774 1948 4840 in

438 4879 531 4945 brevi
552 4898 671 4944 vacare
694 4886 864 4962 sperantur
886 4898 944 4962 per
972 4897 1088 4944 munus
1111 4878 1399 4958 consecracionis·)
1422 4877 1586 4957 iohannis,
1611 4877 1703 4943 616611
1719 4876 1949 4958 olomucensis,

439 5000 500 5065 per
536 4981 669 5047 eandem
692 4982 723 5047 S.
747 4984 893 5063 promoti,
925 4982 1097 5064 dignemini
1130 4982 1307 5063 providero,
1338 5000 1399 5046 non
1430 4982 1588 5060 obstante,
1620 4981 1702 5063 quod
1726 4981 1810 5047 idem
1833 4983 1949 5048 Petrus

438 5083 629 5150 beneficium
651 5086 903 5152 ecclesiasticum
927 5088 995 5150 sine
1015 5104 1100 5164 cura,
1118 5092 1268 5167 spectans
1283 5085 1324 5150 ad
1340 5085 1544 5151 collacionem
1561 5086 1701 5168 episcopi
1716 5085 1948 5162 Olomuceusis‚

439 5190 475 5254 in
496 5188 599 5255 forma
623 5207 798 5272 pauperum
821 5194 979 5272 expectat,
1003 5191 1063 5266 cui,
1088 5189 1161 5253 dum
1183 5187 1350 5271 pacificam
1372 5190 1606 5271 possessIonem
1637 5189 1792 5254 dictorum
1823 5192 1950 5255 canoni-

440 5298 534 5359 catus
556 5299 590 5359 61
611 5293 773 5375 prebenda
795 5294 894 5359 tuerit
917 5298 1094 5372 assecutus,
1118 5293 1329 5372 renunciabit,
1354 5312 1424 5357 oum
1447 5293 1599 5359 clausulis
1622 5301 1658 5359 ut
1682 5312 1786 5376 supra.

546 5395 621 5462 Fiat
643 5396 679 5461 R.
704 5398 748 5463 Et
769 5417 799 5480 q.
823 5404 846 5464 1.
870 5418 896 5463 s.
920 5418 949 5464 a.
973 5399 993 5463 I.
1025 5398 1097 5463 Fiat
1120 5398 1157 5463 R.
1189 5398 1228 5461 D.
1252 5399 1410 5464 Auiuione
1433 5399 1465 5463 II
1486 5397 1548 5463 kal.
1572 5397 1741 5463 Februarii
1764 5416 1791 5463 a.
1817 5397 1948 5464 decimo.

549 5567 698 5623 Clementis
716 5568 755 5623 VI
773 5569 800 5624 S.
819 5569 870 5637 llll
891 5570 948 5639 (21)
965 5585 1031 5637 pars
1050 5569 1138 5625 altare
1155 5568 1174 5623 i.
1194 5573 1245 5623 34¹.
1265 5600 1298 5608 -
1326 5573 1349 5637 ⁸)
1367 5568 1497 5637 ,muueris
1517 5569 1763 5625 consecracionem‘
1782 5569 1817 5637 S,
1830 5586 1898 5623 corr.
1913 5570 1948 5624 ab

440 5654 557 5709 editore.
