5184 7050
1879 908 1940 972 tm

428 1107 551 1173 1373.
573 1104 737 1172 Jobanues
759 1106 796 1170 de
822 1109 940 1171 Tossoc
962 1107 1132 1190 supplicat,
1152 1113 1307 1191 quatenus
1323 1109 1385 1173 sibi
1403 1111 1629 1194 praepositura
1646 1112 1796 1177 ecclesiae
1814 1113 1941 1178 Olomu·

607 1211 717 1290 oensis,
741 1233 837 1294 quam
861 1217 1091 1296 acceptaverat,
1115 1214 1314 1284 confirmetur
1337 1219 1395 1279 aut
1416 1214 1454 1279 de
1477 1235 1552 1279 novo
1575 1220 1769 1296 conferatur.

1444 1336 1606 1412 Acinione,
1632 1340 1714 1403 1351
1737 1339 1822 1405 Julii
1844 1342 1896 1407 23.

531 1472 694 1556 Significat
717 1474 749 1540 S.
766 1474 802 1540 V.
819 1475 954 1539 devotus
974 1480 1081 1539 orator
1096 1481 1202 1540 vester
1217 1474 1379 1542 lebannes
1396 1476 1435 1541 de
1450 1477 1588 1554 Tassaar,
1606 1480 1787 1560 prepositus
1803 1479 1938 1546 ecclesie

428 1577 660 1656 Olomucensis,
695 1579 779 1660 quod
813 1579 882 1660 ipse
916 1579 990 1643 olim
1024 1580 1256 1662 preposituram
1292 1580 1378 1645 dicte
1412 1581 1557 1659 ecclesie,
1588 1587 1663 1647 tuuc
1696 1589 1861 1648 vacantem
1884 1602 1942 1665 per

427 1683 549 1747 obitum
572 1682 731 1764 quondam
754 1683 979 1762 Baitlmlomei‚
1003 1684 1106 1749 ultimi
1130 1685 1285 1766 prepositi
1309 1685 1452 1749 eiusdem
1482 1686 1626 1764 ecclesie,
1651 1690 1742 1751 extra
1765 1686 1938 1753 Romanam

428 1788 550 1851 curiam
572 1786 722 1866 defuncti,
747 1789 937 1853 auctoritate
961 1788 1141 1853 litterarum
1165 1789 1195 1855 S.
1220 1789 1258 1853 V.
1283 1788 1365 1854 iufra
1395 1794 1522 1871 tempus
1554 1791 1730 1873 legitimum
1761 1793 1941 1875 acceptavit

427 1898 462 1955 et
486 1891 526 1955 de
550 1890 606 1956 illa
629 1891 689 1955 sibi
714 1891 850 1956 obtinuit
873 1891 1033 1973 provideri
1057 1893 1206 1956 canonice
1240 1910 1373 1974 eamque
1403 1894 1512 1976 vigore
1537 1897 1775 1978 ¹accceptacionis
1806 1904 1838 1962 et
1868 1916 1940 1978 pro-

428 1996 560 2061 visionis
591 1996 771 2060 buiusmodi
801 2015 860 2078 per
890 1996 969 2060 duos
1000 2015 1098 2060 anuos
1130 2003 1162 2060 et
1185 1997 1268 2062 ultra
1292 1997 1444 2078 possedit,
1468 2006 1563 2081 prout
1585 2000 1730 2082 possidet
1751 2000 1884 2082 pacifice
1908 2007 1940 2065 ct

427 2102 546 2183 quiete.
571 2102 676 2179 Quare
699 2100 860 2165 humiliter
882 2101 1041 2184 supplicat
1064 2101 1094 2166 S.
1113 2102 1149 2166 V.
1166 2103 1331 2183 premisse,
1355 2108 1514 2183 quatenus
1537 2106 1792 2186 acceptaciouem
1816 2111 1848 2170 et
1869 2124 1939 2187 pra-

425 2207 582 2271 visionem
605 2207 768 2288 predictas
791 2205 962 2288 dignemini
988 2225 1025 2269 cx
1047 2211 1135 2270 certa
1150 2206 1286 2270 sciencia
1304 2205 1500 2286 confirmare,
1517 2227 1578 2272 nan
1595 2209 1794 2273 obstantibus
1810 2210 1939 2291 quibus·

425 2329 553 2391 cunque
582 2311 856 2376 reservacmnibus
886 2309 1088 2392 generalibus
1121 2309 1171 2373 vel
1195 2311 1398 2392 specialibus,
1423 2312 1472 2376 vel
1497 2312 1537 2376 dc
1560 2312 1625 2391 illa,
1650 2314 1677 2377 si
1701 2320 1864 2378 reservata
1888 2316 1939 2391 sit,

424 2414 489 2481 sibi
524 2414 690 2496 providere
724 2414 764 2478 de
798 2433 888 2491 nexo,
922 2433 984 2478 uon
1019 2414 1219 2478 obstantibus
1251 2413 1352 2478 eciam
1383 2415 1556 2494 beneficiis
1581 2435 1642 2498 que
1665 2418 1796 2497 obtinet,
1821 2437 1883 2499 que
1908 2420 1939 2483 in

421 2518 544 2583 litteris
566 2518 682 2582 vestris
705 2517 822 2582 babere
845 2518 1015 2600 dignemini
1039 2537 1096 2599 pra
1120 2517 1290 2600 expressis,
1315 2538 1385 2583 cuin
1409 2520 1480 2585 aliis
1503 2539 1564 2585 non
1588 2522 1788 2587 obstantibus
1804 2529 1836 2587 et
1853 2522 1940 2587 clau·

424 2621 509 2686 sulis
531 2623 697 2704 oportunis
720 2627 753 2686 et
776 2622 1010 2686 executoribus.

533 2727 739 2793 Providemus
762 2727 821 2792 sibi
845 2728 917 2807 n.)
962 2729 1005 2793 Et
1028 2747 1057 2809 q.
1081 2735 1104 2793 t.
1128 2747 1153 2793 s.
1178 2748 1206 2793 a.
1230 2729 1251 2792 l.
1276 2735 1309 2793 et
1332 2730 1400 2794 sine
1423 2731 1669 2796 examinacione.
1715 2731 1787 2796 Fiat
1809 2733 1846 2798 a.
1894 2734 1932 2797 D.

424 2832 586 2897 Auiuione
608 2832 639 2897 X
661 2832 724 2896 kal.
749 2834 885 2914 Augusti
909 2852 937 2896 a.
962 2832 1093 2897 decima.

532 2969 682 3025 ClemeutIa
702 2969 737 3022 v1
756 2970 782 3024 S.
801 2970 854 3038 le
875 2972 930 3036 (91)
950 2970 967 3022 f.
988 2971 1039 3022 86'.
1059 3001 1090 3008 —
1111 2970 1259 3040 Reperitur
1278 2972 1360 3025 etiam
1379 2973 1525 3039 registrata
1543 2973 1596 3026 iam
1616 2974 1643 3025 in
1662 2973 1708 3027 fol.
1729 2975 1781 3040 69',
1801 2974 1850 3028 sed
1874 2989 1936 3028 can-

424 3057 528 3111 cellata
547 3073 608 3111 cnm
627 3065 706 3111 nota:
727 3058 858 3123 ,cassata
877 3066 927 3124 est,
941 3059 1006 3127 quia
1023 3058 1088 3112 alibi
1108 3059 1278 3126 registrata.“
1301 3089 1333 3099 -
1359 3060 1382 3126 ⁸)
1402 3058 1588 3126 ,Providemus
1602 3059 1653 3114 sibi
1668 3060 1699 3113 R·
1713 3061 1802 3130 suppl.
1818 3062 1937 3135 supraS.

427 3392 549 3458 1374.
583 3391 726 3459 dobanni
760 3391 798 3454 de
831 3393 985 3473 Tassoo·)
1014 3392 1202 3481 providetur
1224 3392 1262 3455 de
1290 3393 1519 3475 praepositura
1541 3391 1691 3456 ecclesiae
1715 3393 1937 3472 (dorcacensis,

420 3517 523 3579 quam
556 3500 631 3561 aute
664 3495 821 3561 biennium
856 3501 965 3560 contra
995 3502 1131 3562 tenorem
1154 3495 1377 3561 resurectionis
1400 3497 1592 3580 apostolicae
1616 3497 1730 3561 iniuste
1752 3498 1936 3581 acceptarit.

422 3603 481 3679 ,D.
505 3601 661 3665 Aednione
685 3604 716 3665 X
735 3602 799 3666 bal.
823 3603 961 3683 Auqusti
983 3625 1013 3667 a.
1038 3602 1176 3665 decimo!
1201 3640 1240 3646 —
1272 3603 1311 3665 In
1341 3623 1365 3665 e.
1390 3622 1430 3665 ru.
1455 3601 1687 3685 archiepiscopo
1721 3601 1876 3683 Praqensi
1906 3607 1936 3665 et

422 3706 545 3772 decano
585 3706 846 3788 l'qssepradensis
879 3727 980 3790 prope
1017 3708 1160 3787 Propanr
1198 3728 1234 3771 ac
1270 3707 1427 3770 sacristae
1465 3707 1686 3771 Aciniouensis
1723 3705 1936 3770 ecelesiarum.

534 3846 571 3861 -
1015 3814 1133 3876 Forrna
1154 3816 1190 3874 nt
1212 3812 1247 3874 in
1269 3831 1299 3874 n.
1323 3813 1352 3875 9.

471 3916 517 4002 ..ἰ
532 3915 582 4003 ἱ.
1437 3898 1598 3976 nutu-nu,
1621 3900 1706 3963 1351
1729 3897 1815 3965 Just
1835 3901 1888 3963 23.

536 4038 686 4092 Clementis
699 4036 736 4089 VI
750 4039 782 4091 A.
796 4038 847 4107 1111
865 4045 937 4105 (116)
951 4038 969 4091 1.
984 4043 1024 4105 93,
1044 4036 1078 4091 de
1097 4035 1236 4091 beneficiis
1255 4035 1415 4090 vacandbus
1434 4050 1479 4103 qu.
1498 4041 1561 4088 a:
1575 4036 1607 4087 V.
1627 4040 1677 4090 206
1697 4035 1715 4088 t.
1734 4037 1776 4089 99'
1791 4051 1818 4088 n.
1833 4041 1890 4090 171.
1904 4067 1935 4076 -

424 4125 479 4181 Ed.
500 4125 585 4180 CDM.
604 4125 671 4179 VIII
690 4143 715 4179 n.
735 4132 775 4179 94.
797 4158 829 4165 -
858 4131 881 4193 ·)
900 4124 1028 4193 ,Tassaw‘
1047 4126 1079 4178 A.

1076 4234 1283 4243 ---

423 4408 548 4476 1375.
583 4407 724 4482 Nicolao‚
761 4411 834 4471 nata
869 4406 1026 4470 Hostislai
1060 4406 1098 4469 de
1131 4406 1324 4493 Hor'ouica,·)
1356 4405 1472 4469 decano
1494 4404 1642 4469 ecclesiae
1666 4405 1930 4487 Litomiiiceusis,

426 4513 601 4593 Propensis
625 4512 766 4587 diocesis,
790 4510 969 4592 indulqetur
993 4510 1036 4574 ad
1056 4510 1319 4594 supplicationem
1345 4507 1459 4588 Caroli,
1485 4511 1698 4573 Rornanorum
1717 4513 1747 4574 et
1764 4510 1933 4576 Bobeuricre

421 4619 519 4699 repis,
542 4618 631 4682 cuius
653 4621 701 4681 est
723 4615 916 4700 capellanus,
941 4620 976 4678 ut
998 4615 1147 4681 insistens
1169 4615 1273 4679 stuelio
1288 4615 1478 4692 litterarum,
1495 4615 1549 4678 ubi
1564 4614 1645 4679 illud
1660 4617 1765 4696 uiqeat
1777 4616 1932 4696 qeuerale,

420 4722 472 4787 vel
496 4723 530 4786 in
551 4722 657 4803 aliquo
679 4720 894 4804 beneficiorum
917 4741 1044 4785 suarum
1067 4720 1215 4799 residens,
1231 4722 1362 4798 fruetus
1386 4720 1524 4783 ominium
1548 4719 1764 4802 beneficiorum
1794 4740 1932 4797 suorum,

421 4828 522 4893 etiam
544 4828 574 4891 si
596 4826 767 4907 diqnitates
790 4824 837 4889 oel
854 4828 1047 4908 personatus
1066 4845 1121 4889 seu
1136 4824 1247 4903 officia
1262 4825 1402 4889 ecistant
1416 4829 1445 4889 et
1462 4845 1572 4888 urrant
1586 4823 1725 4889 babeard
1741 4826 1933 4901 oninrarurn,

422 4931 593 4997 dummodo
615 4932 650 4995 in
673 4929 908 4996 cathedralibus
929 4933 1002 5011 post
1020 4928 1220 5012 pontificales
1242 4931 1378 4993 nteriores
1393 4934 1423 4993 et
1438 4930 1472 4993 in
1488 4928 1662 5009 colleqiatis
1684 4928 1823 4994 ecelesiis
1841 4930 1933 5012 priu-

423 5036 546 5119 cipales
569 5035 741 5116 diquitates
763 5032 943 5098 huiusmodi
966 5054 1027 5097 non
1049 5033 1197 5111 eustorii,
1221 5054 1318 5114 usque
1341 5033 1385 5097 ad
1403 5033 1648 5115 quinquennium
1664 5033 1783 5113 iateqre
1798 5032 1934 5099 etliberc

419 5140 588 5223 percipere
618 5139 730 5223 possit,
754 5139 844 5203 eresi
867 5139 967 5201 ineis
993 5137 1205 5221 personaliter
1238 5138 1399 5216 resideret,
1433 5137 1627 5218 quotidianis
1661 5136 1933 5202 distributionibus

424 5245 597 5309 dumtaxat
620 5243 764 5327 exceptis.
789 5244 841 5320 ,D.
865 5242 1020 5306 Aninione
1043 5241 1186 5317 Vibieni.
1211 5242 1348 5323 Auqusti
1371 5264 1400 5306 a.
1425 5242 1563 5306 decimo!
1587 5279 1628 5287 -
1652 5243 1690 5305 Iu
1712 5265 1736 5306 e.
1761 5263 1802 5306 nr.
1826 5241 1934 5306 abbati

421 5348 612 5414 monosterii
644 5347 888 5424 Strabauensis,
923 5348 1093 5426 Praqensis
1128 5346 1268 5422 diocesis,
1304 5351 1333 5410 et
1367 5347 1485 5410 decane
1519 5346 1666 5410 interdurn
1689 5345 1877 5411 Sanctorum
1899 5346 1932 5410 in

469 5457 576 5518 castro
599 5452 756 5533 Proqerui
779 5472 816 5515 ac
838 5452 995 5515 sacristae
1017 5451 1239 5515 Acinionensis
1261 5452 1473 5516 ecclesiarum.
1510 5453 1627 5515 Forma
1647 5455 1683 5513 ut
1705 5452 1739 5514 in
1761 5473 1792 5515 u.
1814 5454 1888 5515 454.

468 5633 510 5687 οχ
533 5566 576 5687 ξ
1436 5591 1597 5665 Aniciana,
1621 5593 1703 5655 1351
1730 5590 1814 5658 dolii
1835 5593 1887 5655 26.

528 5728 677 5783 (tementis
695 5728 733 5782 VI
753 5731 783 5781 Α.
799 5729 851 5788 st
872 5733 943 5797 (118)
963 5729 981 5781 1.
1001 5735 1051 5782 Iob
1071 5747 1097 5783 n.
1118 5736 1159 5795 16,
1178 5728 1213 5783 de
1231 5730 1365 5783 fructibus
1383 5729 1570 5798 percipiendis
1590 5745 1634 5802 qu.
1652 5736 1662 5786 1
1678 5747 1710 5784 :-
1722 5728 1754 5779 V.
1775 5733 1823 5780 ’197
1844 5730 1860 5780 1.
1881 5733 1931 5787 teti

422 5834 448 5872 n.
472 5822 510 5870 16.
529 5846 563 5858 -
591 5820 614 5881 ¹)
631 5814 774 5883 ,Hostizlai
794 5815 827 5869 de
848 5815 999 5869 Horawicz‘
1016 5817 1048 5868 A.

1078 5906 1284 5917 .--.--
