5184 7050
550 812 620 891 nr

545 1030 635 1099 949.
669 1030 871 1111 Gottsriedus
904 1034 1042 1112 Heurici,
1074 1035 1243 1099 canonicus
1274 1035 1421 1100 ecclesiae
1450 1036 1556 1100 canui
1584 1036 1714 1115 Stesani
1736 1036 1996 1119 Bamberpcnsis,
2016 1038 2050 1101 ad

545 1136 809 1221 supplicationem
842 1136 958 1212 (iurat,
993 1139 1075 1219 repis
1106 1140 1327 1217 tbrmanorum,
1363 1144 1552 1221 surrepatar
1585 1141 1722 1205 Heurioo
1756 1140 1846 1205 dicto
1877 1141 1979 1222 Vopel,
2005 1145 2048 1225 pri

546 1260 646 1324 nuper
667 1245 809 1306 mortuns
832 1246 888 1316 cst,
911 1240 946 1306 in
967 1242 1140 1321 sententiis,
1164 1264 1301 1325 quarum
1324 1245 1357 1308 in
1380 1265 1463 1307 imm.
1487 1247 1552 1310 948
1566 1245 1611 1326 fir
1625 1245 1752 1324 mentio,
1768 1249 1799 1309 et
1815 1266 1931 1309 earum
1953 1244 2048 1330 qtean

547 1365 585 1409 ac
608 1345 641 1410 in
664 1346 749 1410 orani
771 1347 839 1411 iure
861 1350 891 1410 et
914 1346 958 1410 acl
980 1366 1069 1410 omrie
1092 1348 1151 1422 ius,
1175 1348 1257 1429 quart
1287 1348 1386 1412 eidem
1418 1349 1554 1413 Henrico
1584 1354 1720 1433 tempore
1754 1349 1860 1414 obitus
1895 1350 1996 1433 ipsius
2023 1352 2048 1413 in

547 1451 737 1515 canonicatu
758 1455 789 1515 et
805 1449 993 1534 praebenda
1014 1450 1162 1515 eccbsiae
1183 1453 1289 1519 sarrcti
1312 1453 1443 1533 utesani
1458 1453 1701 1534 Bamberpeusis
1723 1453 1958 1536 quomodolibet
1979 1475 2044 1519 con·

630 1554 757 1637 petebat
778 1559 808 1618 et
830 1559 999 1638 competere
1018 1560 1153 1639 poterat.
1200 1558 1253 1636 ,D.
1278 1556 1437 1621 Aninioue
1470 1558 1512 1622 Vl
1534 1557 1575 1621 id.
1605 1556 1783 1623 Decembris
1808 1579 1840 1622 a.
1863 1563 1975 1623 sento!

602 1693 639 1848 Ξ
971 1709 973 1713 ¹
1477 1748 1643 1829 Aniniono,
1671 1751 1756 1815 1347
1779 1749 1968 1816 Decembris
1985 1754 2011 1815 8.

591 1906 598 1919 .
609 1866 634 1920 X
645 1907 650 1920 .

650 1971 800 2026 Clementis
818 1971 854 2025 Vl
873 1973 905 2023 A.
925 1970 992 2037 Vl,‘5
1011 1976 1066 2039 (96)
1086 1970 1105 2023 t.
1125 1977 1183 2036 ten,
1200 1970 1234 2025 de
1253 1971 1395 2026 beneficiis
1413 1973 1574 2027 vacantibus
1587 1990 1632 2042 qu.
1644 1979 1675 2026 et
1687 1972 1763 2026 :V.
1777 1979 1828 2027 179
1842 1973 1861 2028 f.
1874 1976 1937 2028 203'
1956 1990 1981 2027 n.
1997 1980 2042 2027 tot.

549 2461 638 2527 950.
688 2461 880 2526 Murasterio
920 2460 1121 2529 ruorriatiron.
1158 2460 1240 2525 C'oeti
1272 2461 1383 2525 tirrano
1420 2461 1594 2541 erlpariter
1630 2466 1833 2544 nuncupato,
1869 2462 1905 2525 in
1945 2462 2042 2546 oppido

547 2565 800 2645 Norinrberpa,·)
836 2564 1052 2629 (isterciensis
1085 2565 1215 2643 ordinis,
1250 2565 1493 2647 Baraberpeusis
1531 2556 1671 2643 diocesis,
1710 2566 1755 2629 ad
1792 2566 2042 2649 supplicationem

549 2669 663 2748 (lberali,
679 2669 762 2750 repis
779 2670 1001 2746 Rornanorum,
1017 2669 1235 2750 parrochialis
1251 2669 1384 2735 ecclesia
1399 2669 1437 2734 de
1454 2667 1742 2748 Guruoubausenff)
1754 2669 2041 2747 Eicbstaettemis‘t

546 2773 687 2849 diocesis,
719 2774 948 2854 incorporatur.
994 2774 1046 2853 ,D.
1077 2771 1234 2838 Aninione
1264 2775 1312 2837 VI
1337 2774 1379 2838 id.
1404 2773 1586 2839 Decembris
1616 2795 1647 2838 a.
1670 2778 1781 2838 sento}
1826 2775 1945 2839 bbrrna
1966 2778 1998 2837 at
2016 2773 2042 2835 in

1237 2900 1266 2943 n.
1290 2881 1364 2944 271.

591 2945 649 3068 i
1475 2965 1639 3045 Atiniam,
1663 2967 1750 3030 1347
1774 2964 1962 3032 Decembris
1981 2970 2007 3030 8.

653 3118 802 3174 Clementis
820 3120 858 3173 VI
877 3121 909 3173 Λ.
929 3121 995 3184 vlto
1013 3123 1069 3187 (tt)
1088 3120 1105 3173 t'.
1125 3126 1184 3186 355,
1204 3120 1237 3174 de
1256 3119 1379 3186 indultis,
1398 3120 1549 3189 privilegiis
1568 3127 1596 3175 et
1613 3119 1872 3191 dispensationibus
1890 3138 1935 3190 qu.
1954 3118 2037 3174 tzt'.

548 3213 598 3260 180
621 3205 638 3261 f.
659 3209 718 3259 ’λη’
738 3223 763 3260 u.
783 3212 841 3260 827.
860 3238 894 3247 -
921 3215 943 3276 ⁸)
962 3208 1149 3276 ‚Nuremberg‘
1168 3209 1201 3260 Α.
1228 3207 1252 3275 1·)
1272 3208 1487 3273 ,Guntzehusen‘
1506 3209 1538 3261 Α.
1566 3218 1588 3274 τ)
1607 3206 1801 3275 ,Eystetensis‘
1822 3209 1856 3261 A.

1193 3430 1397 3438 u-——----.—-

545 3681 639 3747 951.
666 3677 816 3743 Nicotaus
839 3678 877 3742 de
902 3678 1056 3759 (ipnrrriclr
1080 3679 1248 3762 supplicat,
1272 3683 1426 3758 promenus
1448 3700 1553 3743 sectum
1574 3699 1670 3761 snper
1693 3677 1902 3745 inhabilitate
1930 3681 2035 3763 dispen-

543 3788 639 3861 setur,
666 3787 800 3862 j'rrcctus
833 3783 970 3847 dirarum
999 3782 1253 3864 parrochialium
1286 3782 1498 3862 ecclesiarum,
1529 3804 1606 3865 pairs
1626 3781 1738 3847 illicite
1769 3789 1970 3868 perceperat,
1989 3782 2038 3847 sibi

545 3887 758 3961 remittuntur,
782 3891 812 3950 ct
836 3886 1056 3970 parrochialis
1079 3886 1210 3951 ecclesia
1235 3887 1272 3949 cla
1296 3886 1495 3968 Dttdetiupen
1521 3910 1559 3952 ac
1581 3886 1787 3952 corconicatus
1811 3892 1842 3951 et
1873 3886 2037 3972 praebente

544 3991 693 4056 ecclesiae
723 3991 984 4072 Vpsseprodensis
1006 3991 1044 4055 cle
1066 4011 1142 4055 eroco
1165 3995 1391 4071 conserantur;
1414 3991 1486 4055 item
1509 3995 1664 4072 prutenus
1679 4011 1742 4055 nou
1755 3996 1907 4057 teneatur
1921 3994 1955 4056 in
1968 3992 2036 4054 dicta

539 4094 741 4179 parrochiali
762 4094 894 4160 ecclesia
910 4094 1124 4180 personaliter
1146 4095 1283 4158 res-idere
1305 4099 1335 4158 et
1349 4098 1481 4174 precatus
1506 4096 1606 4178 ipsius
1629 4097 1726 4159 etiam
1750 4096 1784 4160 iu
1808 4095 1955 4161 absentia
1977 4117 2036 4179 per·

545 4200 647 4283 cipere
676 4200 800 4283 possit,
831 4199 993 4284 supplicat
1022 4200 1128 4278 etiani,
1159 4203 1315 4281 prratenus
1337 4198 1489 4274 Jobanni,
1517 4199 1688 4279 familiari
1708 4221 1776 4275 suo,
1801 4200 1840 4264 cte
1864 4201 2037 4266 comitata

545 4303 602 4368 sab
625 4304 839 4388 expectatione
857 4303 1059 4388 praebendae
1082 4302 1115 4368 in
1137 4303 1269 4369 ecclesia
1292 4304 1397 4369 saneti
1419 4304 1582 4385 Spnreonis
1608 4305 1812 4369 Treocrensis
1832 4305 2036 4389 provideatis.

1471 4441 1633 4517 Aoiuioue
1657 4444 1743 4507 1347
1768 4443 1954 4509 Decembris
1974 4447 2001 4506 8.

646 4583 809 4665 Significat
832 4587 862 4650 S.
887 4584 924 4648 V.
949 4586 1082 4649 devotus
1104 4589 1211 4648 vester
1234 4583 1385 4648 Nicolans
1405 4583 1443 4647 de
1460 4581 1667 4663 Ghyrneniolr,
1685 4580 1890 4648 coloniensis
1907 4583 2034 4656 diocesis,

545 4688 743 4754 consiliarius
766 4696 799 4752 et
821 4688 954 4752 nuncius
974 4689 1128 4753 carissimi
1145 4689 1165 4753 f.
1183 4708 1211 4751 u.
1229 4688 1349 4765 Karali,
1367 4688 1577 4751 Rorrrenoruur
1599 4687 1691 4768 regis
1708 4687 1749 4750 ad
1765 4686 1917 4753 Vestrum
1933 4687 2036 4754 Snnrti·

544 4799 642 4858 tatem
665 4793 880 4871 transmissus,
905 4793 987 4874 quod
1012 4794 1081 4873 ipse
1104 4793 1178 4856 olinr
1202 4793 1347 4870 rteriruS,
1371 4794 1402 4855 in
1427 4797 1514 4855 ritate.
1537 4791 1598 4855 VII
1615 4809 1768 4855 enniuunr
1786 4794 1979 4858 constitutus
1996 4790 2034 4853 rel

545 4898 638 4975 oirrn,
663 4896 871 4979 panochialis
895 4897 1029 4962 ece-lesia
1052 4898 1091 4960 de
1115 4897 1395 4980 Septernfontibus,
1418 4895 1625 4961 Treuerensis
1649 4895 1798 4973 diocesin,
1826 4896 1888 4961 fuit
1913 4898 1969 4961 sibi
1990 4914 2036 4977 per

546 5011 712 5084 patronum
737 5002 850 5066 lairurn
875 5002 1002 5079 collata,
1026 5006 1059 5065 et
1081 5001 1141 5065 fnit
1164 5003 1233 5066 oirn
1256 5002 1381 5066 nomine
1404 5001 1531 5081 arrident
1559 4998 1640 5063 nlius
1670 4999 1808 5065 clericus
1840 5002 1985 5066 inductus
2011 5001 2035 5063 in

546 5108 780 5188 possessionem
804 5106 899 5185 illins,
924 5106 1107 5171 condicione
1131 5106 1306 5188 pretrabita,
1331 5105 1413 5188 quod
1439 5105 1506 5185 ipso
1536 5103 1687 5169 Nirolnus
1717 5105 1902 5188 perciperet
1931 5106 2035 5170 fruetus

544 5213 645 5294 ipsius
669 5212 813 5276 ecclesie.
838 5212 891 5293 qui
916 5211 1128 5276 ascendebant
1151 5212 1192 5274 ad
1214 5211 1303 5276 XXV
1327 5209 1451 5292 regales
1474 5209 1543 5273 auri
1566 5209 1730 5273 annuatim
1754 5210 1805 5273 vel
1839 5211 1936 5289 eirca,
1965 5211 2033 5273 sieut

545 5320 578 5380 et
608 5335 662 5380 eos
697 5317 850 5397 percepit,
882 5321 915 5380 et
945 5317 1014 5397 ipse
1037 5314 1117 5379 alius
1148 5314 1282 5380 olerieus
1313 5315 1445 5379 deberet
1476 5313 1515 5376 te.
1545 5314 1664 5378 vicaria
1695 5314 1798 5396 ipsius
1821 5315 1956 5380 ecclesie
1978 5331 2035 5378 run

544 5421 641 5485 certis
663 5419 735 5484 aliis
758 5418 936 5486 redditibus
959 5418 1152 5497 contentari3
1177 5423 1323 5501 postque,
1348 5438 1416 5483 oum
1441 5418 1480 5481 ud
1504 5423 1622 5482 etntenr
1645 5416 1703 5482 XV
1727 5437 1884 5484 annorum
1904 5420 1952 5484 vel
1967 5419 2036 5483 circa

544 5525 754 5608 pervenisset,
779 5524 847 5605 ipso
870 5525 931 5589 fuit
954 5524 993 5587 nd
1017 5524 1291 5604 presentationem
1315 5522 1387 5587 lnici
1412 5521 1642 5605 panochialem
1666 5521 1833 5588 ecclesiam
1852 5525 1893 5588 de
1909 5525 2036 5589 Munzee.

544 5629 744 5695 Coloniensis
775 5629 922 5707 diocesis,
954 5633 1130 5705 assecutus,
1161 5648 1200 5692 ex
1231 5648 1293 5711 qua
1316 5629 1439 5693 fructus
1463 5627 1581 5691 levavit
1604 5627 1769 5706 hantonae,
1794 5629 1849 5710 qui
1873 5629 1977 5694 velent
1998 5645 2037 5690 se

543 5733 678 5798 cundum
713 5734 910 5799 taxacioneru
946 5734 1067 5799 decime
1089 5732 1179 5799 XXX
1202 5732 1328 5816 regales
1363 5732 1432 5796 auri
1467 5730 1644 5811 aunuatim,
1679 5735 1712 5795 et
1743 5732 1886 5815 insuper,
1919 5726 2036 5799 cunrad
