5184 7050
1867 856 1930 920 419

423 1059 559 1125 ecclesie
582 1063 789 1128 Treuereusis
813 1064 880 1129 sino
905 1082 981 1128 cura
1004 1065 1135 1145 recepit,
1159 1064 1274 1128 deinde
1291 1065 1520 1146 parrochialem
1537 1065 1704 1129 ecelesiam
1722 1065 1759 1127 de
1778 1064 1935 1140 Barchon,

424 1165 612 1231 Leodiensis
647 1166 792 1245 diocesis,
829 1169 903 1232 item
937 1169 1171 1249 preposituram
1210 1169 1344 1233 ecclesie
1379 1170 1586 1234 Treuerensis
1625 1170 1693 1233 siue
1732 1188 1818 1246 curu,
1858 1169 1933 1231 item

423 1269 538 1334 deinde
561 1271 715 1336 eeclesias
749 1273 966 1353 parrochiales
996 1272 1036 1336 de
1066 1272 1346 1350 Mertinslrirchen,
1382 1273 1421 1337 de
1455 1274 1630 1351 Loebruch,
1667 1273 1801 1353 Cerbley
1833 1278 1866 1338 et
1890 1273 1929 1338 de

424 1374 548 1439 Kersen
581 1376 749 1456 superiori,
781 1377 865 1441 dicte
896 1376 1032 1442 diocesis
1062 1378 1279 1456 Treuerensis
1311 1378 1474 1442 666666166-
1504 1379 1663 1459 receperit
1686 1384 1718 1442 et
1742 1397 1799 1460 per
1822 1379 1929 1459 plures

422 1497 523 1542 anuos
547 1479 671 1543 fructus
694 1500 732 1544 ex
756 1481 875 1544 eisdem
900 1482 968 1545 sine
992 1480 1169 1546 residcncia
1193 1486 1226 1545 et
1248 1483 1448 1563 prorrrociorre
1473 1482 1512 1546 ad
1537 1482 1755 1546 sacerdocium
1778 1482 1929 1563 percepit,

423 1600 558 1663 quorum
581 1585 719 1649 omnium
742 1584 966 1649 beneficiorum
989 1585 1111 1650 fructus
1136 1590 1168 1649 et
1191 1593 1364 1667 proventus
1388 1588 1550 1650 annuatim
1575 1584 1628 1651 CL
1645 1586 1789 1650 marchas
1810 1587 1933 1668 argenti
1999 1654 2002 1661 ,

422 1706 486 1750 666
509 1688 677 1754 excedunt.
724 1690 829 1767 Quare
856 1691 1016 1771 supplicat
1040 1691 1123 1754 idem
1147 1673 1212 1769 rer,
1236 1697 1394 1771 quatenus
1419 1711 1488 1756 cum
1513 1691 1597 1754 dicto
1621 1691 1765 1755 ‹lohanne
1789 1691 1934 1769 graciose

423 1796 458 1855 et
480 1791 658 1859 liberaliter
680 1793 902 1875 dispensantes
926 1795 957 1858 iu
980 1795 1145 1876 premissis
1168 1814 1205 1859 ac
1228 1814 1352 1859 onruerrr
1376 1796 1505 1860 infamis
1529 1802 1561 1860 et
1586 1795 1794 1859 inhabilitatis
1815 1800 1932 1870 notam,

424 1915 521 1978 quam
544 1915 584 1961 ex
607 1899 770 1980 premissis
794 1899 937 1975 incurrit,
955 1899 994 1963 de
1017 1900 1193 1982 apostolice
1217 1901 1386 1980 potestatis
1409 1900 1607 1983 plenitudine
1631 1900 1805 1976 abolentes,
1831 1901 1933 1981 ipsum

421 2000 595 2065 habilitare
626 2002 796 2084 dignemini
828 2023 864 2067 ac
896 2004 927 2067 in
962 2005 1119 2085 integrum
1153 2005 1325 2069 restituere
1359 2005 1442 2070 sicut
1477 2005 1565 2087 prius
1589 2004 1776 2085 fructusque
1799 2004 1860 2067 sibi
1883 2021 1933 2067 re-

423 2105 552 2170 mittere
586 2108 774 2185 antedictos,
809 2109 1041 2191 preposituram
1074 2128 1147 2173 rero
1180 2110 1418 2186 Treuercusem,
1444 2109 1663 2172 canonicatum
1687 2112 1720 2171 et
1742 2107 1934 2187 prebendam

423 2210 640 2276 Treuerenses
670 2217 703 2276 et
733 2213 952 2277 canonicatum
983 2219 1015 2277 et
1045 2213 1240 2294 prebendam
1271 2212 1407 2277 ecclesie
1437 2214 1539 2277 sancti
1569 2212 1690 2276 Paulini
1715 2218 1934 2276 extramuros

424 2313 641 2379 Treuerenses
664 2315 704 2380 de
727 2335 807 2380 noro
830 2317 891 2380 sibi
915 2316 1058 2381 conferre
1081 2317 1252 2398 dignemini
1276 2317 1401 2398 sibique
1425 2315 1576 2379 ecclesias
1603 2316 1643 2378 de
1667 2315 1814 2379 Celohrio
1839 2321 1871 2378 et
1893 2315 1933 2379 de

424 2418 549 2482 Kersen
571 2418 734 2502 predictas
758 2419 797 2483 de
820 2420 1018 2501 benignitate
1041 2420 1225 2499 apostolica,
1251 2426 1285 2484 ut
1309 2421 1387 2501 ipse,
1412 2419 1465 2501 qui
1482 2425 1531 2483 est
1547 2418 1732 2501 principalis
1750 2418 1781 2481 in
1798 2418 1934 2483 ecclesia

422 2522 615 2588 Treuerensi
648 2529 720 2606 post
754 2524 1038 2606 archiepiscopum,
1062 2528 1181 2588 statum
1214 2542 1316 2600 suum,
1351 2542 1444 2605 quem
1479 2523 1629 2587 decenter
1664 2529 1697 2587 et
1730 2522 1934 2587 laudabiliter

422 2626 543 2691 ducere
565 2632 598 2692 et
620 2634 731 2693 tenere
754 2629 927 2706 consuerit,
951 2628 1117 2692 honestius
1141 2647 1197 2709 pro
1213 2628 1349 2693 ecclesie
1365 2634 1398 2692 et
1414 2628 1490 2692 cleri
1507 2627 1674 2693 honestate
1690 2633 1801 2691 tenere
1818 2627 1932 2704 valeat,

423 2729 597 2812 dignemini
621 2733 839 2797 commendare
864 2733 1026 2812 usquead
1051 2732 1283 2814 beneplacitum
1308 2733 1391 2796 dicte
1414 2732 1509 2810 sedis
1534 2734 1667 2797 inarime
1690 2751 1761 2796 curn
1792 2731 1933 2812 reliquas

422 2834 577 2900 ecclesias
600 2836 801 2919 supradictas
824 2837 956 2901 realiter
978 2837 1139 2901 dimittere
1163 2842 1293 2919 paratus
1317 2837 1445 2901 existat.

531 2993 604 3057 Fiat
626 2998 662 3058 ut
684 2994 805 3076 petitur
827 2993 864 3057 Il.
903 2994 1191 3074 11661661.
1227 2994 1298 3058 Fiat
1321 2993 1358 3057 u.
1392 2993 1431 3056 D.
1456 2992 1614 3056 Auinione
1637 2990 1682 3057 XI
1705 2991 1768 3055 kal.
1793 2992 1930 3074 Augusti

423 3114 451 3160 a.
477 3097 598 3179 quinto.

529 3301 679 3358 Clementis
698 3304 780 3358 VIS.
799 3305 852 3374 Vs'ss
871 3310 927 3371 (11)
946 3305 962 3357 l.
980 3306 1046 3357 175'.
1067 3303 1170 3357 Eadem
1189 3303 1352 3371 supplicatio
1371 3303 1509 3357 invenitur
1528 3302 1610 3357 etiem
1628 3303 1656 3356 in
1675 3302 1721 3356 lol.
1740 3308 1782 3368 91),
1802 3300 1850 3356 sed
1870 3317 1933 3355 cau·

424 3390 524 3445 cellata
548 3406 608 3443 curn
633 3398 711 3445 nota:
748 3392 922 3458 ‚Cancellata,
941 3392 1005 3459 quia
1029 3391 1056 3444 iu
1083 3389 1737 3445 616116τί16666116616111111.Χ1’1611οέ
1764 3391 1787 3454 ³)
1808 3388 1933 3455 seqnitur

423 3482 557 3544 ‚wutumt
577 3477 625 3532 sed
645 3478 833 3533 cancellatum.

425 4069 516 4135 704.
550 4069 715 4136 Johonaes
748 4070 785 4134 de
821 4069 968 4146 Celobmfo,
1002 4071 1153 4134 diaconus
1190 4069 1388 4133 Trecereusc's
1423 4068 1564 4145 diocesis,
1599 4067 1641 4130 ud
1670 4064 1932 4149 supplicationem

420 4172 595 4248 Johanm'c,
619 4173 702 4253 repis
725 4175 905 4249 Bulsinius,
927 4175 1119 4238 bubilltolar
1141 4180 1170 4237 et
1193 4175 1398 4256 dispensatur
1421 4192 1580 4253 supereo,
1605 4170 1686 4251 quod
1715 4168 1813 4252 pluro
1845 4170 1931 4232 benc·

413 4277 500 4356 ficia
522 4278 620 4341 simul
642 4282 672 4342 et
694 4279 804 4343 illicite
826 4279 935 4353 terruit,
958 4284 1093 4359 fractus
1109 4299 1227 4359 quoque
1242 4298 1280 4340 66
1295 4278 1341 4340 eis
1359 4275 1933 4359 6666616666661166166,61166666

419 4381 484 4445 huc
517 4382 702 4456 eradit-ione,
736 4386 771 4444 ut
801 4383 1019 4465 parrochiales
1049 4382 1208 4457 ecclesius,
1236 4381 1504 4465 praepositarum,
1537 4377 1742 4443 6666666166
1773 4380 1803 4441 et
1832 4399 1928 4459 pruc-

422 4484 555 4560 16666166,
578 4507 661 4567 quoe
683 4486 718 4550 in
739 4508 823 4551 6661.
841 4488 1153 4564 703666666616166,
1176 4484 1306 4549 rcalltcr
1328 4487 1358 4548 ct
1380 4483 1503 4548 omrriuo
1526 4484 1677 4546 cllrrrc'ttut.
1707 4484 1758 4561 ,D.
1779 4481 1948 4545 61666666

932 4592 983 4654 XI
1000 4590 1063 4653 aar.
1088 4589 1226 4670 Augusti
1248 4612 1278 4654 6.
1302 4589 1431 4671 pulmo!

460 4743 547 4797 .ch
1435 4743 1598 4819 Actaeone,
1621 4746 1707 4807 1346
1729 4741 1813 4809 Julb'
1835 4745 1888 4807 22.

535 5006 684 5062 Clementis
702 5006 741 5060 Vl
759 5008 791 5060 A.
811 5008 863 5076 Vls
882 5011 982 5075 (tomus
1001 5008 1045 5073 33)
1066 5007 1083 5059 1,
1106 5007 1171 5071 18³3
1190 5004 1225 5058 de
1244 5004 1357 5057 indultis
1377 5011 1425 5057 etc.
1452 5020 1496 5072 qu.
1517 5011 1578 5057 3:
1592 5003 1622 5054 V.
1645 5007 1691 5054 171
1711 5001 1728 5053 l.
1748 5002 1808 5054 305'
1828 5017 1853 5053 u.
1873 5004 1931 5052 878.
