5184 7050
640 773 704 841 338

742 979 872 1062 Hugoni
888 978 1041 1061 Hugonis,
1053 978 1174 1057 militis,
1187 978 1330 1061 magistri
1347 979 1434 1043 curie
1450 977 1642 1043 marchionis
1657 977 1802 1061 predicti,
1815 979 1987 1063 Progensis
2004 980 2151 1060 diocesis,

640 1084 680 1148 de
703 1084 891 1148 canonicatu
915 1082 1049 1148 ecclesie
1072 1083 1355 1164 wissegradensis,
1379 1083 1550 1165 Progensis
1574 1081 1720 1161 diocesis,
1741 1101 1812 1147 curn
1834 1085 2057 1150 reservacione
2079 1104 2152 1166 pre·

638 1189 750 1266 bendc,
774 1187 851 1252 inibi
875 1187 1018 1251 vacantis
1041 1186 1092 1250 vel
1115 1192 1276 1264 vacatura,
1300 1190 1333 1251 et
1356 1186 1429 1251 aliis
1451 1186 1606 1251 clausulis
1629 1192 1662 1251 et
1684 1204 1746 1250 non
1764 1186 1965 1254 obstantibus
1981 1188 2150 1269 oportunis

640 1297 673 1357 et
699 1291 921 1356 executoribus
944 1296 980 1356 ut
1003 1310 1109 1373 supra.

744 1395 818 1460 Fiat
840 1396 878 1459 R.

745 1501 825 1565 Item
849 1499 1019 1582 supplicat,
1044 1504 1212 1580 quatenus,
1236 1518 1307 1564 cum
1330 1499 1410 1564 alias
1432 1499 1588 1581 premissa
1603 1498 1634 1565 S.
1651 1498 1794 1563 eiusdem
1816 1500 2008 1565 marchionis
2031 1500 2152 1564 intuitu

639 1605 782 1686 graciam
805 1602 918 1667 lecerit
939 1602 1083 1668 Welconi
1106 1603 1229 1686 Haync,
1254 1602 1404 1667 canonico
1427 1602 1590 1684 Pragensi,
1621 1602 1792 1666 secretario
1823 1620 1891 1681 suo,
1922 1603 1963 1667 de
1993 1602 2153 1685 dignitate

640 1707 691 1771 vel
713 1711 885 1788 personatu
916 1725 972 1771 seu
1004 1707 1107 1774 oflicio
1138 1712 1193 1772 aut
1221 1712 1380 1790 perpetua
1401 1705 1679 1771 administracioue
1703 1724 1773 1770 curn
1796 1724 1873 1770 cura
1894 1707 1946 1771 vel
1968 1707 2039 1772 siue
2062 1726 2152 1787 cura,

642 1810 732 1875 cuius
756 1811 889 1889 fructus
913 1811 1057 1876 redditus
1088 1817 1120 1877 et
1152 1816 1334 1894 proventus,
1366 1812 1394 1876 si
1424 1830 1494 1876 cum
1526 1830 1602 1875 cura
1625 1809 1691 1886 LX,
1715 1810 1742 1874 si
1765 1829 1840 1874 vcro
1863 1809 1932 1874 sine
1956 1830 2034 1876 cura
2056 1809 2152 1889 foret,

641 1913 698 1980 XL
721 1913 920 1979 marcharum
943 1917 1068 1997 argenti
1091 1917 1263 1981 secundum
1285 1916 1484 1980 taxacionsm
1508 1914 1630 1979 decime
1652 1914 1792 1979 valorem
1815 1933 1953 1980 annuum
1976 1934 2039 1980 non
2058 1934 2154 1980 eroe-

643 2018 764 2096 derent,
788 2023 953 2099 spectante
976 2020 1183 2085 communiter
1206 2020 1257 2084 vel
1280 2019 1406 2085 divisim
1429 2017 1468 2083 ad
1492 2017 1706 2095 collusionem,
1730 2018 1942 2098 provisionem
1972 2018 2023 2083 vel
2054 2018 2153 2084 aliam

643 2121 886 2205 disposicionem
911 2173 943 2187 ..
968 2124 1208 2206 archiepiscopi,
1232 2129 1308 2189 tunc
1332 2122 1483 2207 episcopi,
1508 2172 1541 2187 ..
1565 2122 1677 2187 decani
1700 2126 1734 2186 et
1764 2120 1895 2204 capituli
1918 2122 2100 2205 Pragensis,
2124 2124 2152 2188 si

642 2245 705 2307 qua
726 2225 777 2291 vel
800 2226 828 2290 si
852 2227 937 2308 quod
959 2231 1035 2292 tunc
1057 2234 1197 2308 vacaret,
1221 2228 1271 2294 vel
1295 2247 1365 2293 cum
1389 2227 1444 2292 illa
1466 2227 1517 2291 vel
1535 2226 1614 2290 illud
1630 2244 1743 2291 vacare
1758 2227 1958 2309 contingeret
1972 2227 2004 2291 iu
2020 2226 2153 2292 civitate

642 2331 694 2395 vel
717 2331 837 2395 diocesi
860 2331 1023 2411 Pragensi,
1047 2337 1141 2413 prout
1167 2332 1200 2395 in
1230 2332 1347 2397 litteris
1377 2332 1407 2398 S.
1438 2329 1593 2411 premisso
1623 2330 1813 2405 continetur,
1845 2329 2017 2413 dignemini
2047 2330 2153 2395 eidem

644 2434 788 2499 Welconi
822 2436 862 2499 de
896 2436 1041 2517 ampliori
1075 2436 1156 2500 dono
1191 2436 1374 2515 concedere,
1409 2436 1493 2517 qnod
1526 2434 1672 2517 predicta
1694 2433 1801 2516 gracia
1824 2439 1883 2500 etc.
1907 2434 1947 2498 ad
1969 2434 2153 2499 huiusmodi

645 2539 831 2621 dignitatem
854 2539 904 2603 vel
927 2547 1130 2622 personatum
1155 2559 1211 2605 seu
1235 2538 1375 2605 officium
1397 2545 1453 2603 aut
1475 2543 1662 2620 perpetuam
1686 2537 2005 2617 administracionem,
2029 2538 2056 2603 si
2087 2557 2153 2620 qua

645 2644 696 2707 vel
719 2644 746 2707 si
770 2644 840 2724 quis
864 2647 919 2708 aut
942 2644 969 2707 si
993 2644 1075 2725 quod
1100 2644 1132 2708 iu
1156 2644 1279 2726 prelata
1302 2643 1454 2726 Pragcnsi
1477 2641 1612 2707 ecclesia
1635 2648 1726 2706 vacat
1755 2642 1796 2706 ad
1825 2659 1967 2724 presens,
1998 2642 2049 2706 vel
2080 2661 2152 2705 cum

644 2748 815 2827 vacaverit,
839 2766 874 2812 se
897 2748 1058 2827 extendat,
1083 2766 1153 2812 curn
1176 2748 1248 2814 aliis
1271 2747 1557 2813 nonobstantibus
1581 2751 1613 2811 st
1632 2746 1785 2811 clausulis
1807 2745 1972 2827 oportunis
1987 2751 2021 2811 et
2035 2763 2153 2810 execu-

648 2852 780 2917 toribus.

751 2954 823 3018 Fiat
846 2953 883 3019 R.
930 2955 972 3019 Et
995 2973 1024 3036 q.
1048 2959 1071 3018 t.
1096 2973 1121 3019 a.
1145 2974 1173 3019 a.
1197 2955 1216 3019 l.
1256 2956 1328 3020 Fiat
1350 2954 1387 3019 R.

747 3059 829 3123 ltem
852 3056 936 3140 quod
958 3077 1091 3123 examen
1113 3059 1328 3141 predictorum
1351 3059 1533 3124 absencium
1549 3077 1568 3123 a
1584 3059 1672 3123 curia
1695 3057 1867 3141 dignemini
1890 3057 2088 3123 committere
2107 3059 2153 3123 ad

647 3168 765 3244 partes,
790 3168 825 3226 ut
848 3167 998 3244 parcatur
1019 3161 1180 3227 laboribus
1203 3168 1236 3228 et
1258 3163 1416 3244 expensis.

754 3266 977 3330 Committatur
999 3317 1032 3331 ..
1056 3266 1295 3349 archiepiscopo
1328 3268 1379 3332 vel
1409 3266 1528 3331 decano
1562 3267 1715 3349 Pragansi
1748 3266 1785 3330 R.
1831 3268 1871 3332 Ι).
1895 3266 2055 3332 Auiuione
2077 3286 2152 3332 non.

649 3369 837 3435 Novembris
860 3389 888 3435 a.
912 3374 1036 3450 quarto.

751 3559 899 3614 Clementis
912 3559 950 3613 Vl
969 3559 995 3613 S.
1008 3560 1074 3628 lvii
1095 3562 1133 3629 (8)
1151 3560 1169 3613 f.
1189 3566 1229 3614 96.
1251 3592 1283 3600 -
1310 3562 1333 3627 ·)
1353 3561 1477 3628 sequitur
1495 3559 1639 3626 ,diocesis‘,
1658 3558 1706 3614 scd
1725 3560 1905 3615 cancellatum
1923 3561 1950 3615 S.

647 4172 738 4236 558.
777 4171 884 4233 Otiosi
918 4170 1118 4247 blancam>
1152 4169 1189 4232 dc
1222 4172 1365 4245 Brromo,
1390 4171 1500 4234 clerico
1526 4170 1739 4235 Olomuccrvsis
1762 4169 1902 4247 diocesis,
1933 4175 2116 4234 reservatur
2132 4170 2154 4249 ¹)

645 4274 823 4356 beneficium
845 4274 1091 4338 ecclesiasticum
1116 4295 1185 4336 carm
1208 4273 1254 4336 ecl
1269 4275 1337 4337 sinc
1352 4296 1440 4351 curu,
1457 4278 1634 4336 consuetum
1651 4274 1776 4337 abalim
1793 4273 1915 4338 clericis
1930 4273 2150 4337 saecularibus

647 4379 819 4459 (resignari,
843 4379 930 4440 cuius
957 4380 1090 4456 fricetur
1111 4381 1155 4441 30
1177 4399 1257 4460 resp.
1281 4384 1325 4442 20
1347 4398 1531 4441 arrarcrmtm
1554 4379 1678 4457 urgendi
1700 4400 1726 4441 s.
1749 4383 1772 4440 t.
1796 4378 1826 4440 d.
1850 4377 1987 4441 calorem
2011 4400 2153 4441 annuum

647 4502 708 4545 aon
730 4482 891 4556 excedunt,
914 4481 1048 4562 siquod
1071 4481 1114 4543 od
1136 4480 1333 4546 collationem
1357 4481 1537 4544 aperuisses
1559 4486 1589 4544 ct
1611 4486 1776 4544 convectas
1803 4481 1987 4545 rnonostcrii
2013 4482 2152 4546 Tisoorl-

647 4584 792 4664 ocnst's,bl
828 4584 1043 4651 teterrimas
1076 4584 1207 4659 ordinis,
1245 4585 1458 4650 Olomrrccasis
1491 4585 1632 4663 diocesis,
1666 4589 1770 4663 vocal,
1804 4584 1851 4648 vel
1881 4605 1950 4648 curn
1980 4587 2152 4650 locaverit.

648 4692 700 4766 ,D.
723 4688 879 4754 Aulaionc
902 4709 972 4751 aon.
996 4687 1180 4750 Novembris
1197 4709 1226 4749 a.
1240 4691 1372 4766 quarto:
1391 4724 1432 4731 —
1450 4689 1488 4749 Ia
1503 4709 1528 4750 c.
1545 4708 1585 4750 m.
1605 4687 1714 4751 abbati
1737 4687 1995 4752 Zabrdooiccasis
2009 4691 2033 4763 ⁰)
2054 4711 2154 4772 prope

650 4796 816 4857 Baranam
835 4797 864 4855 et
882 4793 1065 4875 praeposito
1090 4788 1317 4870 Cerrrlccrrsi3,¹¹)
1336 4813 1396 4873 per
1415 4792 1634 4873 praepositum
1656 4791 1743 4855 solita·
1763 4791 1944 4871 prrbcrauri,
1967 4793 2154 4856 1101111316νὲ-

648 4918 746 4966 orum,
772 4896 986 4960 olomucensis·
1008 4895 1148 4973 diocesis,
1173 4916 1211 4957 uc
1232 4895 1390 4958 sacristae
1412 4894 1561 4958 ccclesiae
1583 4895 1815 4959 Arinioncasia.
1840 4896 1955 4958 lbrmu
1974 4899 2012 4958 ut
2026 4897 2062 4960 in
2076 4918 2106 4960 n.
2123 4901 2152 4961 2.

693 5084 735 5223 ‘'lK
754 5105 801 5224 ῗ.
1573 5092 1736 5172 Arinioac,
1759 5095 1846 5157 1345
1870 5094 2057 5158 Novembris
2079 5097 2110 5160 5.

754 5309 901 5364 Clementis
920 5308 957 5361 Vl
976 5310 1008 5360 A.
1027 5308 1093 5377 IVl‘l
1115 5311 1170 5377 (83)
1190 5309 1208 5363 l.
1228 5311 1287 5362 468⁹
1307 5326 1332 5361 n.
1355 5315 1411 5375 111,
1431 5309 1464 5363 de
1483 5308 1625 5363 beneficiis
1644 5307 1780 5362 vacaturis
1804 5326 1849 5376 qu.
1875 5309 1978 5363 izv.
2005 5315 2054 5366 ios
2079 5310 2097 5364 f.
2123 5316 2154 5363 18

649 5412 676 5448 n.
700 5402 757 5449 111.
774 5424 807 5436 -
826 5396 876 5450 Ed.
895 5396 981 5450 CDM.
998 5394 1051 5447 Vll
1070 5412 1095 5447 u.
1114 5401 1172 5461 616,
1192 5395 1277 5448 RBM.
1295 5395 1333 5447 lv
1353 5411 1378 5448 n.
1402 5402 1473 5449 1619.
1494 5425 1526 5435 -
1554 5395 1577 5461 ·)
1596 5395 1697 5462 ,Ottonl
1723 5395 1871 5449 Fraucisci‘
1896 5396 2088 5465 cancellatum,
2106 5396 2154 5451 sed

650 5485 795 5550 repetitum
814 5486 846 5536 A.
865 5486 894 5551 l)
913 5480 1210 5550 ,Thusuowiccnsis‘ll.
1237 5486 1259 5547 e)
1279 5481 1550 5547 ,Zauardovlconsis‘
1573 5484 1605 5534 ll.
1634 5484 1657 5546 d)
1675 5482 1874 5546 ,Chuniceusis‘
1893 5485 1927 5536 Α.
1945 5513 1978 5522 -
1999 5485 2019 5546 ¹l
2038 5482 2073 5539 (le
2093 5500 2153 5551 anp-

651 5569 797 5637 plicatioue
817 5571 915 5636 Caroli,
935 5566 1098 5622 marchionis
1116 5568 1264 5634 Moraviae,
1285 5584 1365 5635 quam
1384 5567 1446 5622 vide
1466 5569 1516 5623 sub
1535 5585 1607 5622 num.
1628 5574 1686 5634 ool,
1705 5568 1749 5621 hio
1769 5568 1843 5622 nulla
1861 5569 1892 5622 tit
1909 5571 2021 5624 mentio.

1301 5763 1493 5772 ὴ-
