5184 7050
543 838 608 906 292

542 1048 636 1113 dau.
659 1044 902 1126 Arcisiupiscopo
927 1042 1101 1106 Grec-'mosei
1123 1043 1306 1116 brundulus,
1331 1046 1485 1124 qautenus
1508 1045 1542 1107 in
1560 1044 1627 1107 suis
1650 1062 1769 1107 reccrroo
1801 1039 2038 1119 l'rctisloaierssi,

547 1149 762 1226 Pcsrsaoicasi,
799 1146 973 1211 Lesbocerui
1002 1150 1032 1209 et
1063 1146 1246 1212 Carrinensi
1279 1148 1459 1211 civitatibus
1493 1151 1523 1210 ct
1553 1145 1726 1211 diocesibas
1759 1166 1867 1209 mones
1901 1144 2039 1209 debitores

544 1273 653 1317 correus
677 1252 785 1329 orroei,
821 1252 874 1332 proi
904 1250 1055 1313 denarias
1084 1251 1168 1315 bereti
1193 1253 1280 1315 Petri
1310 1255 1522 1335 rsarrcapator,
1557 1252 1601 1316 od
1622 1250 1803 1316 solvendum
1833 1247 2040 1331 conspectura

539 1356 693 1439 peccatrices
722 1356 767 1418 sic
789 1354 935 1419 collectos
959 1353 1104 1419 rlrrroldo
1127 1356 1166 1419 de
1189 1356 1384 1433 Lccoacioa,
1408 1355 1563 1420 collectori
1593 1377 1740 1419 camerac
1763 1353 1968 1438 apostolicae,
1990 1357 2038 1416 col

943 1459 1036 1522 certis
1058 1458 1285 1523 mercatoribus
1309 1460 1476 1540 assiprrare
1492 1463 1651 1542 procuret.

1344 1647 1441 1732 Apud
1473 1649 1711 1730 l'illamoooom,
1734 1652 1822 1714 1345
1845 1649 1934 1715 maii
1954 1653 2005 1714 27.

649 1868 684 1931 V.
717 1867 738 1931 l.
764 1918 802 1933 ..
836 1866 1076 1947 archiepiscopo
1108 1867 1297 1933 Gnezoensi.
1345 1869 1471 1933 Dudum
1506 1867 1663 1959 exigendi,
1697 1866 1869 1950 colligendi
1903 1870 1938 1931 et
1970 1868 2042 1932 reci·

547 1973 652 2054 picmli
677 1990 806 2038 censum
830 1989 978 2047 annuum,
1003 1971 1058 2050 qui
1079 1971 1230 2037 denarius
1253 1971 1339 2036 beati
1364 1973 1451 2037 Petri
1469 1973 1643 2055 vulgariter
1666 1976 1881 2054 nuncupatur,
1904 1972 1996 2037 nobis
2015 1977 2043 2037 et

545 2077 680 2142 ecclesio
711 2076 850 2140 Romane
874 2074 1074 2155 inpartibus
1105 2075 1193 2155 regni
1224 2075 1356 2139 l'olonic
1387 2074 1540 2154 debitum,
1571 2076 1786 2142 concessimus
1809 2076 1838 2141 d.
1864 2075 1886 2141 l.
1910 2076 2042 2141 hrnuldo

546 2181 585 2244 do
602 2180 809 2257 lacoussina,
833 2179 985 2243 canonico
1009 2177 1144 2243 ecclesio
1160 2178 1346 2258 Titulcnsis,
1372 2179 1556 2247 Colocensis
1573 2181 1719 2258 diocesis,
1743 2200 1801 2262 per
1817 2187 1948 2247 nostras
1971 2181 2042 2245 corti

546 2285 667 2348 tormris
690 2284 825 2360 litteras,
850 2282 933 2347 sicut
956 2283 987 2346 iu
1004 2283 1051 2347 eis
1068 2283 1249 2348 continetur
1273 2283 1408 2364 plenius,
1432 2289 1635 2366 potestatem.
1659 2284 1811 2351 Veientes
1834 2285 1935 2367 igitur
1956 2304 2043 2367 pecu-

547 2387 616 2453 nius
640 2388 680 2452 de
704 2387 788 2453 dicto
812 2406 909 2453 censu
931 2390 996 2452 tam
1020 2406 1078 2468 per
1101 2387 1236 2451 eundem
1261 2388 1446 2453 canonicum
1469 2406 1563 2470 quam
1588 2389 1717 2469 quosvis
1739 2389 1820 2453 alios
1844 2389 1996 2454 collectas
2015 2393 2044 2453 et

547 2490 742 2571 colligendas
766 2491 805 2555 ad
827 2496 967 2556 nostram
991 2510 1148 2556 cameram
1171 2490 1309 2555 fideliter
1333 2491 1496 2569 destinari,
1520 2491 1715 2557 fraternitati
1738 2496 1803 2571 tue,
1828 2491 1869 2558 de
1884 2510 1950 2573 qua
1972 2492 2043 2556 lidu-

546 2597 626 2662 aiam
651 2596 683 2660 in
707 2596 833 2660 domino
856 2595 995 2677 gerirnus
1018 2596 1204 2677 pleniorem,
1232 2613 1289 2677 per
1312 2596 1489 2677 apostolica
1513 2598 1634 2679 scripta
1657 2596 1884 2662 committimus
1907 2603 1942 2661 et
1964 2615 2044 2660 rnen·

546 2700 668 2778 (lamus,
699 2704 866 2781 quatenus,
901 2718 963 2763 non
994 2699 1176 2780 derogando
1207 2701 1239 2765 in
1262 2700 1368 2781 aliquo
1399 2700 1613 2766 commissioni
1648 2701 1733 2766 dicto
1765 2701 1920 2766 canonico
1954 2720 2044 2783 snper

547 2804 699 2886 predictis
721 2808 777 2868 ant
799 2803 1000 2885 processibus
1024 2804 1205 2884 peripsum
1230 2804 1335 2882 luctis,
1360 2822 1566 2886 quoscunque
1590 2806 1750 2871 debitores
1774 2824 1891 2872 census
1914 2805 2043 2888 predicti

544 2914 673 2974 tuamm
697 2926 818 2972 necnon
840 2907 1124 2984 Wratislauirnsis,
1148 2908 1383 2987 Posnaniensis,
1408 2909 1595 2975 Lubicensis
1611 2915 1644 2974 et
1659 2908 1860 2975 (laminensis
1883 2910 2043 2975 civitatum

546 3018 580 3079 at
602 3012 776 3080 rliocesium
801 3014 840 3077 ad
864 3012 1049 3077 solvendum
1073 3032 1201 3078 sensum
1226 3014 1329 3095 ipsum
1353 3031 1410 3094 per
1432 3016 1464 3076 te
1481 3012 1532 3076 vel
1548 3012 1645 3076 alium
1669 3032 1725 3078 seu
1750 3013 1841 3092 alios,
1865 3013 1893 3080 ei
1917 3031 2042 3079 necesse

545 3116 652 3195 lucr-it,
676 3135 915 3199 percensuram
938 3116 1190 3182 ecclesiasticam
1213 3116 1433 3198 appellecione
1455 3119 1634 3199 postposite
1657 3116 1848 3199 compellere
1874 3137 1939 3182 non
1964 3121 2042 3199 post-

548 3238 656 3303 ponas,
687 3240 748 3286 non
772 3221 927 3298 obstante,
958 3220 985 3286 si
1009 3221 1056 3286 eis
1079 3221 1128 3284 vel
1152 3241 1260 3287 eorum
1284 3221 1445 3302 aliquibus
1475 3222 1682 3287 communiter
1705 3221 1754 3286 vel
1778 3221 1907 3287 divisim
1932 3223 2041 3286 aselle

548 3325 724 3406 apostolica
747 3325 789 3390 sit
812 3324 978 3403 indultum,
1003 3325 1087 3405 quod
1111 3326 1270 3403 interdici,
1301 3326 1453 3405 suspendi
1479 3325 1526 3389 vel
1551 3327 1816 3392 excommunicari
1839 3344 1903 3392 non
1927 3327 2042 3409 possint

546 3448 603 3512 pm·
618 3426 744 3494 litteras
768 3429 968 3511 eprrsstolicaS,
991 3448 1052 3494 non
1069 3429 1223 3494 facientes
1246 3429 1374 3511 plenum
1390 3434 1422 3494 et
1438 3448 1621 3510 expressam
1638 3449 1676 3494 ec
1692 3430 1732 3494 de
1747 3431 1845 3496 verbo
1860 3432 1903 3496 ad
1919 3431 2041 3495 verbum

547 3534 586 3598 de
603 3533 726 3598 indultu
749 3533 930 3598 huiusmodi
953 3535 1158 3610 reensionem,
1183 3540 1217 3599 et
1235 3534 1460 3600 nichilominus
1482 3534 1611 3600 easdem
1634 3536 1787 3617 pecunias
1809 3535 1965 3602 collectas
1986 3554 2040 3599 una

546 3657 617 3704 cum
640 3636 763 3719 prefato
788 3638 951 3716 ιιιιιοιιίιο,
982 3638 1008 3701 si
1033 3656 1164 3719 presens
1187 3638 1293 3717 fuerit,
1327 3638 1408 3704 alias
1431 3644 1544 3721 perte
1568 3641 1672 3721 ipsum
1697 3640 1795 3706 certis
1816 3640 2040 3706 mercatoribus

547 3741 608 3807 lide¹
631 3761 667 3806 nc
690 3741 898 3807 facultatibus
922 3742 1044 3807 idoneis
1075 3744 1240 3825 assignare
1265 3761 1426 3824 procures,
1458 3744 1512 3823 qui
1536 3762 1644 3808 eorum
1669 3743 1821 3825 periculis
1844 3749 1879 3809 et
1901 3744 2038 3827 expensis

544 3846 696 3929 pecunius
721 3845 806 3927 ipsas
836 3845 940 3910 cidem
964 3865 1091 3912 casinens
1115 3847 1164 3910 vpp
1190 3848 1221 3911 in
1246 3848 1322 3912 ville
1344 3848 1511 3928 Brugensi‚
1546 3848 1760 3913 Tornacensis
1788 3849 1939 3924 diocesis,
1972 3850 1998 3914 d.
2020 3848 2035 3911 l.

543 3949 666 4015 lacobo
689 3949 728 4014 du
753 3947 944 4031 hlulabuyla,
980 3952 1147 4015 mercatori
1172 3952 1311 4029 hstensi,
1346 3951 1395 4015 sel
1420 3953 1489 4018 eius
1519 3953 1615 4019 sociis
1645 3958 1701 4016 aut
1723 3951 1902 4019 lectoribus
1933 3954 2035 4019 ibidem

544 4055 741 4119 resonantibus
772 4053 853 4119 iulia
884 4059 955 4119 osto
980 4055 1028 4119 vel
1053 4056 1162 4120 decem
1193 4075 1319 4122 meuses
1342 4077 1360 4121 ιι
1383 4056 1436 4120 die
1466 4056 1704 4138 assignacionis,
1739 4075 1803 4138 que
1825 4076 1884 4138 per
1907 4063 1940 4124 te
1962 4059 2035 4122 lecto

544 4161 590 4224 eis
614 4158 709 4224 luerit
726 4160 764 4224 du
782 4158 876 4224 dictis
899 4160 1052 4240 pmuiriis,
1076 4161 1306 4242 roruputandos
1329 4160 1512 4242 persolvere
1536 4160 1673 4227 debcant
1695 4162 1900 4244 integraliter
1921 4168 1955 4228 et
1974 4181 2033 4244 per·

544 4263 638 4342 seete,
662 4263 807 4328 saeuiendo
832 4283 928 4345 sapiu·
950 4265 1178 4346 ussignucioue,
1213 4282 1309 4344 quam
1333 4265 1372 4330 de
1395 4265 1490 4331 dictis
1513 4266 1657 4346 pecuniis
1680 4265 1796 4332 feceris
1819 4272 1856 4332 ut
1879 4268 2031 4349 prefertur,

544 4366 673 4449 publicu
697 4369 908 4432 instrnumuto
932 4366 1052 4444 corsici,
1077 4388 1134 4450 per
1157 4374 1188 4432 te
1212 4369 1253 4433 ad
1277 4370 1378 4451 ipsam
1403 4388 1571 4447 cameram,
1597 4389 1691 4451 quarn
1715 4370 1894 4437 certificare
1917 4372 2030 4438 studeas

544 4470 767 4536 nichilominus
790 4491 886 4552 super
909 4471 981 4548 hiis,
1016 4470 1153 4537 fideliter
1175 4473 1431 4538 transmittenda.
1478 4474 1516 4539 l).
1540 4477 1577 4537 ut
1600 4494 1624 4539 s
1670 4475 1780 4559 [Apud
1803 4475 2027 4549 Villamuouaos,

547 4576 583 4640 ll.
608 4575 649 4654 d,
676 4573 716 4640 l'l
743 4576 805 4640 hul
829 4574 919 4640 litorii
943 4594 969 4639 a.
995 4575 1163 4660 quintol¹l

648 4868 796 4920 l‘lermmtis
816 4865 852 4920 l'l
873 4866 902 4919 V.
927 4873 973 4920 mo
993 4881 1072 4936 (seer.
1093 4886 1117 4922 a.
1137 4869 1186 4922 ll'l
1204 4869 1222 4921 l.
1242 4876 1270 4922 ll
1293 4886 1318 4922 n.
1338 4877 1379 4921 ἐι).
1404 4902 1428 4911 -
1452 4869 1500 4923 ltu.
1514 4870 1642 4934 Theiner,
1662 4870 1721 4924 ΜΡ.
1739 4870 1752 4924 l
1771 4888 1799 4925 n.
1817 4877 1877 4926 620.
1897 4905 1927 4914 -
1942 4877 1959 4922 ἰ
1976 4887 2022 4936 sup·

543 4955 645 5022 pletum
665 4970 680 5005 e
701 4953 730 5006 V.
753 4961 800 5007 ιιιιι
819 4970 890 5007 ιιιιιιι.
915 4961 951 5006 lu.
