<?xml version="1.0" encoding="UTF-8"?>
<!DOCTYPE html PUBLIC "-//W3C//DTD XHTML 1.0 Transitional//EN"
    "http://www.w3.org/TR/xhtml1/DTD/xhtml1-transitional.dtd">
<html xmlns="http://www.w3.org/1999/xhtml" xml:lang="en" lang="en">
 <head>
  <title>
</title>
<meta http-equiv="Content-Type" content="text/html;charset=utf-8" />
  <meta name='ocr-system' content='tesseract 3.04.00' />
  <meta name='ocr-capabilities' content='ocr_page ocr_carea ocr_par ocr_line ocrx_word'/>
</head>
<body>
  <div class='ocr_page' id='page_1' title='image "./monumentavatica01vatigoog_0571.png"; bbox 0 0 5184 7050; ppageno 0'>
   <div class='ocr_carea' id='block_1_1' title="bbox 1885 936 1949 1003">
    <p class='ocr_par' dir='ltr' id='par_1_1' title="bbox 1885 936 1949 1003">
     <span class='ocr_line' id='line_1_1' title="bbox 1885 936 1949 1003; baseline -0.031 0"><span class='ocrx_word' id='word_1_1' title='bbox 1885 936 1949 1003; x_wconf 76' lang='grc'><strong><em>949</em></strong></span> 
     </span>
    </p>
   </div>
   <div class='ocr_carea' id='block_1_2' title="bbox 432 1143 1949 1330">
    <p class='ocr_par' dir='ltr' id='par_1_2' title="bbox 432 1143 1949 1330">
     <span class='ocr_line' id='line_1_2' title="bbox 432 1143 1946 1226; baseline 0.001 -17"><span class='ocrx_word' id='word_1_2' title='bbox 432 1143 525 1209; x_wconf 84' lang='grc'>961.</span> <span class='ocrx_word' id='word_1_3' title='bbox 550 1143 592 1206; x_wconf 88' lang='lat' dir='ltr'><strong><em>N.</em></strong></span> <span class='ocrx_word' id='word_1_4' title='bbox 615 1166 643 1207; x_wconf 86' lang='lat' dir='ltr'><strong><em>c.</em></strong></span> <span class='ocrx_word' id='word_1_5' title='bbox 669 1144 848 1223; x_wconf 78' lang='lat' dir='ltr'><strong><em>Hpnconi·)</em></strong></span> <span class='ocrx_word' id='word_1_6' title='bbox 873 1144 955 1208; x_wconf 86' lang='lat' dir='ltr'><strong><em>dicta</em></strong></span> <span class='ocrx_word' id='word_1_7' title='bbox 980 1143 1148 1226; x_wconf 57' lang='grc'>11199999)</span> <span class='ocrx_word' id='word_1_8' title='bbox 1171 1145 1208 1209; x_wconf 87' lang='lat' dir='ltr'><strong><em>de</em></strong></span> <span class='ocrx_word' id='word_1_9' title='bbox 1225 1145 1330 1224; x_wconf 88' lang='lat' dir='ltr'><strong><em>Duba,</em></strong></span> <span class='ocrx_word' id='word_1_10' title='bbox 1348 1143 1443 1208; x_wconf 86' lang='lat' dir='ltr'><strong><em>miiiti</em></strong></span> <span class='ocrx_word' id='word_1_11' title='bbox 1460 1145 1632 1225; x_wconf 82' lang='lat' dir='ltr'><strong><em>Propensis</em></strong></span> <span class='ocrx_word' id='word_1_12' title='bbox 1654 1143 1796 1218; x_wconf 86' lang='lat' dir='ltr'><strong><em>diocesis,</em></strong></span> <span class='ocrx_word' id='word_1_13' title='bbox 1814 1148 1844 1207; x_wconf 88' lang='lat' dir='ltr'><strong><em>et</em></strong></span> <span class='ocrx_word' id='word_1_14' title='bbox 1859 1165 1889 1210; x_wconf 89' lang='lat' dir='ltr'><strong><em>n.</em></strong></span> <span class='ocrx_word' id='word_1_15' title='bbox 1906 1164 1946 1211; x_wconf 89' lang='lat' dir='ltr'><strong><em>rn.</em></strong></span> 
     </span>
     <span class='ocr_line' id='line_1_3' title="bbox 433 1246 1949 1330; baseline 0.001 -20"><span class='ocrx_word' id='word_1_16' title='bbox 433 1246 673 1325; x_wconf 74' lang='lat' dir='ltr'><strong><em>Maroaretb-ae,</em></strong></span> <span class='ocrx_word' id='word_1_17' title='bbox 689 1247 784 1311; x_wconf 73' lang='lat' dir='ltr'><strong><em>uxo-ri</em></strong></span> <span class='ocrx_word' id='word_1_18' title='bbox 800 1249 876 1323; x_wconf 76' lang='lat' dir='ltr'><strong><em>eine,</em></strong></span> <span class='ocrx_word' id='word_1_19' title='bbox 894 1249 1073 1312; x_wconf 76' lang='lat' dir='ltr'><strong><em>conceditur</em></strong></span> <span class='ocrx_word' id='word_1_20' title='bbox 1087 1248 1241 1312; x_wconf 68' lang='lat' dir='ltr'><strong><em>absoluto</em></strong></span> <span class='ocrx_word' id='word_1_21' title='bbox 1259 1249 1357 1330; x_wconf 83' lang='lat' dir='ltr'><strong><em>plena</em></strong></span> <span class='ocrx_word' id='word_1_22' title='bbox 1373 1249 1408 1310; x_wconf 80' lang='lat' dir='ltr'><strong><em>in</em></strong></span> <span class='ocrx_word' id='word_1_23' title='bbox 1422 1250 1532 1312; x_wconf 77' lang='lat' dir='ltr'><strong><em>mortis</em></strong></span> <span class='ocrx_word' id='word_1_24' title='bbox 1552 1248 1696 1312; x_wconf 75' lang='lat' dir='ltr'><strong><em>rationis.</em></strong></span> <span class='ocrx_word' id='word_1_25' title='bbox 1722 1250 1774 1323; x_wconf 92' lang='lat' dir='ltr'><strong><em>,D.</em></strong></span> <span class='ocrx_word' id='word_1_26' title='bbox 1791 1247 1949 1312; x_wconf 77' lang='lat' dir='ltr'><strong><em>Aninione</em></strong></span> 
     </span>
    </p>
   </div>
   <div class='ocr_carea' id='block_1_3' title="bbox 483 1351 1643 1455">
    <p class='ocr_par' dir='ltr' id='par_1_3' title="bbox 483 1351 1643 1455">
     <span class='ocr_line' id='line_1_4' title="bbox 483 1351 1643 1455; baseline 0.002 -41"><span class='ocrx_word' id='word_1_27' title='bbox 483 1369 519 1455; x_wconf 50' lang='lat' dir='ltr'><strong>V</strong></span> <span class='ocrx_word' id='word_1_28' title='bbox 743 1353 776 1415; x_wconf 83' lang='lat' dir='ltr'><em>X</em></span> <span class='ocrx_word' id='word_1_29' title='bbox 794 1351 858 1416; x_wconf 78' lang='lat' dir='ltr'><strong><em>rut.</em></strong></span> <span class='ocrx_word' id='word_1_30' title='bbox 884 1352 1050 1416; x_wconf 75' lang='lat' dir='ltr'><strong><em>Februarii</em></strong></span> <span class='ocrx_word' id='word_1_31' title='bbox 1074 1374 1104 1416; x_wconf 90' lang='lat' dir='ltr'><strong><em>a.</em></strong></span> <span class='ocrx_word' id='word_1_32' title='bbox 1129 1356 1235 1418; x_wconf 67' lang='lat' dir='ltr'><strong><em>serto!</em></strong></span> <span class='ocrx_word' id='word_1_33' title='bbox 1284 1354 1398 1417; x_wconf 87' lang='lat' dir='ltr'><strong><em>Forma</em></strong></span> <span class='ocrx_word' id='word_1_34' title='bbox 1422 1356 1457 1415; x_wconf 92' lang='lat' dir='ltr'><strong><em>ut</em></strong></span> <span class='ocrx_word' id='word_1_35' title='bbox 1479 1353 1513 1415; x_wconf 85' lang='lat' dir='ltr'><strong><em>in</em></strong></span> <span class='ocrx_word' id='word_1_36' title='bbox 1537 1374 1566 1419; x_wconf 88' lang='lat' dir='ltr'><strong><em>n.</em></strong></span> <span class='ocrx_word' id='word_1_37' title='bbox 1591 1355 1643 1416; x_wconf 74' lang='lat' dir='ltr'><strong><em>oo.</em></strong></span> 
     </span>
    </p>
   </div>
   <div class='ocr_carea' id='block_1_4' title="bbox 468 1465 1900 1546">
    <p class='ocr_par' dir='ltr' id='par_1_4' title="bbox 468 1465 1900 1546">
     <span class='ocr_line' id='line_1_5' title="bbox 468 1465 1900 1546; baseline 0.003 -20"><span class='ocrx_word' id='word_1_38' title='bbox 468 1472 529 1526; x_wconf 79' lang='lat' dir='ltr'><strong><em>.X.</em></strong></span> <span class='ocrx_word' id='word_1_39' title='bbox 1372 1466 1537 1546; x_wconf 85' lang='lat' dir='ltr'><strong><em>Acinione,</em></strong></span> <span class='ocrx_word' id='word_1_40' title='bbox 1562 1467 1647 1530; x_wconf 85' lang='grc'>1348</span> <span class='ocrx_word' id='word_1_41' title='bbox 1669 1465 1827 1533; x_wconf 87' lang='lat' dir='ltr'><strong><em>Jonuarii</em></strong></span> <span class='ocrx_word' id='word_1_42' title='bbox 1848 1465 1900 1532; x_wconf 86' lang='lat'><strong><em>23.</em></strong></span> 
     </span>
    </p>
   </div>
   <div class='ocr_carea' id='block_1_5' title="bbox 429 1592 1941 1751">
    <p class='ocr_par' dir='ltr' id='par_1_5' title="bbox 429 1592 1941 1751">
     <span class='ocr_line' id='line_1_6' title="bbox 540 1592 1941 1662; baseline -0.001 -14"><span class='ocrx_word' id='word_1_43' title='bbox 540 1593 689 1649; x_wconf 84' lang='lat' dir='ltr'><strong><em>Clementis</em></strong></span> <span class='ocrx_word' id='word_1_44' title='bbox 707 1594 745 1647; x_wconf 86' lang='lat' dir='ltr'><strong><em>VI</em></strong></span> <span class='ocrx_word' id='word_1_45' title='bbox 765 1596 797 1646; x_wconf 84' lang='lat' dir='ltr'><strong><em>A.</em></strong></span> <span class='ocrx_word' id='word_1_46' title='bbox 817 1593 883 1655; x_wconf 74' lang='grc'>1-’119</span> <span class='ocrx_word' id='word_1_47' title='bbox 904 1595 958 1661; x_wconf 98' lang='grc'>(93)</span> <span class='ocrx_word' id='word_1_48' title='bbox 973 1593 991 1647; x_wconf 82' lang='lat' dir='ltr'><strong><em>i.</em></strong></span> <span class='ocrx_word' id='word_1_49' title='bbox 1004 1595 1074 1662; x_wconf 76' lang='lat'><strong><em>396&#39;,</em></strong></span> <span class='ocrx_word' id='word_1_50' title='bbox 1093 1593 1127 1648; x_wconf 89' lang='lat' dir='ltr'><strong><em>de</em></strong></span> <span class='ocrx_word' id='word_1_51' title='bbox 1146 1593 1320 1649; x_wconf 78' lang='lat' dir='ltr'><strong><em>absolutione</em></strong></span> <span class='ocrx_word' id='word_1_52' title='bbox 1339 1611 1384 1662; x_wconf 88' lang='lat' dir='ltr'><strong><em>qu.</em></strong></span> <span class='ocrx_word' id='word_1_53' title='bbox 1404 1601 1462 1647; x_wconf 85' lang='lat'><strong><em>1:</em></strong></span> <span class='ocrx_word' id='word_1_54' title='bbox 1475 1595 1504 1648; x_wconf 74' lang='lat' dir='ltr'><strong><em>V.</em></strong></span> <span class='ocrx_word' id='word_1_55' title='bbox 1526 1598 1575 1647; x_wconf 85' lang='lat'><strong><em>180</em></strong></span> <span class='ocrx_word' id='word_1_56' title='bbox 1593 1593 1675 1647; x_wconf 67' lang='grc'>4199</span> <span class='ocrx_word' id='word_1_57' title='bbox 1695 1592 1754 1648; x_wconf 86' lang='lat' dir='ltr'><strong><em>sine</em></strong></span> <span class='ocrx_word' id='word_1_58' title='bbox 1773 1608 1896 1648; x_wconf 86' lang='lat' dir='ltr'><strong><em>numero.</em></strong></span> <span class='ocrx_word' id='word_1_59' title='bbox 1908 1623 1941 1634; x_wconf 96' lang='lat'>—</span> 
     </span>
     <span class='ocr_line' id='line_1_7' title="bbox 429 1680 1287 1751; baseline 0 -15"><span class='ocrx_word' id='word_1_60' title='bbox 429 1690 458 1748; x_wconf 82' lang='lat'><strong><em>¹)</em></strong></span> <span class='ocrx_word' id='word_1_61' title='bbox 479 1681 639 1751; x_wconf 79' lang='lat' dir='ltr'><strong><em>,Heynconi‘</em></strong></span> <span class='ocrx_word' id='word_1_62' title='bbox 659 1685 691 1734; x_wconf 83' lang='lat' dir='ltr'><strong><em>A.</em></strong></span> <span class='ocrx_word' id='word_1_63' title='bbox 721 1683 745 1748; x_wconf 68' lang='grc' dir='ltr'><strong><em>Ι’)</em></strong></span> <span class='ocrx_word' id='word_1_64' title='bbox 764 1680 806 1748; x_wconf 85' lang='grc'>,(19</span> <span class='ocrx_word' id='word_1_65' title='bbox 827 1680 949 1735; x_wconf 77' lang='lat' dir='ltr'><strong><em>Habnch‘</em></strong></span> <span class='ocrx_word' id='word_1_66' title='bbox 969 1682 1098 1749; x_wconf 74' lang='grc'>1.,999.</span> <span class='ocrx_word' id='word_1_67' title='bbox 1118 1682 1152 1736; x_wconf 75' lang='lat' dir='ltr'><strong><em>ab</em></strong></span> <span class='ocrx_word' id='word_1_68' title='bbox 1172 1680 1287 1736; x_wconf 82' lang='lat' dir='ltr'>editore.</span> 
     </span>
    </p>
   </div>
   <div class='ocr_carea' id='block_1_6' title="bbox 1086 1843 1293 1851">
    <p class='ocr_par' dir='ltr' id='par_1_6' title="bbox 1086 1843 1293 1851">
     <span class='ocr_line' id='line_1_8' title="bbox 1086 1843 1293 1851; baseline -0.005 0"><span class='ocrx_word' id='word_1_69' title='bbox 1086 1843 1123 1851; x_wconf 71' lang='lat'><strong><em>—..</em></strong></span> <span class='ocrx_word' id='word_1_70' title='bbox 1132 1844 1293 1851; x_wconf 75' lang='grc'>--.------.</span> 
     </span>
    </p>
   </div>
   <div class='ocr_carea' id='block_1_7' title="bbox 428 1960 1945 2239">
    <p class='ocr_par' dir='ltr' id='par_1_7' title="bbox 428 1960 1945 2239">
     <span class='ocr_line' id='line_1_9' title="bbox 431 1960 1941 2046; baseline -0.003 -14"><span class='ocrx_word' id='word_1_71' title='bbox 431 1963 526 2032; x_wconf 73' lang='grc'>969.</span> <span class='ocrx_word' id='word_1_72' title='bbox 549 1963 591 2027; x_wconf 88' lang='lat' dir='ltr'><strong><em>N.</em></strong></span> <span class='ocrx_word' id='word_1_73' title='bbox 616 1984 644 2027; x_wconf 86' lang='lat' dir='ltr'><strong><em>a.</em></strong></span> <span class='ocrx_word' id='word_1_74' title='bbox 669 1960 794 2046; x_wconf 86' lang='lat' dir='ltr'><strong><em>Lepori,</em></strong></span> <span class='ocrx_word' id='word_1_75' title='bbox 823 1961 947 2026; x_wconf 85' lang='lat' dir='ltr'><strong><em>damino</em></strong></span> <span class='ocrx_word' id='word_1_76' title='bbox 979 1962 1016 2026; x_wconf 92' lang='lat' dir='ltr'><strong><em>dc</em></strong></span> <span class='ocrx_word' id='word_1_77' title='bbox 1040 1961 1271 2044; x_wconf 81' lang='lat' dir='ltr'><strong><em>Hasenburp,·)</em></strong></span> <span class='ocrx_word' id='word_1_78' title='bbox 1304 1961 1401 2027; x_wconf 75' lang='lat' dir='ltr'><strong><em>militi</em></strong></span> <span class='ocrx_word' id='word_1_79' title='bbox 1424 1963 1598 2044; x_wconf 80' lang='lat' dir='ltr'><strong><em>Propensis</em></strong></span> <span class='ocrx_word' id='word_1_80' title='bbox 1628 1962 1769 2042; x_wconf 72' lang='lat' dir='ltr'><strong><em>diosmis,</em></strong></span> <span class='ocrx_word' id='word_1_81' title='bbox 1794 1966 1824 2027; x_wconf 86' lang='lat' dir='ltr'><strong><em>et</em></strong></span> <span class='ocrx_word' id='word_1_82' title='bbox 1845 1961 1941 2028; x_wconf 86' lang='lat' dir='ltr'><strong><em>Adei-</em></strong></span> 
     </span>
     <span class='ocr_line' id='line_1_10' title="bbox 428 2065 1945 2150; baseline 0.001 -20"><span class='ocrx_word' id='word_1_83' title='bbox 428 2065 557 2147; x_wconf 58' lang='lat' dir='ltr'><strong><em>onais)</em></strong></span> <span class='ocrx_word' id='word_1_84' title='bbox 590 2069 685 2132; x_wconf 78' lang='lat' dir='ltr'><strong><em>uxori</em></strong></span> <span class='ocrx_word' id='word_1_85' title='bbox 714 2066 791 2146; x_wconf 88' lang='lat' dir='ltr'><strong><em>eius,</em></strong></span> <span class='ocrx_word' id='word_1_86' title='bbox 823 2067 1003 2132; x_wconf 71' lang='lat' dir='ltr'><strong><em>conceditur</em></strong></span> <span class='ocrx_word' id='word_1_87' title='bbox 1025 2066 1178 2131; x_wconf 73' lang='lat' dir='ltr'><em>absolutio</em></span> <span class='ocrx_word' id='word_1_88' title='bbox 1207 2066 1305 2150; x_wconf 86' lang='lat' dir='ltr'><strong><em>piena</em></strong></span> <span class='ocrx_word' id='word_1_89' title='bbox 1329 2067 1363 2130; x_wconf 89' lang='lat' dir='ltr'><strong><em>in</em></strong></span> <span class='ocrx_word' id='word_1_90' title='bbox 1385 2068 1495 2131; x_wconf 88' lang='lat' dir='ltr'><strong><em>mortis</em></strong></span> <span class='ocrx_word' id='word_1_91' title='bbox 1519 2066 1664 2132; x_wconf 75' lang='lat' dir='ltr'><strong><em>artimia.</em></strong></span> <span class='ocrx_word' id='word_1_92' title='bbox 1711 2068 1763 2142; x_wconf 87' lang='lat' dir='ltr'><strong><em>,D.</em></strong></span> <span class='ocrx_word' id='word_1_93' title='bbox 1789 2065 1945 2132; x_wconf 85' lang='lat' dir='ltr'><strong><em>Aninione</em></strong></span> 
     </span>
     <span class='ocr_line' id='line_1_11' title="bbox 491 2171 1640 2239; baseline -0.002 0"><span class='ocrx_word' id='word_1_94' title='bbox 491 2224 527 2239; x_wconf 92' lang='grc'><strong><em>..</em></strong></span> <span class='ocrx_word' id='word_1_95' title='bbox 739 2172 773 2234; x_wconf 86' lang='lat' dir='ltr'><em>X</em></span> <span class='ocrx_word' id='word_1_96' title='bbox 790 2171 854 2237; x_wconf 81' lang='lat' dir='ltr'><strong><em>irai.</em></strong></span> <span class='ocrx_word' id='word_1_97' title='bbox 880 2171 1048 2235; x_wconf 86' lang='lat' dir='ltr'><strong><em>Februarii</em></strong></span> <span class='ocrx_word' id='word_1_98' title='bbox 1071 2191 1101 2235; x_wconf 91' lang='lat' dir='ltr'><strong><em>o.</em></strong></span> <span class='ocrx_word' id='word_1_99' title='bbox 1125 2175 1233 2237; x_wconf 67' lang='lat' dir='ltr'><strong><em>serto!</em></strong></span> <span class='ocrx_word' id='word_1_100' title='bbox 1278 2173 1395 2236; x_wconf 88' lang='lat' dir='ltr'><strong><em>Forma</em></strong></span> <span class='ocrx_word' id='word_1_101' title='bbox 1418 2172 1511 2236; x_wconf 88' lang='lat' dir='ltr'><strong><em>utin</em></strong></span> <span class='ocrx_word' id='word_1_102' title='bbox 1533 2193 1563 2238; x_wconf 90' lang='lat' dir='ltr'><strong><em>n.</em></strong></span> <span class='ocrx_word' id='word_1_103' title='bbox 1587 2173 1640 2238; x_wconf 87' lang='lat'><strong><em>65.</em></strong></span> 
     </span>
    </p>
   </div>
   <div class='ocr_carea' id='block_1_8' title="bbox 476 2284 1898 2364">
    <p class='ocr_par' dir='ltr' id='par_1_8' title="bbox 476 2284 1898 2364">
     <span class='ocr_line' id='line_1_12' title="bbox 476 2284 1898 2364; baseline 0.004 -19"><span class='ocrx_word' id='word_1_104' title='bbox 476 2293 536 2345; x_wconf 80' lang='lat' dir='ltr'><strong><em>.x.</em></strong></span> <span class='ocrx_word' id='word_1_105' title='bbox 1373 2284 1537 2364; x_wconf 83' lang='lat' dir='ltr'><strong><em>Aainione,</em></strong></span> <span class='ocrx_word' id='word_1_106' title='bbox 1559 2287 1646 2351; x_wconf 82' lang='grc'>1348</span> <span class='ocrx_word' id='word_1_107' title='bbox 1668 2285 1825 2353; x_wconf 88' lang='lat' dir='ltr'><strong><em>Januarii</em></strong></span> <span class='ocrx_word' id='word_1_108' title='bbox 1846 2286 1898 2351; x_wconf 85' lang='lat'><strong><em>23.</em></strong></span> 
     </span>
    </p>
   </div>
   <div class='ocr_carea' id='block_1_9' title="bbox 431 2410 1942 2568">
    <p class='ocr_par' dir='ltr' id='par_1_9' title="bbox 431 2410 1942 2568">
     <span class='ocr_line' id='line_1_13' title="bbox 536 2410 1942 2484; baseline -0.001 -16"><span class='ocrx_word' id='word_1_109' title='bbox 536 2414 683 2469; x_wconf 84' lang='lat' dir='ltr'><strong><em>Clementis</em></strong></span> <span class='ocrx_word' id='word_1_110' title='bbox 701 2414 740 2467; x_wconf 73' lang='lat' dir='ltr'><strong><em>VI</em></strong></span> <span class='ocrx_word' id='word_1_111' title='bbox 759 2416 791 2466; x_wconf 76' lang='lat' dir='ltr'><strong><em>A.</em></strong></span> <span class='ocrx_word' id='word_1_112' title='bbox 810 2413 878 2484; x_wconf 62' lang='lat' dir='ltr'><strong><em>vlit</em></strong></span> <span class='ocrx_word' id='word_1_113' title='bbox 898 2416 953 2482; x_wconf 85' lang='grc'>(91)</span> <span class='ocrx_word' id='word_1_114' title='bbox 971 2413 989 2466; x_wconf 85' lang='lat' dir='ltr'><strong><em>f.</em></strong></span> <span class='ocrx_word' id='word_1_115' title='bbox 1003 2412 1073 2479; x_wconf 76' lang='lat'><strong><em>336&#39;,</em></strong></span> <span class='ocrx_word' id='word_1_116' title='bbox 1091 2411 1125 2466; x_wconf 87' lang='lat' dir='ltr'><strong><em>de</em></strong></span> <span class='ocrx_word' id='word_1_117' title='bbox 1144 2411 1267 2480; x_wconf 83' lang='lat' dir='ltr'><strong><em>indultis,</em></strong></span> <span class='ocrx_word' id='word_1_118' title='bbox 1286 2411 1437 2482; x_wconf 79' lang='lat' dir='ltr'><strong><em>privilegiis</em></strong></span> <span class='ocrx_word' id='word_1_119' title='bbox 1456 2417 1484 2466; x_wconf 86' lang='lat' dir='ltr'><strong><em>et</em></strong></span> <span class='ocrx_word' id='word_1_120' title='bbox 1502 2410 1754 2481; x_wconf 77' lang='lat' dir='ltr'><strong>dispensationibus</strong></span> <span class='ocrx_word' id='word_1_121' title='bbox 1772 2429 1816 2483; x_wconf 90' lang='lat' dir='ltr'><strong><em>qu.</em></strong></span> <span class='ocrx_word' id='word_1_122' title='bbox 1836 2412 1942 2468; x_wconf 77' lang='lat' dir='ltr'><strong><em>r.-.V.</em></strong></span> 
     </span>
     <span class='ocr_line' id='line_1_14' title="bbox 431 2498 1347 2568; baseline -0.001 -13"><span class='ocrx_word' id='word_1_123' title='bbox 431 2506 484 2555; x_wconf 79' lang='grc'><strong><em>199</em></strong></span> <span class='ocrx_word' id='word_1_124' title='bbox 504 2500 522 2554; x_wconf 87' lang='lat' dir='ltr'><strong><em>i.</em></strong></span> <span class='ocrx_word' id='word_1_125' title='bbox 543 2506 594 2555; x_wconf 78' lang='grc'>9911</span> <span class='ocrx_word' id='word_1_126' title='bbox 612 2519 638 2555; x_wconf 89' lang='lat' dir='ltr'><strong><em>n.</em></strong></span> <span class='ocrx_word' id='word_1_127' title='bbox 658 2505 715 2554; x_wconf 79' lang='lat'>780.</span> <span class='ocrx_word' id='word_1_128' title='bbox 736 2533 768 2540; x_wconf 93' lang='lat'>—</span> <span class='ocrx_word' id='word_1_129' title='bbox 796 2506 819 2566; x_wconf 79' lang='lat'><strong><em>⁸)</em></strong></span> <span class='ocrx_word' id='word_1_130' title='bbox 837 2499 1045 2565; x_wconf 79' lang='lat' dir='ltr'><strong><em>,Hazomborch‘</em></strong></span> <span class='ocrx_word' id='word_1_131' title='bbox 1064 2501 1096 2553; x_wconf 83' lang='grc' dir='ltr'><strong><em>Δ.</em></strong></span> <span class='ocrx_word' id='word_1_132' title='bbox 1124 2499 1148 2567; x_wconf 76' lang='lat' dir='ltr'><strong><em>b)</em></strong></span> <span class='ocrx_word' id='word_1_133' title='bbox 1167 2498 1296 2568; x_wconf 79' lang='lat' dir='ltr'><strong><em>,Alleydi‘</em></strong></span> <span class='ocrx_word' id='word_1_134' title='bbox 1314 2502 1347 2554; x_wconf 83' lang='lat' dir='ltr'><strong><em>A.</em></strong></span> 
     </span>
    </p>
   </div>
   <div class='ocr_carea' id='block_1_10' title="bbox 1094 2660 1289 2672">
    <p class='ocr_par' dir='ltr' id='par_1_10' title="bbox 1094 2660 1289 2672">
     <span class='ocr_line' id='line_1_15' title="bbox 1094 2660 1289 2672; baseline -0.005 -2"><span class='ocrx_word' id='word_1_135' title='bbox 1094 2660 1247 2672; x_wconf 65' lang='lat'><em>————-0..</em></span> <span class='ocrx_word' id='word_1_136' title='bbox 1282 2664 1289 2669; x_wconf 86' lang='lat'><em>.</em></span> 
     </span>
    </p>
   </div>
   <div class='ocr_carea' id='block_1_11' title="bbox 420 2780 1941 3284">
    <p class='ocr_par' dir='ltr' id='par_1_11' title="bbox 420 2780 1941 3284">
     <span class='ocr_line' id='line_1_16' title="bbox 423 2780 1940 2866; baseline -0.001 -18"><span class='ocrx_word' id='word_1_137' title='bbox 423 2783 521 2848; x_wconf 80' lang='grc'>963.</span> <span class='ocrx_word' id='word_1_138' title='bbox 547 2780 622 2845; x_wconf 70' lang='lat' dir='ltr'><strong><em>tum</em></strong></span> <span class='ocrx_word' id='word_1_139' title='bbox 647 2781 780 2845; x_wconf 89' lang='lat' dir='ltr'><strong><em>Nicoiao</em></strong></span> <span class='ocrx_word' id='word_1_140' title='bbox 803 2782 842 2845; x_wconf 84' lang='lat' dir='ltr'><strong><em>de</em></strong></span> <span class='ocrx_word' id='word_1_141' title='bbox 866 2781 1067 2866; x_wconf 79' lang='lat' dir='ltr'><strong><em>Gymnicb,·)</em></strong></span> <span class='ocrx_word' id='word_1_142' title='bbox 1096 2781 1205 2844; x_wconf 85' lang='lat' dir='ltr'><strong><em>clerico</em></strong></span> <span class='ocrx_word' id='word_1_143' title='bbox 1230 2780 1422 2846; x_wconf 85' lang='lat' dir='ltr'><strong><em>Coloniensis</em></strong></span> <span class='ocrx_word' id='word_1_144' title='bbox 1445 2781 1587 2861; x_wconf 73' lang='grc'>99999999,</span> <span class='ocrx_word' id='word_1_145' title='bbox 1611 2781 1795 2847; x_wconf 76' lang='lat' dir='ltr'><strong><em>comdiario</em></strong></span> <span class='ocrx_word' id='word_1_146' title='bbox 1820 2781 1940 2859; x_wconf 72' lang='lat' dir='ltr'><strong><em>Caroli,</em></strong></span> 
     </span>
     <span class='ocr_line' id='line_1_17' title="bbox 422 2884 1935 2970; baseline 0.001 -19"><span class='ocrx_word' id='word_1_147' title='bbox 422 2887 511 2966; x_wconf 77' lang='lat' dir='ltr'><strong><em>repis</em></strong></span> <span class='ocrx_word' id='word_1_148' title='bbox 536 2888 758 2964; x_wconf 83' lang='lat' dir='ltr'><strong><em>Romanorum,</em></strong></span> <span class='ocrx_word' id='word_1_149' title='bbox 781 2886 986 2968; x_wconf 67' lang='lat' dir='ltr'><strong><em>dispensatur</em></strong></span> <span class='ocrx_word' id='word_1_150' title='bbox 1009 2906 1103 2968; x_wconf 87' lang='lat' dir='ltr'><strong><em>snper</em></strong></span> <span class='ocrx_word' id='word_1_151' title='bbox 1125 2884 1336 2963; x_wconf 73' lang='lat' dir='ltr'><strong><em>inhabilitate,</em></strong></span> <span class='ocrx_word' id='word_1_152' title='bbox 1361 2905 1456 2966; x_wconf 79' lang='lat' dir='ltr'><strong><em>quam</em></strong></span> <span class='ocrx_word' id='word_1_153' title='bbox 1478 2905 1517 2950; x_wconf 83' lang='grc'><strong><em>99</em></strong></span> <span class='ocrx_word' id='word_1_154' title='bbox 1532 2887 1639 2951; x_wconf 85' lang='lat' dir='ltr'><strong><em>causis</em></strong></span> <span class='ocrx_word' id='word_1_155' title='bbox 1654 2886 1690 2951; x_wconf 92' lang='lat' dir='ltr'><strong><em>in</em></strong></span> <span class='ocrx_word' id='word_1_156' title='bbox 1703 2886 1935 2970; x_wconf 75' lang='lat' dir='ltr'><strong><em>supplicatione</em></strong></span> 
     </span>
     <span class='ocr_line' id='line_1_18' title="bbox 420 2989 1935 3074; baseline 0 -18"><span class='ocrx_word' id='word_1_157' title='bbox 420 2992 482 3056; x_wconf 90' lang='lat' dir='ltr'><strong><em>sub</em></strong></span> <span class='ocrx_word' id='word_1_158' title='bbox 505 3013 589 3056; x_wconf 86' lang='lat' dir='ltr'><strong><em>man.</em></strong></span> <span class='ocrx_word' id='word_1_159' title='bbox 612 2994 673 3056; x_wconf 85' lang='grc'><strong><em>951</em></strong></span> <span class='ocrx_word' id='word_1_160' title='bbox 699 2992 850 3072; x_wconf 74' lang='lat' dir='ltr'><strong><em>expositis</em></strong></span> <span class='ocrx_word' id='word_1_161' title='bbox 873 2995 1087 3068; x_wconf 74' lang='lat' dir='ltr'><strong><em>contraxerat,</em></strong></span> <span class='ocrx_word' id='word_1_162' title='bbox 1115 2994 1307 3072; x_wconf 80' lang='lat' dir='ltr'><strong><em>fructusque</em></strong></span> <span class='ocrx_word' id='word_1_163' title='bbox 1329 3011 1368 3055; x_wconf 82' lang='grc'><strong><em>99</em></strong></span> <span class='ocrx_word' id='word_1_164' title='bbox 1396 2989 1655 3072; x_wconf 79' lang='lat' dir='ltr'><strong><em>parrocbiaiibus</em></strong></span> <span class='ocrx_word' id='word_1_165' title='bbox 1677 2989 1817 3056; x_wconf 84' lang='lat' dir='ltr'><strong><em>ecdesiis</em></strong></span> <span class='ocrx_word' id='word_1_166' title='bbox 1839 2995 1935 3074; x_wconf 80' lang='lat' dir='ltr'><strong><em>atque</em></strong></span> 
     </span>
     <span class='ocr_line' id='line_1_19' title="bbox 421 3095 1941 3179; baseline 0.002 -22"><span class='ocrx_word' id='word_1_167' title='bbox 421 3096 613 3160; x_wconf 83' lang='lat' dir='ltr'><strong><em>canonicatu</em></strong></span> <span class='ocrx_word' id='word_1_168' title='bbox 636 3100 665 3159; x_wconf 84' lang='lat' dir='ltr'><strong><em>et</em></strong></span> <span class='ocrx_word' id='word_1_169' title='bbox 690 3095 885 3178; x_wconf 88' lang='lat' dir='ltr'><strong><em>praebenda,</em></strong></span> <span class='ocrx_word' id='word_1_170' title='bbox 909 3097 963 3177; x_wconf 77' lang='lat' dir='ltr'><strong><em>qui</em></strong></span> <span class='ocrx_word' id='word_1_171' title='bbox 985 3095 1100 3159; x_wconf 87' lang='lat' dir='ltr'><strong><em>ibidem</em></strong></span> <span class='ocrx_word' id='word_1_172' title='bbox 1125 3100 1415 3171; x_wconf 79' lang='lat' dir='ltr'><strong><em>commemorantur,</em></strong></span> <span class='ocrx_word' id='word_1_173' title='bbox 1440 3117 1502 3178; x_wconf 87' lang='lat' dir='ltr'><strong><em>per</em></strong></span> <span class='ocrx_word' id='word_1_174' title='bbox 1523 3115 1594 3158; x_wconf 89' lang='lat' dir='ltr'><strong><em>enm</em></strong></span> <span class='ocrx_word' id='word_1_175' title='bbox 1618 3097 1761 3179; x_wconf 83' lang='lat' dir='ltr'><strong><em>percepti</em></strong></span> <span class='ocrx_word' id='word_1_176' title='bbox 1783 3099 1811 3160; x_wconf 89' lang='lat' dir='ltr'><strong><em>ei</em></strong></span> <span class='ocrx_word' id='word_1_177' title='bbox 1834 3096 1941 3160; x_wconf 86' lang='lat' dir='ltr'><strong><em>remit-</em></strong></span> 
     </span>
     <span class='ocr_line' id='line_1_20' title="bbox 421 3198 1939 3284; baseline 0 -20"><span class='ocrx_word' id='word_1_178' title='bbox 421 3205 537 3264; x_wconf 85' lang='lat' dir='ltr'><strong><em>tuntur</em></strong></span> <span class='ocrx_word' id='word_1_179' title='bbox 559 3204 588 3261; x_wconf 83' lang='lat' dir='ltr'><strong><em>rt</em></strong></span> <span class='ocrx_word' id='word_1_180' title='bbox 610 3199 836 3278; x_wconf 69' lang='lat' dir='ltr'><strong><em>minorantur,</em></strong></span> <span class='ocrx_word' id='word_1_181' title='bbox 859 3198 922 3262; x_wconf 86' lang='lat' dir='ltr'><strong><em>boc</em></strong></span> <span class='ocrx_word' id='word_1_182' title='bbox 944 3203 1052 3263; x_wconf 87' lang='lat' dir='ltr'><strong><em>tomen</em></strong></span> <span class='ocrx_word' id='word_1_183' title='bbox 1075 3199 1258 3269; x_wconf 76' lang='lat' dir='ltr'><strong><em>cambitione.</em></strong></span> <span class='ocrx_word' id='word_1_184' title='bbox 1281 3204 1317 3262; x_wconf 89' lang='lat' dir='ltr'><strong><em>nt</em></strong></span> <span class='ocrx_word' id='word_1_185' title='bbox 1339 3201 1436 3264; x_wconf 85' lang='lat' dir='ltr'><strong><em>etiarn</em></strong></span> <span class='ocrx_word' id='word_1_186' title='bbox 1458 3199 1621 3264; x_wconf 86' lang='lat' dir='ltr'><strong><em>ecclesiam</em></strong></span> <span class='ocrx_word' id='word_1_187' title='bbox 1644 3199 1682 3264; x_wconf 86' lang='lat' dir='ltr'><strong><em>de</em></strong></span> <span class='ocrx_word' id='word_1_188' title='bbox 1701 3198 1939 3284; x_wconf 59' lang='lat' dir='ltr'><strong><em>couniunt)</em></strong></span> 
     </span>
    </p>
   </div>
   <div class='ocr_carea' id='block_1_12' title="bbox 422 3303 1939 3531">
    <p class='ocr_par' dir='ltr' id='par_1_12' title="bbox 422 3303 1939 3531">
     <span class='ocr_line' id='line_1_21' title="bbox 422 3303 1939 3385; baseline 0.003 -17"><span class='ocrx_word' id='word_1_189' title='bbox 422 3325 464 3368; x_wconf 84' lang='lat' dir='ltr'><strong><em>ac</em></strong></span> <span class='ocrx_word' id='word_1_190' title='bbox 487 3304 706 3367; x_wconf 83' lang='lat' dir='ltr'><strong><em>rananieatnm</em></strong></span> <span class='ocrx_word' id='word_1_191' title='bbox 730 3307 760 3366; x_wconf 87' lang='lat' dir='ltr'><strong><em>et</em></strong></span> <span class='ocrx_word' id='word_1_192' title='bbox 777 3303 993 3385; x_wconf 88' lang='lat' dir='ltr'><strong><em>praebendam</em></strong></span> <span class='ocrx_word' id='word_1_193' title='bbox 1013 3303 1159 3368; x_wconf 84' lang='lat' dir='ltr'><strong><em>ecciesiae</em></strong></span> <span class='ocrx_word' id='word_1_194' title='bbox 1179 3305 1440 3385; x_wconf 73' lang='lat' dir='ltr'><strong><em>Vpssepradensrs</em></strong></span> <span class='ocrx_word' id='word_1_195' title='bbox 1462 3324 1585 3369; x_wconf 77' lang='lat' dir='ltr'><strong><em>canuno</em></strong></span> <span class='ocrx_word' id='word_1_196' title='bbox 1606 3303 1764 3370; x_wconf 77' lang='lat' dir='ltr'><strong><em>dimittere</em></strong></span> <span class='ocrx_word' id='word_1_197' title='bbox 1785 3308 1939 3372; x_wconf 89' lang='lat' dir='ltr'><strong><em>teneatur.</em></strong></span> 
     </span>
     <span class='ocr_line' id='line_1_22' title="bbox 490 3407 1598 3531; baseline -0.005 -55"><span class='ocrx_word' id='word_1_198' title='bbox 490 3478 514 3531; x_wconf 64' lang='lat' dir='ltr'>x</span> <span class='ocrx_word' id='word_1_199' title='bbox 771 3409 823 3486; x_wconf 76' lang='lat' dir='ltr'><strong><em>,a</em></strong></span> <span class='ocrx_word' id='word_1_200' title='bbox 847 3407 1003 3471; x_wconf 77' lang='lat' dir='ltr'><strong><em>Auinr‘one</em></strong></span> <span class='ocrx_word' id='word_1_201' title='bbox 1038 3409 1138 3472; x_wconf 71' lang='lat' dir='ltr'><em>VIIII</em></span> <span class='ocrx_word' id='word_1_202' title='bbox 1155 3409 1219 3473; x_wconf 84' lang='lat' dir='ltr'><strong><em>boi.</em></strong></span> <span class='ocrx_word' id='word_1_203' title='bbox 1244 3409 1413 3473; x_wconf 85' lang='lat' dir='ltr'><strong><em>Februarii</em></strong></span> <span class='ocrx_word' id='word_1_204' title='bbox 1436 3430 1466 3472; x_wconf 90' lang='lat' dir='ltr'><strong><em>a.</em></strong></span> <span class='ocrx_word' id='word_1_205' title='bbox 1490 3413 1598 3474; x_wconf 64' lang='lat' dir='ltr'><strong><em>serto!</em></strong></span> 
     </span>
    </p>
   </div>
   <div class='ocr_carea' id='block_1_13' title="bbox 473 3530 1890 3606">
    <p class='ocr_par' dir='ltr' id='par_1_13' title="bbox 473 3530 1890 3606">
     <span class='ocr_line' id='line_1_23' title="bbox 473 3530 1890 3606; baseline 0.001 -6"><span class='ocrx_word' id='word_1_206' title='bbox 473 3546 531 3600; x_wconf 84' lang='lat' dir='ltr'><strong><em>.x.</em></strong></span> <span class='ocrx_word' id='word_1_207' title='bbox 1364 3530 1527 3606; x_wconf 83' lang='lat' dir='ltr'><strong><em>Acinione,</em></strong></span> <span class='ocrx_word' id='word_1_208' title='bbox 1552 3533 1637 3597; x_wconf 87' lang='grc'>1348</span> <span class='ocrx_word' id='word_1_209' title='bbox 1658 3533 1818 3600; x_wconf 83' lang='lat' dir='ltr'><strong><em>Januarii</em></strong></span> <span class='ocrx_word' id='word_1_210' title='bbox 1837 3535 1890 3601; x_wconf 84' lang='grc'>24.</span> 
     </span>
    </p>
   </div>
   <div class='ocr_carea' id='block_1_14' title="bbox 425 3668 1935 3825">
    <p class='ocr_par' dir='ltr' id='par_1_14' title="bbox 425 3668 1935 3825">
     <span class='ocr_line' id='line_1_24' title="bbox 529 3668 1935 3740; baseline 0.006 -22"><span class='ocrx_word' id='word_1_211' title='bbox 529 3670 538 3718; x_wconf 87' lang='grc'>1</span> <span class='ocrx_word' id='word_1_212' title='bbox 544 3668 678 3723; x_wconf 86' lang='lat' dir='ltr'><strong><em>&#39;lementis</em></strong></span> <span class='ocrx_word' id='word_1_213' title='bbox 697 3668 731 3720; x_wconf 90' lang='lat' dir='ltr'><strong><em>Vl</em></strong></span> <span class='ocrx_word' id='word_1_214' title='bbox 751 3670 783 3721; x_wconf 84' lang='lat' dir='ltr'><strong><em>A.</em></strong></span> <span class='ocrx_word' id='word_1_215' title='bbox 803 3668 869 3736; x_wconf 67' lang='lat' dir='ltr'><strong><em>vlit</em></strong></span> <span class='ocrx_word' id='word_1_216' title='bbox 889 3671 943 3739; x_wconf 81' lang='grc'>(93)</span> <span class='ocrx_word' id='word_1_217' title='bbox 962 3668 980 3724; x_wconf 86' lang='lat' dir='ltr'><strong><em>f.</em></strong></span> <span class='ocrx_word' id='word_1_218' title='bbox 1000 3675 1050 3723; x_wconf 82' lang='lat'><strong><em>300</em></strong></span> <span class='ocrx_word' id='word_1_219' title='bbox 1070 3686 1095 3722; x_wconf 88' lang='lat' dir='ltr'><strong><em>n.</em></strong></span> <span class='ocrx_word' id='word_1_220' title='bbox 1115 3675 1174 3737; x_wconf 86' lang='grc'>493,</span> <span class='ocrx_word' id='word_1_221' title='bbox 1194 3669 1363 3724; x_wconf 80' lang='lat' dir='ltr'><strong><em>diversorum</em></strong></span> <span class='ocrx_word' id='word_1_222' title='bbox 1382 3668 1531 3725; x_wconf 82' lang='lat' dir='ltr'><strong><em>formarum</em></strong></span> <span class='ocrx_word' id='word_1_223' title='bbox 1549 3688 1596 3740; x_wconf 88' lang='lat' dir='ltr'><strong><em>qu.</em></strong></span> <span class='ocrx_word' id='word_1_224' title='bbox 1614 3677 1677 3726; x_wconf 85' lang='lat'><strong><em>8:</em></strong></span> <span class='ocrx_word' id='word_1_225' title='bbox 1690 3671 1723 3727; x_wconf 85' lang='lat' dir='ltr'><strong><em>V.</em></strong></span> <span class='ocrx_word' id='word_1_226' title='bbox 1738 3677 1787 3726; x_wconf 84' lang='grc'>184</span> <span class='ocrx_word' id='word_1_227' title='bbox 1806 3671 1823 3725; x_wconf 87' lang='grc'><strong><em>1.</em></strong></span> <span class='ocrx_word' id='word_1_228' title='bbox 1840 3677 1888 3729; x_wconf 78' lang='grc'><strong><em>113</em></strong></span> <span class='ocrx_word' id='word_1_229' title='bbox 1908 3688 1935 3727; x_wconf 86' lang='lat' dir='ltr'><strong><em>n.</em></strong></span> 
     </span>
     <span class='ocr_line' id='line_1_25' title="bbox 425 3755 1267 3825; baseline -0.001 -14"><span class='ocrx_word' id='word_1_230' title='bbox 425 3763 478 3811; x_wconf 82' lang='grc'><strong><em>494</em></strong></span> <span class='ocrx_word' id='word_1_231' title='bbox 499 3757 626 3820; x_wconf 75' lang='grc'>(9191)-</span> <span class='ocrx_word' id='word_1_232' title='bbox 654 3761 677 3822; x_wconf 83' lang='lat'><strong><em>¹)</em></strong></span> <span class='ocrx_word' id='word_1_233' title='bbox 697 3755 882 3825; x_wconf 78' lang='lat' dir='ltr'><strong><em>,Chymenich‘</em></strong></span> <span class='ocrx_word' id='word_1_234' title='bbox 902 3759 934 3810; x_wconf 85' lang='grc' dir='ltr'><strong><em>Α.</em></strong></span> <span class='ocrx_word' id='word_1_235' title='bbox 962 3755 986 3820; x_wconf 78' lang='lat' dir='ltr'><strong><em>b)</em></strong></span> <span class='ocrx_word' id='word_1_236' title='bbox 1004 3755 1215 3825; x_wconf 80' lang='lat' dir='ltr'><strong><em>,Dudelinghen‘</em></strong></span> <span class='ocrx_word' id='word_1_237' title='bbox 1235 3759 1267 3809; x_wconf 86' lang='grc' dir='ltr'><strong><em>Α.</em></strong></span> 
     </span>
    </p>
   </div>
   <div class='ocr_carea' id='block_1_15' title="bbox 415 4038 1936 4561">
    <p class='ocr_par' dir='ltr' id='par_1_15' title="bbox 420 4038 1936 4121">
     <span class='ocr_line' id='line_1_26' title="bbox 420 4038 1936 4121; baseline 0.001 -14"><span class='ocrx_word' id='word_1_238' title='bbox 420 4040 516 4107; x_wconf 85' lang='grc'>964.</span> <span class='ocrx_word' id='word_1_239' title='bbox 541 4038 726 4121; x_wconf 78' lang='lat' dir='ltr'><strong><em>Praeposito</em></strong></span> <span class='ocrx_word' id='word_1_240' title='bbox 752 4038 949 4102; x_wconf 86' lang='lat' dir='ltr'><strong><em>Trecerensis</em></strong></span> <span class='ocrx_word' id='word_1_241' title='bbox 972 4042 1002 4102; x_wconf 88' lang='lat' dir='ltr'><strong><em>et</em></strong></span> <span class='ocrx_word' id='word_1_242' title='bbox 1024 4038 1140 4103; x_wconf 89' lang='lat' dir='ltr'><strong><em>decano</em></strong></span> <span class='ocrx_word' id='word_1_243' title='bbox 1158 4039 1264 4103; x_wconf 90' lang='lat' dir='ltr'><strong><em>sancti</em></strong></span> <span class='ocrx_word' id='word_1_244' title='bbox 1279 4038 1404 4103; x_wconf 80' lang='lat' dir='ltr'><strong><em>Hilarii</em></strong></span> <span class='ocrx_word' id='word_1_245' title='bbox 1419 4039 1619 4105; x_wconf 86' lang='lat' dir='ltr'><strong><em>Pictaocnsis</em></strong></span> <span class='ocrx_word' id='word_1_246' title='bbox 1634 4060 1674 4104; x_wconf 91' lang='lat' dir='ltr'><strong><em>ac</em></strong></span> <span class='ocrx_word' id='word_1_247' title='bbox 1690 4042 1813 4105; x_wconf 90' lang='lat' dir='ltr'><strong><em>cantori</em></strong></span> <span class='ocrx_word' id='word_1_248' title='bbox 1830 4041 1936 4108; x_wconf 86' lang='lat' dir='ltr'><strong><em>sancti</em></strong></span> 
     </span>
    </p>

    <p class='ocr_par' dir='ltr' id='par_1_16' title="bbox 421 4142 1932 4227">
     <span class='ocr_line' id='line_1_27' title="bbox 421 4142 1932 4227; baseline 0.002 -19"><span class='ocrx_word' id='word_1_249' title='bbox 421 4144 522 4208; x_wconf 81' lang='lat' dir='ltr'><strong><em>Pauli</em></strong></span> <span class='ocrx_word' id='word_1_250' title='bbox 544 4162 643 4226; x_wconf 87' lang='lat' dir='ltr'><strong><em>prope</em></strong></span> <span class='ocrx_word' id='word_1_251' title='bbox 665 4162 772 4207; x_wconf 86' lang='lat' dir='ltr'><strong><em>muros</em></strong></span> <span class='ocrx_word' id='word_1_252' title='bbox 798 4142 1001 4206; x_wconf 83' lang='lat' dir='ltr'><strong><em>Treaerenses</em></strong></span> <span class='ocrx_word' id='word_1_253' title='bbox 1024 4142 1226 4207; x_wconf 87' lang='lat' dir='ltr'><strong><em>ecclesiarum</em></strong></span> <span class='ocrx_word' id='word_1_254' title='bbox 1249 4143 1433 4222; x_wconf 88' lang='lat' dir='ltr'><strong><em>mandatur,</em></strong></span> <span class='ocrx_word' id='word_1_255' title='bbox 1457 4148 1611 4224; x_wconf 78' lang='lat' dir='ltr'><strong><em>quotenus</em></strong></span> <span class='ocrx_word' id='word_1_256' title='bbox 1630 4144 1763 4210; x_wconf 84' lang='lat' dir='ltr'><strong><em>Nicoiao</em></strong></span> <span class='ocrx_word' id='word_1_257' title='bbox 1779 4145 1817 4209; x_wconf 88' lang='lat' dir='ltr'><strong><em>de</em></strong></span> <span class='ocrx_word' id='word_1_258' title='bbox 1835 4146 1932 4227; x_wconf 78' lang='lat' dir='ltr'><strong><em>Gym-</em></strong></span> 
     </span>
    </p>

    <p class='ocr_par' dir='ltr' id='par_1_17' title="bbox 421 4245 1934 4337">
     <span class='ocr_line' id='line_1_28' title="bbox 421 4245 1934 4337; baseline 0.002 -25"><span class='ocrx_word' id='word_1_259' title='bbox 421 4247 534 4325; x_wconf 81' lang='lat' dir='ltr'><strong><em>uirb,⁸)</em></strong></span> <span class='ocrx_word' id='word_1_260' title='bbox 550 4246 731 4311; x_wconf 79' lang='lat' dir='ltr'><strong><em>consiliario</em></strong></span> <span class='ocrx_word' id='word_1_261' title='bbox 746 4245 861 4325; x_wconf 71' lang='lat' dir='ltr'><strong><em>Caroli,</em></strong></span> <span class='ocrx_word' id='word_1_262' title='bbox 876 4248 962 4326; x_wconf 81' lang='lat' dir='ltr'><strong><em>repis</em></strong></span> <span class='ocrx_word' id='word_1_263' title='bbox 977 4248 1200 4326; x_wconf 76' lang='lat' dir='ltr'><strong><em>Barcanorum,</em></strong></span> <span class='ocrx_word' id='word_1_264' title='bbox 1213 4246 1451 4330; x_wconf 76' lang='lat' dir='ltr'><strong><em>parrochialem</em></strong></span> <span class='ocrx_word' id='word_1_265' title='bbox 1466 4248 1629 4313; x_wconf 84' lang='lat' dir='ltr'><strong><em>ecclesiam</em></strong></span> <span class='ocrx_word' id='word_1_266' title='bbox 1645 4248 1682 4312; x_wconf 87' lang='lat' dir='ltr'><strong><em>dc</em></strong></span> <span class='ocrx_word' id='word_1_267' title='bbox 1694 4248 1934 4337; x_wconf 55' lang='lat' dir='ltr'><strong><em>Dudeiinpeni)</em></strong></span> 
     </span>
    </p>

    <p class='ocr_par' dir='ltr' id='par_1_18' title="bbox 415 4350 1935 4561">
     <span class='ocr_line' id='line_1_29' title="bbox 415 4350 1935 4437; baseline 0.003 -23"><span class='ocrx_word' id='word_1_268' title='bbox 415 4357 594 4437; x_wconf 80' lang='lat' dir='ltr'><strong><em>postquam</em></strong></span> <span class='ocrx_word' id='word_1_269' title='bbox 610 4371 681 4414; x_wconf 87' lang='lat' dir='ltr'><strong><em>eam</em></strong></span> <span class='ocrx_word' id='word_1_270' title='bbox 697 4350 864 4425; x_wconf 80' lang='lat' dir='ltr'><strong><em>dimiserit,</em></strong></span> <span class='ocrx_word' id='word_1_271' title='bbox 880 4353 1047 4430; x_wconf 88' lang='lat' dir='ltr'><strong><em>conferant</em></strong></span> <span class='ocrx_word' id='word_1_272' title='bbox 1062 4355 1092 4414; x_wconf 87' lang='lat' dir='ltr'><strong><em>et</em></strong></span> <span class='ocrx_word' id='word_1_273' title='bbox 1107 4350 1308 4432; x_wconf 77' lang='lat' dir='ltr'><strong><em>assipnent.¹)</em></strong></span> <span class='ocrx_word' id='word_1_274' title='bbox 1332 4353 1385 4430; x_wconf 89' lang='lat' dir='ltr'><strong><em>,D.</em></strong></span> <span class='ocrx_word' id='word_1_275' title='bbox 1399 4350 1556 4417; x_wconf 83' lang='lat' dir='ltr'><strong><em>Aninione</em></strong></span> <span class='ocrx_word' id='word_1_276' title='bbox 1572 4353 1676 4419; x_wconf 83' lang='lat' dir='ltr'><em>VIHI</em></span> <span class='ocrx_word' id='word_1_277' title='bbox 1684 4351 1749 4419; x_wconf 81' lang='lat' dir='ltr'><strong><em>bai.</em></strong></span> <span class='ocrx_word' id='word_1_278' title='bbox 1767 4353 1935 4419; x_wconf 78' lang='lat' dir='ltr'><strong><em>Februarii</em></strong></span> 
     </span>
     <span class='ocr_line' id='line_1_30' title="bbox 484 4456 1457 4561; baseline 0.003 -42"><span class='ocrx_word' id='word_1_279' title='bbox 484 4507 511 4561; x_wconf 68' lang='lat' dir='ltr'>x</span> <span class='ocrx_word' id='word_1_280' title='bbox 610 4489 615 4504; x_wconf 94' lang='lat'>·</span> <span class='ocrx_word' id='word_1_281' title='bbox 897 4477 929 4520; x_wconf 92' lang='lat' dir='ltr'><strong><em>a.</em></strong></span> <span class='ocrx_word' id='word_1_282' title='bbox 952 4459 1060 4522; x_wconf 75' lang='lat' dir='ltr'><strong><em>sceta‘</em></strong></span> <span class='ocrx_word' id='word_1_283' title='bbox 1106 4457 1221 4520; x_wconf 72' lang='lat' dir='ltr'><strong><em>Forum</em></strong></span> <span class='ocrx_word' id='word_1_284' title='bbox 1243 4460 1280 4519; x_wconf 88' lang='lat' dir='ltr'><strong><em>ut</em></strong></span> <span class='ocrx_word' id='word_1_285' title='bbox 1301 4456 1338 4520; x_wconf 83' lang='lat' dir='ltr'><strong><em>in</em></strong></span> <span class='ocrx_word' id='word_1_286' title='bbox 1358 4478 1389 4522; x_wconf 87' lang='lat' dir='ltr'><strong><em>n.</em></strong></span> <span class='ocrx_word' id='word_1_287' title='bbox 1407 4459 1457 4522; x_wconf 79' lang='grc'><strong><em>78.</em></strong></span> 
     </span>
    </p>
   </div>
   <div class='ocr_carea' id='block_1_16' title="bbox 468 4570 1889 4650">
    <p class='ocr_par' dir='ltr' id='par_1_19' title="bbox 468 4570 1889 4650">
     <span class='ocr_line' id='line_1_31' title="bbox 468 4570 1889 4650; baseline 0.006 -20"><span class='ocrx_word' id='word_1_288' title='bbox 468 4578 527 4630; x_wconf 80' lang='lat' dir='ltr'><strong><em>.x.</em></strong></span> <span class='ocrx_word' id='word_1_289' title='bbox 1361 4570 1525 4650; x_wconf 78' lang='lat' dir='ltr'><strong><em>Asinium,</em></strong></span> <span class='ocrx_word' id='word_1_290' title='bbox 1549 4574 1635 4637; x_wconf 88' lang='grc'>1348</span> <span class='ocrx_word' id='word_1_291' title='bbox 1657 4573 1815 4640; x_wconf 89' lang='lat' dir='ltr'><strong><em>Januorii</em></strong></span> <span class='ocrx_word' id='word_1_292' title='bbox 1835 4575 1889 4638; x_wconf 84' lang='lat'><strong><em>24.</em></strong></span> 
     </span>
    </p>
   </div>
   <div class='ocr_carea' id='block_1_17' title="bbox 419 4696 1932 4854">
    <p class='ocr_par' dir='ltr' id='par_1_20' title="bbox 419 4696 1932 4854">
     <span class='ocr_line' id='line_1_32' title="bbox 529 4696 1932 4768; baseline 0.001 -16"><span class='ocrx_word' id='word_1_293' title='bbox 529 4698 677 4753; x_wconf 72' lang='lat' dir='ltr'><strong><em>Clementis</em></strong></span> <span class='ocrx_word' id='word_1_294' title='bbox 697 4698 735 4752; x_wconf 90' lang='lat' dir='ltr'><strong><em>VI</em></strong></span> <span class='ocrx_word' id='word_1_295' title='bbox 754 4699 787 4752; x_wconf 79' lang='lat' dir='ltr'><strong><em>A.</em></strong></span> <span class='ocrx_word' id='word_1_296' title='bbox 805 4696 873 4766; x_wconf 70' lang='lat' dir='ltr'><strong><em>vlu</em></strong></span> <span class='ocrx_word' id='word_1_297' title='bbox 890 4702 944 4766; x_wconf 77' lang='grc'>(99)</span> <span class='ocrx_word' id='word_1_298' title='bbox 966 4697 984 4751; x_wconf 82' lang='lat' dir='ltr'><strong><em>f.</em></strong></span> <span class='ocrx_word' id='word_1_299' title='bbox 1003 4700 1064 4751; x_wconf 75' lang='lat'><strong><em>220&#39;</em></strong></span> <span class='ocrx_word' id='word_1_300' title='bbox 1083 4714 1108 4751; x_wconf 88' lang='lat' dir='ltr'><strong><em>n.</em></strong></span> <span class='ocrx_word' id='word_1_301' title='bbox 1128 4705 1187 4765; x_wconf 83' lang='lat'><strong><em>314,</em></strong></span> <span class='ocrx_word' id='word_1_302' title='bbox 1199 4698 1233 4754; x_wconf 84' lang='lat' dir='ltr'><strong><em>de</em></strong></span> <span class='ocrx_word' id='word_1_303' title='bbox 1251 4699 1393 4753; x_wconf 81' lang='lat' dir='ltr'><strong><em>beneficiis</em></strong></span> <span class='ocrx_word' id='word_1_304' title='bbox 1413 4699 1572 4754; x_wconf 77' lang='lat' dir='ltr'><strong><em>recentibus</em></strong></span> <span class='ocrx_word' id='word_1_305' title='bbox 1589 4715 1634 4768; x_wconf 87' lang='lat' dir='ltr'><strong><em>qu.</em></strong></span> <span class='ocrx_word' id='word_1_306' title='bbox 1654 4700 1757 4756; x_wconf 79' lang='lat' dir='ltr'><strong><em>9:¹i.</em></strong></span> <span class='ocrx_word' id='word_1_307' title='bbox 1772 4706 1821 4755; x_wconf 83' lang='grc'><strong><em>189</em></strong></span> <span class='ocrx_word' id='word_1_308' title='bbox 1840 4700 1857 4756; x_wconf 86' lang='grc'><strong><em>1.</em></strong></span> <span class='ocrx_word' id='word_1_309' title='bbox 1871 4703 1932 4756; x_wconf 65' lang='grc'>9911</span> 
     </span>
     <span class='ocr_line' id='line_1_33' title="bbox 419 4785 1852 4854; baseline -0.001 -12"><span class='ocrx_word' id='word_1_310' title='bbox 419 4805 448 4843; x_wconf 89' lang='lat' dir='ltr'><strong><em>n.</em></strong></span> <span class='ocrx_word' id='word_1_311' title='bbox 469 4793 530 4840; x_wconf 87' lang='grc'>314.</span> <span class='ocrx_word' id='word_1_312' title='bbox 551 4819 582 4827; x_wconf 82' lang='grc'><strong>-</strong></span> <span class='ocrx_word' id='word_1_313' title='bbox 610 4792 633 4849; x_wconf 60' lang='grc'><strong><em>9)</em></strong></span> <span class='ocrx_word' id='word_1_314' title='bbox 652 4785 839 4854; x_wconf 79' lang='lat' dir='ltr'><strong><em>,Ghynronich‘</em></strong></span> <span class='ocrx_word' id='word_1_315' title='bbox 858 4786 890 4837; x_wconf 85' lang='grc' dir='ltr'><strong><em>Α.</em></strong></span> <span class='ocrx_word' id='word_1_316' title='bbox 920 4788 942 4850; x_wconf 72' lang='lat' dir='ltr'><strong><em>b)</em></strong></span> <span class='ocrx_word' id='word_1_317' title='bbox 962 4785 1173 4854; x_wconf 81' lang='lat' dir='ltr'><strong><em>,Dudelinghen‘</em></strong></span> <span class='ocrx_word' id='word_1_318' title='bbox 1192 4789 1224 4840; x_wconf 84' lang='grc' dir='ltr'><strong><em>Α.</em></strong></span> <span class='ocrx_word' id='word_1_319' title='bbox 1246 4818 1278 4827; x_wconf 91' lang='grc'>-</span> <span class='ocrx_word' id='word_1_320' title='bbox 1300 4788 1319 4853; x_wconf 87' lang='lat'><strong><em>¹)</em></strong></span> <span class='ocrx_word' id='word_1_321' title='bbox 1338 4786 1387 4840; x_wconf 85' lang='lat' dir='ltr'><strong><em>cfr.</em></strong></span> <span class='ocrx_word' id='word_1_322' title='bbox 1407 4801 1480 4840; x_wconf 87' lang='lat' dir='ltr'><strong><em>num.</em></strong></span> <span class='ocrx_word' id='word_1_323' title='bbox 1499 4790 1567 4841; x_wconf 75' lang='grc'>3691</span> <span class='ocrx_word' id='word_1_324' title='bbox 1849 4801 1852 4808; x_wconf 84' lang='grc'><strong>’</strong></span> 
     </span>
    </p>
   </div>
   <div class='ocr_carea' id='block_1_18' title="bbox 413 5064 1933 5587">
    <p class='ocr_par' dir='ltr' id='par_1_21' title="bbox 417 5064 1932 5150">
     <span class='ocr_line' id='line_1_34' title="bbox 417 5064 1932 5150; baseline 0 -17"><span class='ocrx_word' id='word_1_325' title='bbox 417 5069 516 5136; x_wconf 79' lang='grc'>966.</span> <span class='ocrx_word' id='word_1_326' title='bbox 538 5066 713 5146; x_wconf 77' lang='lat' dir='ltr'><strong><em>Propanis</em></strong></span> <span class='ocrx_word' id='word_1_327' title='bbox 735 5068 766 5129; x_wconf 89' lang='lat' dir='ltr'><strong><em>et</em></strong></span> <span class='ocrx_word' id='word_1_328' title='bbox 787 5065 986 5129; x_wconf 86' lang='lat' dir='ltr'><strong><em>Trevercnsis</em></strong></span> <span class='ocrx_word' id='word_1_329' title='bbox 1003 5065 1200 5150; x_wconf 87' lang='lat' dir='ltr'><strong><em>praepositis</em></strong></span> <span class='ocrx_word' id='word_1_330' title='bbox 1217 5086 1256 5129; x_wconf 87' lang='lat' dir='ltr'><strong><em>oc</em></strong></span> <span class='ocrx_word' id='word_1_331' title='bbox 1271 5066 1387 5130; x_wconf 84' lang='lat' dir='ltr'><strong><em>decano</em></strong></span> <span class='ocrx_word' id='word_1_332' title='bbox 1403 5067 1508 5131; x_wconf 88' lang='lat' dir='ltr'><strong><em>sancti</em></strong></span> <span class='ocrx_word' id='word_1_333' title='bbox 1522 5066 1701 5132; x_wconf 83' lang='lat' dir='ltr'><strong><em>Sabratoris</em></strong></span> <span class='ocrx_word' id='word_1_334' title='bbox 1721 5064 1932 5133; x_wconf 85' lang='lat' dir='ltr'><strong><em>Traiectensis</em></strong></span> 
     </span>
    </p>

    <p class='ocr_par' dir='ltr' id='par_1_22' title="bbox 414 5169 1931 5254">
     <span class='ocr_line' id='line_1_35' title="bbox 414 5169 1931 5254; baseline 0.001 -20"><span class='ocrx_word' id='word_1_335' title='bbox 414 5170 625 5236; x_wconf 80' lang='lat' dir='ltr'><strong><em>eeclesiarum</em></strong></span> <span class='ocrx_word' id='word_1_336' title='bbox 647 5169 833 5247; x_wconf 87' lang='lat' dir='ltr'><strong><em>mandatur,</em></strong></span> <span class='ocrx_word' id='word_1_337' title='bbox 857 5173 1009 5250; x_wconf 83' lang='lat' dir='ltr'><strong><em>qnatenus</em></strong></span> <span class='ocrx_word' id='word_1_338' title='bbox 1033 5169 1167 5233; x_wconf 87' lang='lat' dir='ltr'><strong><em>Nicoiao</em></strong></span> <span class='ocrx_word' id='word_1_339' title='bbox 1197 5170 1235 5233; x_wconf 86' lang='lat' dir='ltr'><strong><em>de</em></strong></span> <span class='ocrx_word' id='word_1_340' title='bbox 1267 5171 1468 5254; x_wconf 51' lang='lat' dir='ltr'><strong><em>&amp;priunum</em></strong></span> <span class='ocrx_word' id='word_1_341' title='bbox 1500 5170 1682 5236; x_wconf 88' lang='lat' dir='ltr'><strong><em>consiiiaria</em></strong></span> <span class='ocrx_word' id='word_1_342' title='bbox 1704 5169 1824 5248; x_wconf 84' lang='lat' dir='ltr'><strong><em>Curoii,</em></strong></span> <span class='ocrx_word' id='word_1_343' title='bbox 1847 5172 1931 5253; x_wconf 78' lang='lat' dir='ltr'><strong><em>repis</em></strong></span> 
     </span>
    </p>

    <p class='ocr_par' dir='ltr' id='par_1_23' title="bbox 418 5273 1933 5357">
     <span class='ocr_line' id='line_1_36' title="bbox 418 5273 1933 5357; baseline 0.001 -17"><span class='ocrx_word' id='word_1_344' title='bbox 418 5279 647 5353; x_wconf 79' lang='lat' dir='ltr'><strong><em>Romanarum,</em></strong></span> <span class='ocrx_word' id='word_1_345' title='bbox 670 5275 892 5338; x_wconf 85' lang='lat' dir='ltr'><strong><em>canonicatum</em></strong></span> <span class='ocrx_word' id='word_1_346' title='bbox 916 5278 945 5336; x_wconf 89' lang='lat' dir='ltr'><strong><em>et</em></strong></span> <span class='ocrx_word' id='word_1_347' title='bbox 963 5273 1181 5357; x_wconf 85' lang='lat' dir='ltr'><strong><em>praebendam</em></strong></span> <span class='ocrx_word' id='word_1_348' title='bbox 1203 5273 1351 5338; x_wconf 79' lang='lat' dir='ltr'><strong><em>ecclesiae</em></strong></span> <span class='ocrx_word' id='word_1_349' title='bbox 1375 5275 1647 5356; x_wconf 78' lang='lat' dir='ltr'><strong><em>i&#39;pssepradcnsis,</em></strong></span> <span class='ocrx_word' id='word_1_350' title='bbox 1672 5278 1843 5357; x_wconf 79' lang='lat' dir='ltr'><strong><em>Prapensis</em></strong></span> <span class='ocrx_word' id='word_1_351' title='bbox 1866 5277 1933 5341; x_wconf 88' lang='lat' dir='ltr'><strong><em>dio-</em></strong></span> 
     </span>
    </p>

    <p class='ocr_par' dir='ltr' id='par_1_24' title="bbox 413 5377 1930 5587">
     <span class='ocr_line' id='line_1_37' title="bbox 413 5377 1930 5461; baseline 0.003 -17"><span class='ocrx_word' id='word_1_352' title='bbox 413 5379 509 5453; x_wconf 86' lang='lat' dir='ltr'><strong><em>cesis,</em></strong></span> <span class='ocrx_word' id='word_1_353' title='bbox 529 5382 700 5461; x_wconf 73' lang='lat' dir='ltr'><strong><em>postquam</em></strong></span> <span class='ocrx_word' id='word_1_354' title='bbox 723 5379 811 5461; x_wconf 86' lang='lat' dir='ltr'><strong><em>ipsas</em></strong></span> <span class='ocrx_word' id='word_1_355' title='bbox 833 5377 1000 5453; x_wconf 81' lang='lat' dir='ltr'><strong><em>dimiserit,</em></strong></span> <span class='ocrx_word' id='word_1_356' title='bbox 1024 5380 1191 5456; x_wconf 87' lang='lat' dir='ltr'><strong><em>conferant</em></strong></span> <span class='ocrx_word' id='word_1_357' title='bbox 1217 5381 1247 5440; x_wconf 89' lang='lat' dir='ltr'><strong><em>et</em></strong></span> <span class='ocrx_word' id='word_1_358' title='bbox 1278 5380 1450 5460; x_wconf 79' lang='lat' dir='ltr'><strong><em>assipncnt.</em></strong></span> <span class='ocrx_word' id='word_1_359' title='bbox 1490 5382 1542 5453; x_wconf 90' lang='lat' dir='ltr'><strong><em>,D.</em></strong></span> <span class='ocrx_word' id='word_1_360' title='bbox 1566 5378 1725 5446; x_wconf 86' lang='lat' dir='ltr'><strong><em>Aninione</em></strong></span> <span class='ocrx_word' id='word_1_361' title='bbox 1745 5382 1849 5446; x_wconf 78' lang='lat' dir='ltr'><strong><em>l&#39;IIII</em></strong></span> <span class='ocrx_word' id='word_1_362' title='bbox 1865 5380 1930 5449; x_wconf 81' lang='lat' dir='ltr'><strong><em>cat.</em></strong></span> 
     </span>
     <span class='ocr_line' id='line_1_38' title="bbox 481 5482 1558 5587; baseline 0.002 -40"><span class='ocrx_word' id='word_1_363' title='bbox 481 5533 507 5587; x_wconf 70' lang='grc' dir='ltr'>Χ</span> <span class='ocrx_word' id='word_1_364' title='bbox 796 5482 964 5548; x_wconf 84' lang='lat' dir='ltr'><strong><em>Februarii</em></strong></span> <span class='ocrx_word' id='word_1_365' title='bbox 987 5503 1017 5547; x_wconf 92' lang='lat' dir='ltr'><strong><em>a.</em></strong></span> <span class='ocrx_word' id='word_1_366' title='bbox 1040 5486 1150 5547; x_wconf 66' lang='lat' dir='ltr'><strong><em>sexto!</em></strong></span> <span class='ocrx_word' id='word_1_367' title='bbox 1196 5482 1315 5546; x_wconf 84' lang='lat' dir='ltr'><strong><em>Forma</em></strong></span> <span class='ocrx_word' id='word_1_368' title='bbox 1337 5488 1372 5547; x_wconf 90' lang='lat' dir='ltr'><strong><em>ut</em></strong></span> <span class='ocrx_word' id='word_1_369' title='bbox 1394 5484 1430 5548; x_wconf 83' lang='lat' dir='ltr'><strong><em>iu</em></strong></span> <span class='ocrx_word' id='word_1_370' title='bbox 1451 5506 1482 5548; x_wconf 92' lang='lat' dir='ltr'><strong><em>n.</em></strong></span> <span class='ocrx_word' id='word_1_371' title='bbox 1507 5487 1558 5550; x_wconf 81' lang='lat'><strong><em>79.</em></strong></span> 
     </span>
    </p>
   </div>
   <div class='ocr_carea' id='block_1_19' title="bbox 460 5597 1885 5674">
    <p class='ocr_par' dir='ltr' id='par_1_25' title="bbox 460 5597 1885 5674">
     <span class='ocr_line' id='line_1_39' title="bbox 460 5597 1885 5674; baseline 0.005 -14"><span class='ocrx_word' id='word_1_372' title='bbox 460 5604 523 5660; x_wconf 79' lang='lat' dir='ltr'><strong><em>.X.</em></strong></span> <span class='ocrx_word' id='word_1_373' title='bbox 1357 5597 1520 5674; x_wconf 83' lang='lat' dir='ltr'><strong><em>Aainione,</em></strong></span> <span class='ocrx_word' id='word_1_374' title='bbox 1546 5600 1631 5664; x_wconf 83' lang='grc'>1348</span> <span class='ocrx_word' id='word_1_375' title='bbox 1652 5599 1811 5667; x_wconf 69' lang='lat' dir='ltr'><strong><em>ianuarii</em></strong></span> <span class='ocrx_word' id='word_1_376' title='bbox 1832 5602 1885 5667; x_wconf 80' lang='lat'><strong><em>24.</em></strong></span> 
     </span>
    </p>
   </div>
   <div class='ocr_carea' id='block_1_20' title="bbox 409 5725 1927 5855">
    <p class='ocr_par' dir='ltr' id='par_1_26' title="bbox 409 5725 1927 5855">
     <span class='ocr_line' id='line_1_40' title="bbox 524 5725 1927 5797; baseline 0.004 -19"><span class='ocrx_word' id='word_1_377' title='bbox 524 5725 675 5779; x_wconf 76' lang='lat' dir='ltr'><strong><em>Clementis</em></strong></span> <span class='ocrx_word' id='word_1_378' title='bbox 703 5725 739 5777; x_wconf 85' lang='lat' dir='ltr'><strong><em>vl</em></strong></span> <span class='ocrx_word' id='word_1_379' title='bbox 767 5728 799 5779; x_wconf 76' lang='lat' dir='ltr'><strong><em>A.</em></strong></span> <span class='ocrx_word' id='word_1_380' title='bbox 828 5725 892 5790; x_wconf 76' lang='grc'>1’1,’1</span> <span class='ocrx_word' id='word_1_381' title='bbox 921 5729 976 5794; x_wconf 83' lang='grc'>(99)</span> <span class='ocrx_word' id='word_1_382' title='bbox 1001 5726 1019 5779; x_wconf 84' lang='grc'><strong><em>1.</em></strong></span> <span class='ocrx_word' id='word_1_383' title='bbox 1047 5731 1095 5780; x_wconf 86' lang='grc'><strong><em>149</em></strong></span> <span class='ocrx_word' id='word_1_384' title='bbox 1119 5742 1146 5782; x_wconf 89' lang='lat' dir='ltr'><strong><em>n.</em></strong></span> <span class='ocrx_word' id='word_1_385' title='bbox 1174 5731 1231 5793; x_wconf 81' lang='grc'>139,</span> <span class='ocrx_word' id='word_1_386' title='bbox 1260 5726 1294 5779; x_wconf 85' lang='lat' dir='ltr'><strong><em>de</em></strong></span> <span class='ocrx_word' id='word_1_387' title='bbox 1319 5728 1485 5794; x_wconf 79' lang='lat' dir='ltr'><strong><em>praebendis</em></strong></span> <span class='ocrx_word' id='word_1_388' title='bbox 1510 5727 1671 5781; x_wconf 76' lang='lat' dir='ltr'><strong><em>vacantibus</em></strong></span> <span class='ocrx_word' id='word_1_389' title='bbox 1690 5745 1734 5797; x_wconf 90' lang='lat' dir='ltr'><strong><em>qu.</em></strong></span> <span class='ocrx_word' id='word_1_390' title='bbox 1755 5728 1859 5782; x_wconf 70' lang='lat' dir='ltr'><strong><em>ozi.</em></strong></span> <span class='ocrx_word' id='word_1_391' title='bbox 1880 5734 1927 5784; x_wconf 76' lang='lat'><strong><em>181</em></strong></span> 
     </span>
     <span class='ocr_line' id='line_1_41' title="bbox 409 5812 1083 5855; baseline 0 0"><span class='ocrx_word' id='word_1_392' title='bbox 409 5816 422 5855; x_wconf 84' lang='grc'>4</span> <span class='ocrx_word' id='word_1_393' title='bbox 453 5815 518 5855; x_wconf 69' lang='lat'><strong><em>950&#39;</em></strong></span> <span class='ocrx_word' id='word_1_394' title='bbox 538 5828 554 5855; x_wconf 88' lang='lat' dir='ltr'><strong><em>n</em></strong></span> <span class='ocrx_word' id='word_1_395' title='bbox 586 5818 636 5855; x_wconf 75' lang='grc'>1119</span> <span class='ocrx_word' id='word_1_396' title='bbox 655 5814 730 5855; x_wconf 69' lang='lat' dir='ltr'><strong><em>(ninii</em></strong></span> <span class='ocrx_word' id='word_1_397' title='bbox 750 5843 783 5853; x_wconf 92' lang='grc'><strong><em>.-</em></strong></span> <span class='ocrx_word' id='word_1_398' title='bbox 811 5820 834 5855; x_wconf 76' lang='grc' dir='ltr'><strong><em>ι)</em></strong></span> <span class='ocrx_word' id='word_1_399' title='bbox 857 5812 1044 5855; x_wconf 56' lang='grc' dir='ltr'><strong><em>Δ(9999991919</em></strong></span> <span class='ocrx_word' id='word_1_400' title='bbox 1067 5815 1083 5855; x_wconf 76' lang='grc' dir='ltr'><strong>Α</strong></span> 
     </span>
    </p>
   </div>
   <div class='ocr_carea' id='block_1_21' title="bbox 0 0 2596 7050">
    <p class='ocr_par' dir='ltr' id='par_1_27' title="bbox 0 0 2596 7050">
     <span class='ocr_line' id='line_1_42' title="bbox 0 0 2596 7050; baseline 0 5"><span class='ocrx_word' id='word_1_401' title='bbox 0 0 2596 7050; x_wconf 95' lang='lat' dir='ltr'><strong><em> </em></strong></span> 
     </span>
    </p>
   </div>
  </div>
 </body>
</html>
