5184 7050
549 875 613 939 210

544 1085 654 1163 pastor
677 1082 837 1162 nequibat,
863 1088 898 1146 ut
913 1082 1050 1147 otiicium
1073 1084 1232 1164 pastorale
1252 1084 1353 1161 decet,
1378 1084 1536 1165 inspicere
1552 1087 1585 1147 et
1600 1082 1680 1147 alias
1702 1087 1810 1163 partes
1825 1082 1900 1147 boni
1916 1082 2058 1165 pastoris

545 1185 688 1268 implere,
712 1186 859 1266 quodque
882 1186 995 1249 durum
1019 1192 1088 1250 erat
1111 1194 1207 1268 atque
1231 1188 1361 1253 ditlicile.
1380 1188 1412 1251 in
1428 1187 1571 1271 qualibet
1585 1191 1650 1249 tam
1669 1185 1805 1249 latarum
1821 1190 1855 1249 et
1869 1185 2056 1250 diffusarum

545 1290 717 1354 diocesium
749 1291 788 1354 ad
814 1309 909 1353 unrmi
942 1296 1064 1355 tautum
1095 1296 1254 1371 pastorem
1278 1310 1297 1355 a
1319 1295 1367 1355 tot
1393 1291 1538 1373 personis
1569 1290 1795 1354 ecclesiasticis
1825 1294 1858 1352 et
1888 1290 2057 1353 mundanis

546 1414 710 1459 recursum
734 1394 855 1457 haberi.
880 1395 985 1472 Quare.
1001 1413 1058 1475 pro
1078 1400 1170 1475 parte
1185 1395 1326 1476 ipsorum
1341 1397 1427 1476 regis
1443 1400 1476 1460 ot
1491 1393 1691 1476 primogeniti
1712 1392 1774 1457 tuit
1787 1393 1878 1457 uobis
1893 1392 2058 1457 humiliter

546 1500 770 1580 supplicatum,
795 1504 830 1562 ut
852 1499 954 1563 dictas
976 1499 1167 1578 Prageusem
1192 1504 1224 1561 et
1248 1498 1491 1563 Oloruuccnsem
1515 1498 1669 1562 ccclesias
1691 1497 1731 1561 ab
1754 1495 1837 1561 omni
1861 1496 2001 1562 dominio
2024 1502 2058 1561 et

545 1607 705 1684 potestate
721 1602 876 1665 dictorum
892 1602 1125 1682 archiepiscopi
1142 1606 1175 1665 ct
1191 1602 1326 1665 ecclesie
1350 1603 1535 1684 hlaguutine
1552 1602 1691 1665 eximere
1707 1601 1871 1683 ipsamque
1887 1601 2055 1666 ecclesiam

545 1708 735 1787 ngensom
752 1706 783 1768 in
798 1705 1072 1786 metropolitanam
1095 1711 1128 1768 et
1151 1705 1274 1785 aliquas
1298 1704 1450 1769 eeclesias
1467 1707 1499 1769 in
1516 1705 1637 1769 eisdem
1658 1705 1838 1770 diocesibus
1861 1705 1908 1769 sic
1931 1704 2055 1771 diffusis

545 1812 576 1874 in
600 1809 798 1874 cathedrales
821 1810 943 1889 erigere
975 1808 1108 1889 illasque
1131 1828 1169 1872 ac
1191 1809 1368 1890 praelatam
1399 1808 1642 1873 Olomucensem
1677 1809 1844 1874 ecclesiam
1868 1810 1953 1875 dicte
1977 1811 2054 1876 Pra-

545 1915 634 1996 gensi
658 1913 793 1978 ecclesie
815 1911 1046 1994 metropolitico
1071 1913 1138 1976 ium
1163 1913 1308 1977 subicere
1331 1914 1522 1977 auctoritate
1546 1913 1720 1995 apostolica
1743 1913 1954 1996 dignaremur.
1990 1914 2055 1979 Nos

546 2019 644 2100 igitur
673 2017 854 2082 huiusmodi
890 2016 1179 2099 supplicacionibus
1210 2016 1337 2095 auditis,
1373 2017 1516 2081 volentes
1548 2018 1578 2081 in
1610 2018 1772 2099 premissis
1803 2018 1992 2099 gravitatem
2024 2025 2056 2083 et

548 2122 734 2187 modestiam
758 2122 897 2186 debitam
920 2121 1089 2184 observare
1112 2139 1149 2184 ac
1173 2121 1211 2184 de
1229 2122 1333 2184 causis
1355 2121 1534 2185 huiusmodi
1559 2123 1649 2186 nobis
1672 2122 1826 2204 expositis
1850 2122 2056 2186 certitudine·

546 2226 622 2289 liter
645 2225 816 2302 informari,
840 2245 868 2288 r.
893 2225 913 2288 f.
940 2223 1126 2301 Bertrando,
1158 2226 1306 2305 episcopo
1331 2225 1481 2302 Ostiensi,
1510 2230 1543 2287 et
1566 2225 1617 2289 dd.
1640 2224 1671 2289 ff.
1695 2244 1746 2290 nn.
1772 2224 1945 2302 Bemardo‚
1968 2225 2054 2289 tituli

548 2331 648 2394 sancti
674 2329 789 2394 (liniaci
813 2332 844 2393 in
868 2330 990 2393 Tenuis
1020 2328 1217 2408 presbytero,
1247 2347 1285 2391 ao
1309 2328 1504 2409 Raymundo,
1539 2333 1647 2393 sancte
1678 2329 1780 2394 Marie
1810 2329 1899 2394 Nove
1922 2328 2055 2394 diacono

548 2435 770 2510 cardinalibus,
802 2433 1013 2496 commisimus
1043 2431 1170 2496 oraculo
1202 2432 1273 2495 vive
1307 2432 1402 2509 vocis,
1434 2437 1470 2507 ut
1499 2433 1539 2497 de
1562 2434 1725 2514 premissis
1756 2433 1860 2496 causis
1890 2438 1924 2497 et
1946 2451 2055 2498 earum

547 2538 796 2602 circumstanciis
827 2538 858 2600 in
882 2535 1001 2599 talibus
1032 2536 1235 2599 attendendis
1266 2555 1301 2598 se
1332 2535 1520 2615 diligencius
1553 2537 1760 2601 iufomrarent
1789 2543 1832 2614 et,
1867 2555 2054 2618 quecunque

548 2642 728 2723 superbiis
751 2640 939 2716 invenirent,
974 2640 1065 2703 nobis
1096 2638 1235 2703 fideliter
1264 2639 1387 2703 referre
1418 2645 1575 2704 curarent.
1621 2641 1665 2705 Et
1686 2640 1761 2721 quia
1782 2659 1841 2722 per
1863 2640 2053 2705 relacionem

547 2746 687 2828 episcopi
704 2745 864 2808 Ostiensis
880 2749 912 2806 et
927 2743 1134 2808 cardinalium
1150 2742 1373 2825 predictarum,
1398 2744 1480 2827 [qui]
1495 2743 1522 2821 l)
1544 2744 1633 2808 iuxta
1648 2744 1899 2809 commissionem
1914 2750 2053 2809 nostram

548 2849 728 2913 huiusmodi
752 2848 800 2911 eis
823 2847 939 2911 factam
970 2848 1224 2911 informacionem
1256 2864 1354 2928 super
1383 2847 1536 2929 predictis
1567 2851 1765 2929 receperunt,
1796 2847 1934 2911 fideliter
1963 2848 2054 2912 nohis

547 2952 663 3017 tactam
694 2953 904 3034 comperimus
935 2968 1048 3015 sarisas
1077 2950 1256 3013 huiusmodi
1288 2970 1360 3015 esse
1383 2971 1476 3016 veras
1499 2956 1532 3016 et
1555 2951 1784 3033 quodammodo
1813 2952 1999 3018 manifestas
2022 2958 2055 3017 ct

545 3058 705 3139 postulata
726 3056 905 3120 huiusmodi
929 3055 998 3118 tieri
1022 3073 1083 3117 non
1107 3054 1208 3117 solum
1233 3056 1311 3118 utile
1334 3056 1412 3133 fore,
1436 3056 1493 3119 sed
1518 3075 1638 3120 summe
1661 3056 1875 3120 necessarium
1898 3075 1935 3121 ac
1952 3057 2052 3122 eciam

544 3165 741 3241 oportunum,
769 3165 803 3223 et
825 3163 994 3241 propteroa
1022 3155 1143 3222 cultum
1172 3176 1289 3237 augere
1320 3158 1460 3223 divinum
1484 3178 1521 3224 ac
1544 3159 1743 3242 spiritualem
1773 3161 1948 3225 animarum
1979 3179 2050 3242 pro-

544 3263 671 3340 iectum,
704 3283 797 3346 quem
821 3283 859 3328 en
882 3262 944 3326 hiis
967 3260 1097 3325 indubio
1128 3261 1294 3341 provenire
1325 3280 1498 3343 speramus,
1530 3282 1716 3345 promovere
1745 3263 1918 3329 salubriter
1947 3266 2050 3329 inten-

546 3369 668 3445 dentes,
691 3368 925 3432 deliberacione
941 3385 1038 3446 super
1054 3366 1115 3428 hiis
1130 3384 1201 3428 cum
1217 3365 1370 3429 fratribus
1393 3370 1509 3431 nostris
1526 3368 1694 3449 prehabito
1709 3368 1863 3449 diligenti,
1887 3369 2050 3451 premissis

548 3477 581 3536 et
596 3473 755 3538 nonnullis
778 3472 850 3536 aliis
866 3468 1112 3536 racionabilibus
1133 3469 1238 3533 causis
1254 3471 1462 3536 scindentibus
1478 3473 1655 3551 ecclesiam,
1679 3473 1840 3539 civitatem
1856 3477 1889 3538 et
1903 3472 2053 3538 diocesim

548 3579 738 3654 Pragensem
762 3576 923 3658 predictas
946 3575 986 3638 de
1010 3576 1148 3655 ipsorum
1171 3575 1305 3638 fratrum
1332 3575 1462 3639 consilio
1486 3583 1519 3640 et
1542 3577 1715 3658 apostolice
1744 3577 1944 3660 plenitudine
1965 3582 2055 3659 pote·

546 3683 639 3744 statis
669 3680 859 3745 auctoritate
889 3678 1063 3760 apostolica
1093 3683 1127 3741 et
1157 3698 1195 3740 er
1220 3683 1308 3741 certa
1339 3684 1446 3743 nostra
1477 3680 1614 3743 sciencia
1645 3681 1683 3743 ab
1707 3681 1790 3745 omni
1821 3680 2054 3760 iurisdictione,

549 3789 708 3866 potestate
732 3804 768 3848 ac
792 3785 992 3848 subieccionc
1022 3784 1262 3864 archiepiscopi,
1298 3785 1351 3864 qui
1382 3789 1432 3847 ost
1462 3803 1518 3865 pro
1548 3788 1700 3865 ternpore,
1736 3788 1769 3848 et
1791 3784 1843 3848 dd.
1867 3785 1897 3850 ff.
1922 3785 2053 3868 capituli

546 3889 682 3952 ecclesie
706 3889 891 3969 hlaguntine
915 3906 1038 3951 exnunc
1068 3888 1243 3951 erirneutes
1269 3889 1398 3968 poenitus
1421 3893 1454 3951 et
1476 3887 1618 3952 totaliter
1648 3888 1819 3952 liberantes
1841 3908 1879 3953 ac
1902 3908 1971 3953 eam
1995 3890 2052 3954 soli

546 3994 683 4057 Romane
707 3993 841 4056 ecclesie
858 3993 898 4057 de
915 3997 1022 4056 cetero
1046 3992 1211 4055 subiacere
1235 3993 1417 4056 iuuuediate
1442 3999 1596 4073 perpetuo
1621 3992 1829 4057 decernentes
1853 3994 1954 4075 ipsam
1978 3995 2052 4059 Pra-

546 4116 675 4177 geusem
700 4097 870 4161 ecclesiam
893 4097 931 4160 ad
950 4097 1000 4159 dei
1017 4096 1142 4159 laudem
1159 4103 1191 4160 et
1207 4096 1349 4176 gloriam,
1374 4098 1602 4162 exaltaciouem
1625 4097 1779 4162 catholice
1801 4098 1886 4176 hdei,
1910 4099 2053 4163 eiusdem

545 4200 648 4264 cultus
671 4207 874 4278 aiigmeutum
897 4207 930 4263 et
952 4201 1125 4264 animarum
1153 4201 1330 4281 profectum
1354 4203 1384 4265 in
1409 4202 1683 4283 metropolitanam
1714 4204 1864 4284 erigimus
1887 4203 2052 4284 ipsamque

545 4305 716 4370 honoribus
740 4311 772 4368 et.
793 4306 937 4386 insigniis
960 4305 1045 4368 sedis
1069 4305 1300 4386 metropolitico
1324 4305 1519 4383 decoramus,
1543 4306 1733 4370 auctoritate
1756 4305 1900 4388 predicta
1921 4306 2053 4370 nichilo·

545 4411 647 4473 minus
679 4415 867 4487 statuentes,
899 4409 982 4491 quod
1014 4410 1083 4490 ipsa
1108 4410 1275 4485 l‘rageusis
1306 4410 1442 4473 ccclesia
1469 4429 1525 4490 pro
1548 4410 1792 4492 metropolitana
1821 4411 2054 4492 imperpetuum

547 4514 701 4577 habeatur
723 4519 755 4577 ct
778 4516 848 4578 eius
871 4514 978 4596 presul
1002 4513 1259 4594 archiepiscopus
1283 4515 1383 4577 eciam
1408 4520 1584 4578 censeatur.
1617 4517 1756 4596 thuia
1779 4515 1908 4595 dignum
1931 4519 1991 4592 cst,
2015 4535 2052 4579 en

546 4638 607 4699 ‹quo
630 4619 713 4682 dicta
738 4620 873 4683 eudesia
899 4619 1077 4699 Progensis,
1101 4618 1175 4682 olim
1199 4618 1273 4696 tilia,
1297 4638 1380 4683 nunc
1402 4624 1504 4683 mater
1520 4619 1642 4696 effecta,
1660 4619 1890 4701 metropolitico
1904 4622 1931 4701 ο)
1954 4619 2055 4702 digni-

542 4724 619 4785 tatis
643 4728 792 4803 susceptc
807 4724 835 4803 f)
861 4724 995 4805 iusignia
1020 4721 1235 4803 suffraganeos
1251 4728 1283 4786 et
1299 4725 1495 4804 provinciam
1518 4723 1682 4787 decentem
1706 4724 1833 4799 habeat,
1858 4728 1894 4787 ut
1915 4723 1957 4787 ad
1973 4724 2054 4788 iudi·

544 4827 627 4889 cium
651 4826 882 4909 archiepiscopi
900 4829 1079 4905 Pragensis,
1104 4828 1157 4908 qui
1175 4848 1232 4909 pro
1248 4834 1390 4910 tempore
1413 4828 1519 4905 luerit,
1543 4847 1652 4892 omnes
1673 4846 1768 4892 cause
1785 4826 2054 4909 suffraganeorum

544 4930 764 5012 episcoporum
788 4936 822 4995 et
844 4951 1049 5013 personarum
1084 4932 1373 4996 ecclesiasticarum
1404 4952 1440 4996 ac
1464 4933 1627 4996 civitatum
1655 4936 1687 4995 et
1710 4932 1883 4996 diocesium
1912 4932 2055 4997 eiusdem

543 5036 704 5116 provincio
728 5036 816 5099 iuxta
839 5054 1000 5099 sacrorum
1024 5036 1170 5099 instituta
1195 5053 1348 5099 canonum
1368 5037 1556 5112 referantur,
1581 5035 1686 5099 villam
1710 5035 2055 5113 Luthomusselcnsem,

545 5138 584 5200 de
608 5137 758 5218 Pragensi
790 5139 909 5201 diocesi
941 5139 1139 5214 existentem,
1174 5137 1277 5201 locum
1311 5140 1418 5220 itaque
1449 5140 1586 5204 nobilem
1610 5144 1643 5203 et
1665 5139 1829 5220 insignem,
1864 5140 1905 5203 ad
1929 5139 2056 5206 laudem

544 5242 641 5305 diriui
676 5242 810 5305 nominis
833 5247 866 5305 et
889 5243 1039 5305 honorem
1071 5260 1190 5304 necnou
1214 5261 1271 5322 pro
1296 5243 1499 5320 incremento,
1534 5242 1677 5324 profectu
1701 5247 1734 5305 et
1757 5242 1955 5308 exaltacione
1984 5265 2055 5327 pre

545 5345 640 5408 dictis
664 5346 695 5407 in
719 5346 880 5410 civitatem
912 5347 1063 5428 erighuus
1095 5346 1257 5426 ipsamque
1292 5347 1432 5410 civitatis
1463 5345 1617 5409 vocabulo
1652 5348 1838 5427 insignimus
1868 5354 1902 5410 et
1923 5350 2056 5414 nichilo-

545 5449 647 5513 minus
680 5449 848 5513 ecclesiaru
878 5449 1060 5511 monasterii
1092 5449 1269 5513 huiusmodi
1301 5468 1382 5513 nore
1412 5451 1561 5526 civitatis,
1598 5451 1902 5515 Preuroustratansis
1924 5454 2054 5531 ordinis,

545 5553 576 5615 in
601 5551 815 5615 cathedralem
846 5552 1014 5615 ecclesiam
1047 5553 1205 5627 erigentes
1236 5573 1307 5618 cam
1338 5555 1537 5618 decernimus
1568 5555 1635 5619 iore
1665 5560 1820 5636 perpetuo
1851 5555 1952 5637 ipsius
1975 5576 2055 5622 nore

546 5655 686 5719 civitatis
710 5655 877 5719 ecclesiam
901 5654 1123 5734 cathedralem,
1152 5658 1201 5721 cui
1227 5664 1345 5721 certam
1369 5663 1491 5740 partem
1516 5658 1555 5722 de
1579 5659 1672 5723 dictis
1696 5659 1899 5724 Olomucensi
1923 5665 1956 5725 et
1980 5662 2054 5726 Pra-

546 5759 635 5840 gcnsi
667 5760 847 5823 diocesibus
878 5759 1075 5824 adiacentem
1106 5761 1209 5824 eidem
1240 5767 1272 5824 et
1296 5765 1393 5827 certis
1428 5764 1542 5828 tinibus
1578 5764 1832 5846 distinguendam
1863 5764 2054 5829 intendimus
