5184 7050
1990 863 2053 928 733

540 1066 593 1130 vel
628 1066 793 1148 quibusvis
827 1066 899 1131 aliis
934 1068 1142 1132 communiter
1175 1066 1225 1131 vel
1255 1066 1382 1131 divisim
1414 1067 1454 1131 ab
1479 1067 1589 1132 eadem
1613 1069 1655 1131 sit
1678 1067 1755 1132 sede
1778 1067 1945 1149 indultum,
1970 1069 2053 1150 quod

488 1251 494 1257 .
541 1169 702 1248 interdici,
734 1171 887 1252 suspendi
916 1170 966 1235 vel
998 1171 1261 1236 excommunicari
1295 1188 1357 1234 non
1391 1172 1515 1251 possint
1538 1190 1595 1253 per
1617 1171 1743 1236 litteras
1766 1171 1967 1254 apostolicas,
1992 1192 2054 1237 non

541 1273 698 1339 iacientes
731 1274 860 1356 plenam
893 1281 926 1340 et
960 1293 1142 1357 expressam
1177 1294 1215 1339 ac
1249 1274 1289 1339 de
1320 1276 1417 1340 verbo
1448 1276 1642 1340 adverbum
1665 1276 1705 1340 de
1728 1276 1850 1341 indulto
1873 1276 2054 1341 huiusmodi

542 1377 751 1455 mencionem,
776 1378 1026 1443 contradictores
1050 1383 1110 1443 etc.
1156 1379 1194 1443 D.
1220 1382 1255 1441 ut
1278 1396 1303 1444 s.

648 1530 797 1585 Clementia
815 1532 854 1584 Vl
872 1531 904 1585 V.
922 1538 972 1587 20¹1
992 1531 1009 1585 f.
1029 1537 1080 1585 tte
1098 1548 1125 1586 n.
1145 1536 1186 1598 55,
1205 1531 1239 1587 de
1257 1533 1426 1601 praebendis
1445 1534 1589 1589 vacaturis.
1618 1536 1649 1589 Iu
1669 1535 1701 1590 A.
1719 1536 1748 1589 hi
1768 1534 1895 1602 quaterni
1914 1550 1969 1588 non
1989 1541 2056 1590 suut

540 1617 657 1686 reperti.
675 1648 707 1657 —
736 1619 759 1685 ¹)
779 1619 905 1688 sequitur
923 1619 1104 1688 ,huiusmodi‘,
1124 1618 1173 1674 aed
1190 1619 1303 1674 cancell.
1323 1619 1354 1673 V.
1382 1621 1407 1689 b)
1426 1637 1496 1676 corr.
1516 1639 1551 1677 ex
1569 1622 1751 1691 ,conungeric‘
1770 1621 1803 1676 V.
1831 1621 1853 1688 ο)
1872 1637 1943 1676 corr.
1963 1637 1998 1676 ex
2016 1629 2056 1689 ,et

542 1703 745 1760 dimittendum‘
763 1705 795 1758 V.

540 2037 665 2104 1416.
687 2035 836 2100 Andreas
858 2037 896 2101 de
914 2037 1096 2102 Rosslaca'ca
1110 2043 1140 2102 ct
1156 2039 1308 2104 Nicotaus
1323 2039 1362 2104 de
1378 2041 1607 2105 llantenstn'n
1621 2040 1814 2125 supplicant,
1830 2046 1865 2105 at
1880 2044 2055 2126 acceptatio

540 2140 583 2205 de
610 2140 794 2224 praebendo
828 2141 977 2206 ecclesiae
1006 2142 1272 2222 Vratr'slaoc'ensis,
1297 2147 1396 2223 sacta
1421 2165 1481 2227 per
1502 2144 1603 2223 illum,
1633 2149 1663 2208 et
1693 2144 1819 2210 collatio
1848 2146 1886 2210 de
1916 2147 2055 2212 maedam

765 2244 913 2310 ecclesiae
937 2246 1127 2311 canonicatu
1148 2251 1179 2311 et
1196 2247 1379 2330 praebenda
1402 2247 1478 2313 baie
1493 2251 1591 2327 sacta
1615 2249 1846 2331 confirmentur.

1483 2388 1645 2467 Aoinione,
1668 2390 1755 2454 1352
1776 2389 1934 2456 Jannarit
1955 2392 2008 2457 15.

872 2543 1008 2608 Rotulus
1031 2542 1308 2610 confirmacionem
1330 2547 1519 2611 auctoritate
1543 2545 1726 2626 apostolica.

649 2700 747 2765 Pater
780 2700 996 2765 sanctissime!
1042 2702 1223 2784 Diguemini
1257 2704 1509 2784 acceptaciaues,
1544 2703 1764 2767 assecuciones
1796 2707 1828 2766 et
1857 2703 2054 2782 provisiones

540 2804 776 2885 infrascriptae,
799 2805 989 2870 auctoritate
1012 2806 1189 2887 apostolica
1210 2806 1351 2890 legitime
1374 2825 1411 2870 ac
1433 2807 1494 2871 rite
1517 2806 1620 2871 factas
1643 2824 1700 2870 suo
1734 2807 1803 2870 loco
1838 2811 1870 2870 et
1896 2811 2051 2888 tempore,

539 2906 664 2988 absque
698 2908 874 2990 preiudioio
908 2927 1176 3002 quorumcunque,
1211 2911 1355 2993 personis
1387 2910 1597 2994 infrascriptis
1632 2930 1693 2975 non
1717 2912 1915 2976 obstantibus
1938 2912 2054 2977 vestris

541 3011 737 3093 specialibus
772 3014 1046 3079 reservacionibus
1078 3014 1272 3094 confirmare,
1309 3035 1378 3080 cum
1409 3035 1471 3080 non
1501 3015 1703 3081 obstantibus
1734 3015 1774 3080 de
1796 3014 1967 3094 beneficiis,
1991 3034 2054 3097 que

540 3116 690 3181 obtinent
720 3136 776 3182 seu
807 3123 987 3200 expectant,
1018 3120 1050 3184 in
1074 3120 1336 3185 vicecancellaria
1358 3126 1465 3184 vestra
1487 3120 1711 3202 exprimendis,
1736 3137 1793 3184 seu
1817 3119 1856 3184 de
1879 3139 1959 3185 novo
1981 3138 2053 3204 pro·

540 3221 655 3287 videre
678 3222 808 3286 eisdem.

649 3430 728 3495 Item
752 3431 1006 3512 acceptacionem
1030 3437 1089 3496 etc.
1114 3433 1230 3498 iactam
1253 3451 1311 3515 per
1335 3433 1492 3499 Andream
1509 3434 1548 3498 de
1565 3432 1736 3510 Raslauitr,
1753 3431 1922 3497 officialem
1935 3430 2053 3497 Wrati-

541 3535 748 3613 slauiensem,
772 3535 811 3601 de
834 3536 998 3617 prebenda
1021 3536 1156 3602 ecclesie
1179 3536 1462 3603 Wratislauiensis.

649 3743 731 3807 ltem
765 3743 980 3824 collationem,
1015 3745 1131 3810 iactam
1165 3765 1223 3827 per
1246 3746 1405 3810 dominum
1430 3746 1614 3827 episcopum
1638 3746 1855 3825 Portuensem,
1879 3746 2054 3826 apostolice

542 3847 633 3912 sedis
666 3848 816 3929 legatum,
851 3848 983 3914 Nicolao
1019 3849 1058 3914 de
1091 3849 1326 3934 Fronkinsteyn
1360 3850 1399 3915 de
1423 3850 1610 3916 canonicatu
1649 3855 1681 3914 et
1718 3851 1881 3931 prebenda
1917 3850 2053 3915 ecclesie

541 3949 831 4032 Wratislauiensis,
862 3952 1049 4018 vacantibus
1081 3973 1137 4035 per
1167 3953 1299 4019 liberam
1329 3954 1589 4036 resignacionem,
1613 3953 1728 4019 factam
1751 3955 1783 4018 in
1806 3956 1952 4019 manibus
1977 3956 2052 4020 dicti

541 4055 642 4138 legati
673 4055 713 4119 de
743 4056 823 4137 ipsis
853 4074 950 4121 causa
979 4059 1226 4138 permutacionis
1259 4077 1318 4139 per
1348 4057 1521 4123 Henricum
1552 4058 1591 4123 de
1614 4058 1696 4139 Lipa
1718 4077 1789 4122 cum
1812 4059 1997 4123 canonicatu
2022 4063 2055 4123 et

546 4158 712 4242 prebenda
734 4159 870 4225 ecclesie
893 4160 1091 4227 Lubicensis.

649 4368 723 4434 Fiat
752 4388 809 4451 pro
840 4386 936 4451 supra
966 4370 1089 4450 positis,
1120 4370 1148 4434 si
1176 4375 1283 4435 tamen
1308 4371 1388 4436 alias
1411 4373 1457 4435 eis
1481 4372 1674 4437 deberentur
1697 4372 1736 4435 de
1758 4372 1838 4449 iure,
1861 4372 1922 4437 nisi
1946 4377 2053 4436 nostre

548 4473 789 4538 reservaciones
812 4474 969 4554 speciales
985 4475 1148 4539 obstarent
1162 4474 1199 4539 R.
1213 4476 1237 4560 ¹)
1260 4476 1300 4541 D.
1316 4477 1473 4541 Auiuione
1488 4477 1598 4541 XVIII
1616 4475 1679 4540 kal.
1694 4476 1861 4540 Februarii
1878 4496 1905 4541 a.
1923 4477 2053 4541 decimo.

653 4628 801 4695 Clementia
821 4629 858 4682 VI
877 4629 903 4683 S.
922 4629 974 4699 llll
995 4635 1049 4695 (al)
1067 4646 1133 4699 pars
1152 4631 1239 4685 altera
1257 4632 1276 4685 f.
1295 4639 1335 4685 38.
1362 4662 1394 4670 —
1424 4634 1443 4697 ¹)
1472 4632 1500 4685 in
1528 4632 1649 4700 margine
1676 4633 1711 4686 ab
1739 4633 1835 4688 eadem
1862 4649 1944 4686 manu
1971 4640 2052 4687 nota:

542 4716 618 4784 ,Nou
638 4716 728 4771 estin
747 4715 890 4785 originali:
909 4716 973 4770 Sine
991 4717 1129 4771 larciane!
1148 4718 1174 4772 S.

544 5049 668 5116 1417.
690 5046 838 5112 Andreae
854 5048 892 5112 de
908 5049 1125 5129 Rosciae-lev)
1147 5050 1352 5131 confirmator
1368 5051 1540 5132 acceptatio
1558 5050 1760 5132 praebendae
1782 5052 1930 5116 ecclesiae
1950 5053 2051 5116 Vratc'·

541 5151 723 5226 sananda,
737 5172 832 5232 qnam
847 5152 1006 5233 qnondam
1017 5151 1202 5217 &aniclaas
1217 5153 1255 5216 de
1267 5152 1422 5218 Graeceio
1437 5154 1602 5221 obtinebat.
1620 5157 1671 5232 ‚D.
1685 5153 1843 5220 Aninione
1855 5158 1887 5219 X
1896 5158 1977 5222 l'HI
1987 5156 2052 5221 tat.

600 5324 638 5340 -
1112 5256 1279 5320 Februarii
1301 5277 1331 5321 a.
1356 5257 1494 5323 decima‘

591 5359 651 5446 fi·
1482 5345 1646 5421 avinione,
1668 5348 1754 5411 1352
1777 5348 1936 5413 Janaarir'
1956 5350 2008 5414 15.

653 5496 801 5552 Clementia
819 5498 856 5551 Vl
876 5500 909 5551 A.
928 5498 1072 5564 11141119)
1092 5498 1109 5550 i.
1129 5504 1179 5550 444
1199 5513 1223 5551 n.
1244 5503 1302 5564 679,
1322 5498 1489 5553 diversarum
1513 5500 1661 5555 formarum
1686 5516 1730 5567 qu.
1756 5508 1817 5556 8:
1831 5501 1863 5555 V.
1888 5506 1938 5555 209
1962 5501 1981 5554 f.
2005 5508 2050 5554 151

541 5603 572 5640 ra
594 5588 646 5637 680
666 5583 716 5650 (sic
725 5587 743 5651 1)
761 5616 795 5624 -
813 5584 865 5638 Ed.
883 5585 1005 5639 Tbeiner
1023 5585 1082 5639 MP.
1101 5586 1114 5638 l
1132 5600 1158 5638 n.
1178 5590 1236 5638 708.
1256 5615 1290 5624 -
1317 5590 1340 5652 ¹⁸)
1359 5585 1516 5653 ,Raalauita‘
1535 5589 1568 5639 A.
