<?xml version="1.0" encoding="UTF-8"?>
<!DOCTYPE html PUBLIC "-//W3C//DTD XHTML 1.0 Transitional//EN"
    "http://www.w3.org/TR/xhtml1/DTD/xhtml1-transitional.dtd">
<html xmlns="http://www.w3.org/1999/xhtml" xml:lang="en" lang="en">
 <head>
  <title>
</title>
<meta http-equiv="Content-Type" content="text/html;charset=utf-8" />
  <meta name='ocr-system' content='tesseract 3.04.00' />
  <meta name='ocr-capabilities' content='ocr_page ocr_carea ocr_par ocr_line ocrx_word'/>
</head>
<body>
  <div class='ocr_page' id='page_1' title='image "./monumentavatica01vatigoog_0018.png"; bbox 0 0 5184 7050; ppageno 0'>
   <div class='ocr_carea' id='block_1_1' title="bbox 568 863 595 922">
    <p class='ocr_par' dir='ltr' id='par_1_1' title="bbox 568 863 595 922">
     <span class='ocr_line' id='line_1_1' title="bbox 568 863 595 922; baseline 0 0"><span class='ocrx_word' id='word_1_1' title='bbox 568 863 595 922; x_wconf 86' lang='lat' dir='ltr'>X</span> 
     </span>
    </p>
   </div>
   <div class='ocr_carea' id='block_1_2' title="bbox 549 1063 2051 3285">
    <p class='ocr_par' dir='ltr' id='par_1_2' title="bbox 562 1063 2048 1592">
     <span class='ocr_line' id='line_1_2' title="bbox 563 1063 2048 1153; baseline 0.009 -26"><span class='ocrx_word' id='word_1_2' title='bbox 563 1063 695 1127; x_wconf 81' lang='lat' dir='ltr'>edendis</span> <span class='ocrx_word' id='word_1_3' title='bbox 718 1063 863 1144; x_wconf 80' lang='lat' dir='ltr'>cogitare,</span> <span class='ocrx_word' id='word_1_4' title='bbox 886 1064 958 1144; x_wconf 88' lang='lat' dir='ltr'>quia</span> <span class='ocrx_word' id='word_1_5' title='bbox 982 1063 1020 1126; x_wconf 89' lang='lat' dir='ltr'>ad</span> <span class='ocrx_word' id='word_1_6' title='bbox 1045 1081 1099 1125; x_wconf 87' lang='lat' dir='ltr'>eas</span> <span class='ocrx_word' id='word_1_7' title='bbox 1121 1081 1173 1127; x_wconf 91' lang='lat' dir='ltr'>res</span> <span class='ocrx_word' id='word_1_8' title='bbox 1195 1063 1279 1128; x_wconf 91' lang='lat' dir='ltr'>solas</span> <span class='ocrx_word' id='word_1_9' title='bbox 1315 1065 1348 1129; x_wconf 96' lang='lat' dir='ltr'>in</span> <span class='ocrx_word' id='word_1_10' title='bbox 1372 1065 1507 1130; x_wconf 83' lang='lat' dir='ltr'>archivis</span> <span class='ocrx_word' id='word_1_11' title='bbox 1541 1068 1768 1148; x_wconf 84' lang='lat' dir='ltr'>perquirendas</span> <span class='ocrx_word' id='word_1_12' title='bbox 1803 1075 1931 1153; x_wconf 89' lang='lat' dir='ltr'>ternpus</span> <span class='ocrx_word' id='word_1_13' title='bbox 1954 1082 1988 1139; x_wconf 88' lang='lat' dir='ltr'>et</span> <span class='ocrx_word' id='word_1_14' title='bbox 2009 1077 2048 1141; x_wconf 87' lang='lat' dir='ltr'>fn·</span> 
     </span>
     <span class='ocr_line' id='line_1_3' title="bbox 563 1172 2047 1269; baseline 0.006 -29"><span class='ocrx_word' id='word_1_15' title='bbox 563 1175 663 1240; x_wconf 89' lang='lat' dir='ltr'>cultas</span> <span class='ocrx_word' id='word_1_16' title='bbox 686 1173 793 1238; x_wconf 86' lang='lat' dir='ltr'>defuit.</span> <span class='ocrx_word' id='word_1_17' title='bbox 839 1174 948 1256; x_wconf 80' lang='lat' dir='ltr'>ltaque</span> <span class='ocrx_word' id='word_1_18' title='bbox 972 1192 1010 1236; x_wconf 89' lang='lat' dir='ltr'>ex</span> <span class='ocrx_word' id='word_1_19' title='bbox 1033 1172 1252 1254; x_wconf 87' lang='lat' dir='ltr'>diplomatario</span> <span class='ocrx_word' id='word_1_20' title='bbox 1286 1176 1409 1241; x_wconf 80' lang='lat' dir='ltr'>Musaei</span> <span class='ocrx_word' id='word_1_21' title='bbox 1439 1179 1528 1259; x_wconf 80' lang='lat' dir='ltr'>regni</span> <span class='ocrx_word' id='word_1_22' title='bbox 1562 1179 1732 1244; x_wconf 90' lang='lat' dir='ltr'>Bohemiae</span> <span class='ocrx_word' id='word_1_23' title='bbox 1756 1185 1949 1268; x_wconf 78' lang='lat' dir='ltr'>apographa,</span> <span class='ocrx_word' id='word_1_24' title='bbox 1972 1207 2047 1269; x_wconf 81' lang='lat' dir='ltr'>quae</span> 
     </span>
     <span class='ocr_line' id='line_1_4' title="bbox 562 1285 2047 1374; baseline 0.01 -23"><span class='ocrx_word' id='word_1_25' title='bbox 562 1287 606 1351; x_wconf 94' lang='lat' dir='ltr'>ibi</span> <span class='ocrx_word' id='word_1_26' title='bbox 629 1293 703 1352; x_wconf 93' lang='lat' dir='ltr'>sunt</span> <span class='ocrx_word' id='word_1_27' title='bbox 726 1286 877 1368; x_wconf 88' lang='lat' dir='ltr'>deposita,</span> <span class='ocrx_word' id='word_1_28' title='bbox 900 1285 1029 1351; x_wconf 83' lang='lat' dir='ltr'>adhibui</span> <span class='ocrx_word' id='word_1_29' title='bbox 1051 1290 1085 1348; x_wconf 93' lang='lat' dir='ltr'>et</span> <span class='ocrx_word' id='word_1_30' title='bbox 1107 1304 1175 1349; x_wconf 88' lang='lat' dir='ltr'>curu</span> <span class='ocrx_word' id='word_1_31' title='bbox 1205 1287 1395 1370; x_wconf 87' lang='lat' dir='ltr'>archetypis,</span> <span class='ocrx_word' id='word_1_32' title='bbox 1428 1307 1508 1369; x_wconf 89' lang='lat' dir='ltr'>quae</span> <span class='ocrx_word' id='word_1_33' title='bbox 1539 1298 1614 1356; x_wconf 90' lang='lat' dir='ltr'>sunt</span> <span class='ocrx_word' id='word_1_34' title='bbox 1635 1293 1765 1374; x_wconf 79' lang='lat' dir='ltr'>Pragac,</span> <span class='ocrx_word' id='word_1_35' title='bbox 1788 1294 1894 1360; x_wconf 91' lang='lat' dir='ltr'>denuo</span> <span class='ocrx_word' id='word_1_36' title='bbox 1918 1301 2047 1370; x_wconf 80' lang='lat' dir='ltr'>contuli:</span> 
     </span>
     <span class='ocr_line' id='line_1_5' title="bbox 562 1397 2048 1494; baseline 0.009 -31"><span class='ocrx_word' id='word_1_37' title='bbox 562 1399 624 1463; x_wconf 86' lang='lat' dir='ltr'>ulia</span> <span class='ocrx_word' id='word_1_38' title='bbox 645 1398 797 1480; x_wconf 80' lang='lat' dir='ltr'>exempla,</span> <span class='ocrx_word' id='word_1_39' title='bbox 819 1417 888 1462; x_wconf 91' lang='lat' dir='ltr'>curn</span> <span class='ocrx_word' id='word_1_40' title='bbox 910 1403 1038 1480; x_wconf 85' lang='lat' dir='ltr'>praesto</span> <span class='ocrx_word' id='word_1_41' title='bbox 1061 1415 1122 1462; x_wconf 91' lang='lat' dir='ltr'>non</span> <span class='ocrx_word' id='word_1_42' title='bbox 1145 1397 1288 1482; x_wconf 84' lang='lat' dir='ltr'>luissent,</span> <span class='ocrx_word' id='word_1_43' title='bbox 1319 1400 1393 1481; x_wconf 81' lang='lat' dir='ltr'>quuia</span> <span class='ocrx_word' id='word_1_44' title='bbox 1416 1401 1491 1466; x_wconf 88' lang='lat' dir='ltr'>alibi</span> <span class='ocrx_word' id='word_1_45' title='bbox 1525 1409 1736 1486; x_wconf 87' lang='lat' dir='ltr'>asservantur,</span> <span class='ocrx_word' id='word_1_46' title='bbox 1759 1405 1838 1471; x_wconf 89' lang='lat' dir='ltr'>solis</span> <span class='ocrx_word' id='word_1_47' title='bbox 1863 1412 2048 1494; x_wconf 80' lang='lat' dir='ltr'>apographis</span> 
     </span>
     <span class='ocr_line' id='line_1_6' title="bbox 562 1508 1238 1592; baseline -0.003 -18"><span class='ocrx_word' id='word_1_48' title='bbox 562 1511 685 1575; x_wconf 84' lang='lat' dir='ltr'>Musaei</span> <span class='ocrx_word' id='word_1_49' title='bbox 707 1508 857 1574; x_wconf 83' lang='lat' dir='ltr'>adhibitis</span> <span class='ocrx_word' id='word_1_50' title='bbox 879 1510 967 1592; x_wconf 91' lang='lat' dir='ltr'>prelo</span> <span class='ocrx_word' id='word_1_51' title='bbox 991 1509 1134 1573; x_wconf 89' lang='lat' dir='ltr'>subiecta</span> <span class='ocrx_word' id='word_1_52' title='bbox 1156 1517 1238 1574; x_wconf 90' lang='lat' dir='ltr'>sunt.</span> 
     </span>
    </p>

    <p class='ocr_par' dir='ltr' id='par_1_3' title="bbox 557 1622 2050 2157">
     <span class='ocr_line' id='line_1_7' title="bbox 661 1622 2048 1718; baseline 0.012 -31"><span class='ocrx_word' id='word_1_53' title='bbox 661 1624 821 1703; x_wconf 87' lang='lat' dir='ltr'>Excerpta</span> <span class='ocrx_word' id='word_1_54' title='bbox 843 1640 882 1685; x_wconf 87' lang='lat' dir='ltr'>cx</span> <span class='ocrx_word' id='word_1_55' title='bbox 905 1623 945 1687; x_wconf 93' lang='lat' dir='ltr'>iis</span> <span class='ocrx_word' id='word_1_56' title='bbox 967 1622 1165 1705; x_wconf 89' lang='lat' dir='ltr'>potissimum</span> <span class='ocrx_word' id='word_1_57' title='bbox 1187 1623 1305 1688; x_wconf 88' lang='lat' dir='ltr'>litteris</span> <span class='ocrx_word' id='word_1_58' title='bbox 1337 1625 1490 1708; x_wconf 89' lang='lat' dir='ltr'>dedimus,</span> <span class='ocrx_word' id='word_1_59' title='bbox 1519 1645 1600 1706; x_wconf 72' lang='lat' dir='ltr'>(puae</span> <span class='ocrx_word' id='word_1_60' title='bbox 1623 1629 1663 1692; x_wconf 91' lang='lat' dir='ltr'>ad</span> <span class='ocrx_word' id='word_1_61' title='bbox 1686 1629 1860 1696; x_wconf 89' lang='lat' dir='ltr'>Bohemica</span> <span class='ocrx_word' id='word_1_62' title='bbox 1883 1638 2048 1718; x_wconf 82' lang='lat' dir='ltr'>pertinent,</span> 
     </span>
     <span class='ocr_line' id='line_1_8' title="bbox 558 1735 2048 1831; baseline 0.01 -32"><span class='ocrx_word' id='word_1_63' title='bbox 558 1754 616 1801; x_wconf 87' lang='lat' dir='ltr'>noc</span> <span class='ocrx_word' id='word_1_64' title='bbox 638 1741 742 1800; x_wconf 85' lang='lat' dir='ltr'>tarnen</span> <span class='ocrx_word' id='word_1_65' title='bbox 766 1735 878 1816; x_wconf 83' lang='lat' dir='ltr'>dignae</span> <span class='ocrx_word' id='word_1_66' title='bbox 902 1740 985 1817; x_wconf 89' lang='lat' dir='ltr'>sunt,</span> <span class='ocrx_word' id='word_1_67' title='bbox 1019 1752 1099 1815; x_wconf 88' lang='lat' dir='ltr'>quac</span> <span class='ocrx_word' id='word_1_68' title='bbox 1122 1735 1161 1798; x_wconf 87' lang='lat' dir='ltr'>ad</span> <span class='ocrx_word' id='word_1_69' title='bbox 1199 1737 1327 1800; x_wconf 86' lang='lat' dir='ltr'>verbum</span> <span class='ocrx_word' id='word_1_70' title='bbox 1357 1735 1584 1820; x_wconf 88' lang='lat' dir='ltr'>describantur,</span> <span class='ocrx_word' id='word_1_71' title='bbox 1614 1743 1649 1802; x_wconf 92' lang='lat' dir='ltr'>ut</span> <span class='ocrx_word' id='word_1_72' title='bbox 1678 1740 1833 1822; x_wconf 85' lang='lat' dir='ltr'>imprimis</span> <span class='ocrx_word' id='word_1_73' title='bbox 1872 1749 1962 1812; x_wconf 88' lang='lat' dir='ltr'>varia</span> <span class='ocrx_word' id='word_1_74' title='bbox 1983 1769 2048 1831; x_wconf 94' lang='lat' dir='ltr'>pro-</span> 
     </span>
     <span class='ocr_line' id='line_1_9' title="bbox 560 1847 2047 1939; baseline 0.01 -27"><span class='ocrx_word' id='word_1_75' title='bbox 560 1848 715 1913; x_wconf 84' lang='lat' dir='ltr'>visionum</span> <span class='ocrx_word' id='word_1_76' title='bbox 738 1865 863 1930; x_wconf 80' lang='lat' dir='ltr'>genera.</span> <span class='ocrx_word' id='word_1_77' title='bbox 889 1848 934 1912; x_wconf 80' lang='lat' dir='ltr'>Ex</span> <span class='ocrx_word' id='word_1_78' title='bbox 951 1847 1000 1912; x_wconf 89' lang='lat' dir='ltr'>his</span> <span class='ocrx_word' id='word_1_79' title='bbox 1023 1847 1213 1929; x_wconf 76' lang='lat' dir='ltr'>principales</span> <span class='ocrx_word' id='word_1_80' title='bbox 1226 1854 1347 1912; x_wconf 85' lang='lat' dir='ltr'>tautum</span> <span class='ocrx_word' id='word_1_81' title='bbox 1364 1848 1450 1914; x_wconf 90' lang='lat' dir='ltr'>locos</span> <span class='ocrx_word' id='word_1_82' title='bbox 1459 1851 1662 1933; x_wconf 87' lang='lat' dir='ltr'>servavimus,</span> <span class='ocrx_word' id='word_1_83' title='bbox 1670 1852 1824 1919; x_wconf 81' lang='lat' dir='ltr'>formulae</span> <span class='ocrx_word' id='word_1_84' title='bbox 1837 1861 1956 1939; x_wconf 91' lang='lat' dir='ltr'>partim</span> <span class='ocrx_word' id='word_1_85' title='bbox 1972 1881 2047 1926; x_wconf 88' lang='lat' dir='ltr'>com-</span> 
     </span>
     <span class='ocr_line' id='line_1_10' title="bbox 558 1959 2050 2055; baseline 0.011 -30"><span class='ocrx_word' id='word_1_86' title='bbox 558 1961 682 2043; x_wconf 90' lang='lat' dir='ltr'>pendiis</span> <span class='ocrx_word' id='word_1_87' title='bbox 705 1960 906 2025; x_wconf 85' lang='lat' dir='ltr'>abbreviatae</span> <span class='ocrx_word' id='word_1_88' title='bbox 929 1960 1045 2042; x_wconf 88' lang='lat' dir='ltr'>partim</span> <span class='ocrx_word' id='word_1_89' title='bbox 1068 1959 1202 2024; x_wconf 90' lang='lat' dir='ltr'>omissae</span> <span class='ocrx_word' id='word_1_90' title='bbox 1233 1966 1317 2025; x_wconf 91' lang='lat' dir='ltr'>sunt.</span> <span class='ocrx_word' id='word_1_91' title='bbox 1362 1961 1399 2024; x_wconf 91' lang='lat' dir='ltr'>Iu</span> <span class='ocrx_word' id='word_1_92' title='bbox 1422 1969 1557 2045; x_wconf 84' lang='lat' dir='ltr'>regesto,</span> <span class='ocrx_word' id='word_1_93' title='bbox 1591 1965 1673 2046; x_wconf 88' lang='lat' dir='ltr'>quod</span> <span class='ocrx_word' id='word_1_94' title='bbox 1703 1977 1856 2050; x_wconf 87' lang='lat' dir='ltr'>excerpto</span> <span class='ocrx_word' id='word_1_95' title='bbox 1881 1976 2050 2055; x_wconf 89' lang='lat' dir='ltr'>praecedit,</span> 
     </span>
     <span class='ocr_line' id='line_1_11' title="bbox 557 2070 1657 2157; baseline 0.003 -20"><span class='ocrx_word' id='word_1_96' title='bbox 557 2073 738 2138; x_wconf 88' lang='lat' dir='ltr'>indicantur</span> <span class='ocrx_word' id='word_1_97' title='bbox 759 2072 897 2153; x_wconf 86' lang='lat' dir='ltr'>litterae,</span> <span class='ocrx_word' id='word_1_98' title='bbox 918 2073 971 2137; x_wconf 88' lang='lat' dir='ltr'>ubi</span> <span class='ocrx_word' id='word_1_99' title='bbox 995 2077 1063 2136; x_wconf 89' lang='lat' dir='ltr'>tota</span> <span class='ocrx_word' id='word_1_100' title='bbox 1085 2070 1219 2136; x_wconf 80' lang='lat' dir='ltr'>formida</span> <span class='ocrx_word' id='word_1_101' title='bbox 1242 2072 1326 2154; x_wconf 89' lang='lat' dir='ltr'>typis</span> <span class='ocrx_word' id='word_1_102' title='bbox 1350 2072 1510 2154; x_wconf 89' lang='lat' dir='ltr'>descripta</span> <span class='ocrx_word' id='word_1_103' title='bbox 1532 2075 1657 2157; x_wconf 82' lang='lat' dir='ltr'>legitur.</span> 
     </span>
    </p>

    <p class='ocr_par' dir='ltr' id='par_1_4' title="bbox 549 2187 2051 3285">
     <span class='ocr_line' id='line_1_12' title="bbox 661 2187 2050 2278; baseline 0.008 -26"><span class='ocrx_word' id='word_1_104' title='bbox 661 2189 868 2270; x_wconf 80' lang='lat' dir='ltr'>Regestorum</span> <span class='ocrx_word' id='word_1_105' title='bbox 891 2205 938 2268; x_wconf 90' lang='lat' dir='ltr'>ea,</span> <span class='ocrx_word' id='word_1_106' title='bbox 961 2205 1042 2267; x_wconf 86' lang='lat' dir='ltr'>quae</span> <span class='ocrx_word' id='word_1_107' title='bbox 1079 2190 1215 2250; x_wconf 89' lang='lat' dir='ltr'>totarum</span> <span class='ocrx_word' id='word_1_108' title='bbox 1248 2187 1428 2251; x_wconf 83' lang='lat' dir='ltr'>litterarum</span> <span class='ocrx_word' id='word_1_109' title='bbox 1461 2188 1529 2253; x_wconf 93' lang='lat' dir='ltr'>loco</span> <span class='ocrx_word' id='word_1_110' title='bbox 1552 2196 1719 2273; x_wconf 89' lang='lat' dir='ltr'>ponuntur,</span> <span class='ocrx_word' id='word_1_111' title='bbox 1753 2210 1817 2258; x_wconf 90' lang='lat' dir='ltr'>nou</span> <span class='ocrx_word' id='word_1_112' title='bbox 1841 2200 2050 2278; x_wconf 86' lang='lat' dir='ltr'>aequabiliter</span> 
     </span>
     <span class='ocr_line' id='line_1_13' title="bbox 557 2299 2050 2384; baseline 0.01 -20"><span class='ocrx_word' id='word_1_113' title='bbox 557 2301 731 2383; x_wconf 89' lang='lat' dir='ltr'>composita</span> <span class='ocrx_word' id='word_1_114' title='bbox 754 2306 836 2382; x_wconf 91' lang='lat' dir='ltr'>sunt,</span> <span class='ocrx_word' id='word_1_115' title='bbox 859 2301 941 2382; x_wconf 89' lang='lat' dir='ltr'>quia,</span> <span class='ocrx_word' id='word_1_116' title='bbox 963 2302 1037 2364; x_wconf 94' lang='lat' dir='ltr'>dum</span> <span class='ocrx_word' id='word_1_117' title='bbox 1061 2299 1146 2381; x_wconf 89' lang='lat' dir='ltr'>typis</span> <span class='ocrx_word' id='word_1_118' title='bbox 1169 2300 1437 2381; x_wconf 82' lang='lat' dir='ltr'>describebantur,</span> <span class='ocrx_word' id='word_1_119' title='bbox 1471 2303 1599 2384; x_wconf 88' lang='lat' dir='ltr'>saepius</span> <span class='ocrx_word' id='word_1_120' title='bbox 1630 2303 1802 2369; x_wconf 90' lang='lat' dir='ltr'>secundum</span> <span class='ocrx_word' id='word_1_121' title='bbox 1838 2318 1915 2377; x_wconf 84' lang='lat' dir='ltr'>vota</span> <span class='ocrx_word' id='word_1_122' title='bbox 1938 2334 1958 2378; x_wconf 92' lang='lat' dir='ltr'>a</span> <span class='ocrx_word' id='word_1_123' title='bbox 1980 2317 2050 2381; x_wconf 85' lang='lat' dir='ltr'>viris</span> 
     </span>
     <span class='ocr_line' id='line_1_14' title="bbox 555 2411 2049 2496; baseline 0.011 -18"><span class='ocrx_word' id='word_1_124' title='bbox 555 2432 714 2496; x_wconf 85' lang='lat' dir='ltr'>expressa,</span> <span class='ocrx_word' id='word_1_125' title='bbox 737 2414 790 2495; x_wconf 87' lang='lat' dir='ltr'>qui</span> <span class='ocrx_word' id='word_1_126' title='bbox 813 2433 832 2478; x_wconf 93' lang='lat' dir='ltr'>a</span> <span class='ocrx_word' id='word_1_127' title='bbox 855 2414 1081 2479; x_wconf 76' lang='lat' dir='ltr'>commissione</span> <span class='ocrx_word' id='word_1_128' title='bbox 1116 2411 1276 2477; x_wconf 80' lang='lat' dir='ltr'>Historiae</span> <span class='ocrx_word' id='word_1_129' title='bbox 1306 2413 1345 2476; x_wconf 91' lang='lat' dir='ltr'>ad</span> <span class='ocrx_word' id='word_1_130' title='bbox 1369 2418 1490 2477; x_wconf 85' lang='lat' dir='ltr'>textum</span> <span class='ocrx_word' id='word_1_131' title='bbox 1514 2413 1607 2479; x_wconf 76' lang='lat' dir='ltr'>hrains</span> <span class='ocrx_word' id='word_1_132' title='bbox 1630 2416 1702 2479; x_wconf 89' lang='lat' dir='ltr'>libri</span> <span class='ocrx_word' id='word_1_133' title='bbox 1726 2421 1975 2491; x_wconf 86' lang='lat' dir='ltr'>exaruinandurn</span> <span class='ocrx_word' id='word_1_134' title='bbox 1999 2430 2049 2493; x_wconf 91' lang='lat' dir='ltr'>de·</span> 
     </span>
     <span class='ocr_line' id='line_1_15' title="bbox 556 2525 2050 2608; baseline 0.011 -17"><span class='ocrx_word' id='word_1_135' title='bbox 556 2528 672 2608; x_wconf 83' lang='lat' dir='ltr'>signati</span> <span class='ocrx_word' id='word_1_136' title='bbox 695 2532 778 2608; x_wconf 76' lang='lat' dir='ltr'>scrut,</span> <span class='ocrx_word' id='word_1_137' title='bbox 800 2526 832 2590; x_wconf 94' lang='lat' dir='ltr'>in</span> <span class='ocrx_word' id='word_1_138' title='bbox 856 2527 975 2590; x_wconf 77' lang='grc'>1111111111</span> <span class='ocrx_word' id='word_1_139' title='bbox 1002 2525 1138 2591; x_wconf 90' lang='lat' dir='ltr'>modum</span> <span class='ocrx_word' id='word_1_140' title='bbox 1173 2526 1368 2590; x_wconf 89' lang='lat' dir='ltr'>immutanda</span> <span class='ocrx_word' id='word_1_141' title='bbox 1397 2532 1496 2590; x_wconf 82' lang='lat' dir='ltr'>eruut.</span> <span class='ocrx_word' id='word_1_142' title='bbox 1532 2526 1568 2591; x_wconf 92' lang='lat' dir='ltr'>ln</span> <span class='ocrx_word' id='word_1_143' title='bbox 1591 2529 1631 2592; x_wconf 90' lang='lat' dir='ltr'>iis</span> <span class='ocrx_word' id='word_1_144' title='bbox 1654 2548 1723 2593; x_wconf 82' lang='lat' dir='ltr'>curru</span> <span class='ocrx_word' id='word_1_145' title='bbox 1747 2531 1903 2601; x_wconf 90' lang='lat' dir='ltr'>aliatum</span> <span class='ocrx_word' id='word_1_146' title='bbox 1927 2543 2050 2606; x_wconf 91' lang='lat' dir='ltr'>nomina</span> 
     </span>
     <span class='ocr_line' id='line_1_16' title="bbox 553 2637 2050 2730; baseline 0.011 -26"><span class='ocrx_word' id='word_1_147' title='bbox 553 2647 766 2720; x_wconf 83' lang='lat' dir='ltr'>executorunr,</span> <span class='ocrx_word' id='word_1_148' title='bbox 802 2641 1056 2705; x_wconf 89' lang='lat' dir='ltr'>enumerationes</span> <span class='ocrx_word' id='word_1_149' title='bbox 1080 2637 1311 2720; x_wconf 86' lang='lat' dir='ltr'>beneficiorum,</span> <span class='ocrx_word' id='word_1_150' title='bbox 1334 2639 1362 2702; x_wconf 90' lang='lat' dir='ltr'>si</span> <span class='ocrx_word' id='word_1_151' title='bbox 1385 2640 1424 2702; x_wconf 87' lang='lat' dir='ltr'>‹le</span> <span class='ocrx_word' id='word_1_152' title='bbox 1447 2639 1625 2705; x_wconf 89' lang='lat' dir='ltr'>hominibus</span> <span class='ocrx_word' id='word_1_153' title='bbox 1663 2643 1784 2706; x_wconf 84' lang='lat' dir='ltr'>exteris</span> <span class='ocrx_word' id='word_1_154' title='bbox 1807 2647 1926 2730; x_wconf 77' lang='lat' dir='ltr'>agitur,</span> <span class='ocrx_word' id='word_1_155' title='bbox 1949 2655 2050 2719; x_wconf 84' lang='lat' dir='ltr'>uarias</span> 
     </span>
     <span class='ocr_line' id='line_1_17' title="bbox 554 2751 2051 2838; baseline 0.01 -20"><span class='ocrx_word' id='word_1_156' title='bbox 554 2753 708 2818; x_wconf 87' lang='lat' dir='ltr'>lectiones</span> <span class='ocrx_word' id='word_1_157' title='bbox 732 2752 890 2816; x_wconf 87' lang='lat' dir='ltr'>nominum</span> <span class='ocrx_word' id='word_1_158' title='bbox 914 2760 948 2816; x_wconf 89' lang='lat' dir='ltr'>et</span> <span class='ocrx_word' id='word_1_159' title='bbox 969 2753 1130 2817; x_wconf 90' lang='lat' dir='ltr'>hominum</span> <span class='ocrx_word' id='word_1_160' title='bbox 1153 2757 1186 2814; x_wconf 91' lang='lat' dir='ltr'>et</span> <span class='ocrx_word' id='word_1_161' title='bbox 1208 2751 1356 2830; x_wconf 88' lang='lat' dir='ltr'>locorum,</span> <span class='ocrx_word' id='word_1_162' title='bbox 1379 2751 1439 2815; x_wconf 92' lang='lat' dir='ltr'>nisi</span> <span class='ocrx_word' id='word_1_163' title='bbox 1463 2770 1520 2815; x_wconf 90' lang='lat' dir='ltr'>eae</span> <span class='ocrx_word' id='word_1_164' title='bbox 1544 2752 1672 2818; x_wconf 89' lang='lat' dir='ltr'>litterae</span> <span class='ocrx_word' id='word_1_165' title='bbox 1691 2755 1731 2818; x_wconf 91' lang='lat' dir='ltr'>ad</span> <span class='ocrx_word' id='word_1_166' title='bbox 1748 2756 1849 2838; x_wconf 91' lang='lat' dir='ltr'>ipsam</span> <span class='ocrx_word' id='word_1_167' title='bbox 1866 2761 2051 2832; x_wconf 85' lang='lat' dir='ltr'>Bohemianr</span> 
     </span>
     <span class='ocr_line' id='line_1_18' title="bbox 551 2864 2047 2960; baseline 0.009 -29"><span class='ocrx_word' id='word_1_168' title='bbox 551 2867 723 2950; x_wconf 89' lang='lat' dir='ltr'>pertinent,</span> <span class='ocrx_word' id='word_1_169' title='bbox 747 2865 921 2930; x_wconf 86' lang='lat' dir='ltr'>omittenda</span> <span class='ocrx_word' id='word_1_170' title='bbox 944 2865 1132 2947; x_wconf 84' lang='lat' dir='ltr'>putavimus.</span> <span class='ocrx_word' id='word_1_171' title='bbox 1158 2864 1311 2946; x_wconf 87' lang='lat' dir='ltr'>„lucipit“</span> <span class='ocrx_word' id='word_1_172' title='bbox 1327 2865 1409 2944; x_wconf 88' lang='lat' dir='ltr'>quod</span> <span class='ocrx_word' id='word_1_173' title='bbox 1432 2865 1533 2929; x_wconf 82' lang='lat' dir='ltr'>fertur</span> <span class='ocrx_word' id='word_1_174' title='bbox 1556 2865 1687 2931; x_wconf 87' lang='lat' dir='ltr'>consilio</span> <span class='ocrx_word' id='word_1_175' title='bbox 1711 2869 1812 2948; x_wconf 88' lang='lat' dir='ltr'>omisi,</span> <span class='ocrx_word' id='word_1_176' title='bbox 1838 2891 1911 2938; x_wconf 88' lang='lat' dir='ltr'>curn</span> <span class='ocrx_word' id='word_1_177' title='bbox 1935 2896 2047 2960; x_wconf 84' lang='lat' dir='ltr'>cogno-</span> 
     </span>
     <span class='ocr_line' id='line_1_19' title="bbox 549 2976 2047 3061; baseline 0.007 -16"><span class='ocrx_word' id='word_1_178' title='bbox 549 2980 664 3045; x_wconf 81' lang='lat' dir='ltr'>vissem</span> <span class='ocrx_word' id='word_1_179' title='bbox 699 2984 805 3042; x_wconf 87' lang='lat' dir='ltr'>aetate</span> <span class='ocrx_word' id='word_1_180' title='bbox 840 2977 1013 3042; x_wconf 86' lang='lat' dir='ltr'>Clementis</span> <span class='ocrx_word' id='word_1_181' title='bbox 1049 2977 1099 3040; x_wconf 92' lang='lat' dir='ltr'>Vl.</span> <span class='ocrx_word' id='word_1_182' title='bbox 1124 2976 1218 3040; x_wconf 88' lang='lat' dir='ltr'>huius</span> <span class='ocrx_word' id='word_1_183' title='bbox 1251 2976 1403 3041; x_wconf 80' lang='lat' dir='ltr'>formulae</span> <span class='ocrx_word' id='word_1_184' title='bbox 1429 2995 1517 3041; x_wconf 89' lang='lat' dir='ltr'>usum</span> <span class='ocrx_word' id='word_1_185' title='bbox 1540 2997 1602 3043; x_wconf 91' lang='lat' dir='ltr'>non</span> <span class='ocrx_word' id='word_1_186' title='bbox 1625 2979 1722 3043; x_wconf 84' lang='lat' dir='ltr'>certis</span> <span class='ocrx_word' id='word_1_187' title='bbox 1745 2983 1937 3061; x_wconf 90' lang='lat' dir='ltr'>quibusdam</span> <span class='ocrx_word' id='word_1_188' title='bbox 1961 2989 2047 3056; x_wconf 89' lang='lat' dir='ltr'>litte-</span> 
     </span>
     <span class='ocr_line' id='line_1_20' title="bbox 549 3088 2049 3174; baseline 0.008 -18"><span class='ocrx_word' id='word_1_189' title='bbox 549 3111 653 3157; x_wconf 88' lang='lat' dir='ltr'>rarum</span> <span class='ocrx_word' id='word_1_190' title='bbox 676 3090 845 3173; x_wconf 82' lang='lat' dir='ltr'>generibus</span> <span class='ocrx_word' id='word_1_191' title='bbox 868 3091 1138 3171; x_wconf 88' lang='lat' dir='ltr'>circumscriptum</span> <span class='ocrx_word' id='word_1_192' title='bbox 1171 3094 1205 3152; x_wconf 89' lang='lat' dir='ltr'>et</span> <span class='ocrx_word' id='word_1_193' title='bbox 1238 3088 1402 3152; x_wconf 89' lang='lat' dir='ltr'>definitum</span> <span class='ocrx_word' id='word_1_194' title='bbox 1432 3106 1504 3152; x_wconf 85' lang='lat' dir='ltr'>csse</span> <span class='ocrx_word' id='word_1_195' title='bbox 1538 3108 1574 3152; x_wconf 92' lang='lat' dir='ltr'>ac</span> <span class='ocrx_word' id='word_1_196' title='bbox 1603 3090 1730 3155; x_wconf 90' lang='lat' dir='ltr'>minime</span> <span class='ocrx_word' id='word_1_197' title='bbox 1755 3092 1787 3155; x_wconf 91' lang='lat' dir='ltr'>in</span> <span class='ocrx_word' id='word_1_198' title='bbox 1810 3097 2049 3174; x_wconf 87' lang='lat' dir='ltr'>provisionibus</span> 
     </span>
     <span class='ocr_line' id='line_1_21' title="bbox 549 3201 1917 3285; baseline 0.003 -16"><span class='ocrx_word' id='word_1_199' title='bbox 549 3205 626 3272; x_wconf 91' lang='lat' dir='ltr'>solis</span> <span class='ocrx_word' id='word_1_200' title='bbox 650 3204 797 3269; x_wconf 88' lang='lat' dir='ltr'>valuisse.</span> <span class='ocrx_word' id='word_1_201' title='bbox 822 3202 947 3285; x_wconf 87' lang='lat' dir='ltr'>Contra,</span> <span class='ocrx_word' id='word_1_202' title='bbox 970 3202 1073 3284; x_wconf 89' lang='lat' dir='ltr'>quoad</span> <span class='ocrx_word' id='word_1_203' title='bbox 1096 3201 1164 3265; x_wconf 85' lang='lat' dir='ltr'>lieri</span> <span class='ocrx_word' id='word_1_204' title='bbox 1186 3202 1299 3282; x_wconf 92' lang='lat' dir='ltr'>potuit,</span> <span class='ocrx_word' id='word_1_205' title='bbox 1322 3201 1354 3264; x_wconf 91' lang='lat' dir='ltr'>in</span> <span class='ocrx_word' id='word_1_206' title='bbox 1377 3207 1503 3280; x_wconf 79' lang='lat' dir='ltr'>regesto</span> <span class='ocrx_word' id='word_1_207' title='bbox 1519 3202 1683 3266; x_wconf 85' lang='lat' dir='ltr'>lorumlam</span> <span class='ocrx_word' id='word_1_208' title='bbox 1698 3203 1917 3275; x_wconf 88' lang='lat' dir='ltr'>indicavimus.</span> 
     </span>
    </p>
   </div>
   <div class='ocr_carea' id='block_1_3' title="bbox 526 3331 2053 5806">
    <p class='ocr_par' dir='ltr' id='par_1_5' title="bbox 547 3331 2053 3979">
     <span class='ocr_line' id='line_1_22' title="bbox 653 3331 2049 3410; baseline 0.009 -11"><span class='ocrx_word' id='word_1_209' title='bbox 653 3336 751 3400; x_wconf 86' lang='lat' dir='ltr'>ludex</span> <span class='ocrx_word' id='word_1_210' title='bbox 775 3334 848 3398; x_wconf 91' lang='lat' dir='ltr'>huic</span> <span class='ocrx_word' id='word_1_211' title='bbox 869 3333 1021 3400; x_wconf 84' lang='lat' dir='ltr'>volumini</span> <span class='ocrx_word' id='word_1_212' title='bbox 1044 3332 1211 3397; x_wconf 89' lang='lat' dir='ltr'>adiunctus</span> <span class='ocrx_word' id='word_1_213' title='bbox 1234 3333 1303 3397; x_wconf 91' lang='lat' dir='ltr'>sola</span> <span class='ocrx_word' id='word_1_214' title='bbox 1332 3331 1490 3396; x_wconf 89' lang='lat' dir='ltr'>hominum</span> <span class='ocrx_word' id='word_1_215' title='bbox 1525 3338 1559 3396; x_wconf 95' lang='lat' dir='ltr'>et</span> <span class='ocrx_word' id='word_1_216' title='bbox 1581 3333 1720 3398; x_wconf 89' lang='lat' dir='ltr'>locorum</span> <span class='ocrx_word' id='word_1_217' title='bbox 1743 3338 1872 3402; x_wconf 90' lang='lat' dir='ltr'>nomina</span> <span class='ocrx_word' id='word_1_218' title='bbox 1895 3346 2049 3410; x_wconf 89' lang='lat' dir='ltr'>continet.</span> 
     </span>
     <span class='ocr_line' id='line_1_23' title="bbox 549 3445 2051 3529; baseline 0.006 -14"><span class='ocrx_word' id='word_1_219' title='bbox 549 3451 585 3515; x_wconf 94' lang='lat' dir='ltr'>ln</span> <span class='ocrx_word' id='word_1_220' title='bbox 608 3450 748 3515; x_wconf 89' lang='lat' dir='ltr'>locorum</span> <span class='ocrx_word' id='word_1_221' title='bbox 771 3447 948 3513; x_wconf 88' lang='lat' dir='ltr'>nominibus</span> <span class='ocrx_word' id='word_1_222' title='bbox 971 3446 1079 3528; x_wconf 79' lang='lat' dir='ltr'>forrum,</span> <span class='ocrx_word' id='word_1_223' title='bbox 1102 3465 1164 3527; x_wconf 88' lang='lat' dir='ltr'>qua</span> <span class='ocrx_word' id='word_1_224' title='bbox 1186 3464 1268 3509; x_wconf 91' lang='lat' dir='ltr'>nunc</span> <span class='ocrx_word' id='word_1_225' title='bbox 1291 3445 1417 3526; x_wconf 91' lang='lat' dir='ltr'>utimur,</span> <span class='ocrx_word' id='word_1_226' title='bbox 1440 3445 1540 3527; x_wconf 88' lang='lat' dir='ltr'>prirno</span> <span class='ocrx_word' id='word_1_227' title='bbox 1563 3446 1631 3511; x_wconf 92' lang='lat' dir='ltr'>loco</span> <span class='ocrx_word' id='word_1_228' title='bbox 1654 3448 1761 3529; x_wconf 90' lang='lat' dir='ltr'>posita</span> <span class='ocrx_word' id='word_1_229' title='bbox 1781 3456 1841 3515; x_wconf 88' lang='lat' dir='ltr'>est.</span> <span class='ocrx_word' id='word_1_230' title='bbox 1882 3454 1951 3519; x_wconf 83' lang='lat' dir='ltr'>Neo</span> <span class='ocrx_word' id='word_1_231' title='bbox 1975 3477 2051 3523; x_wconf 87' lang='lat' dir='ltr'>sane</span> 
     </span>
     <span class='ocr_line' id='line_1_24' title="bbox 548 3559 2052 3644; baseline 0.007 -16"><span class='ocrx_word' id='word_1_232' title='bbox 548 3564 713 3629; x_wconf 83' lang='lat' dir='ltr'>miraberis</span> <span class='ocrx_word' id='word_1_233' title='bbox 737 3564 769 3626; x_wconf 94' lang='lat' dir='ltr'>in</span> <span class='ocrx_word' id='word_1_234' title='bbox 793 3562 851 3625; x_wconf 90' lang='lat' dir='ltr'>hac</span> <span class='ocrx_word' id='word_1_235' title='bbox 873 3560 1087 3643; x_wconf 84' lang='lat' dir='ltr'>publicatione</span> <span class='ocrx_word' id='word_1_236' title='bbox 1111 3559 1269 3640; x_wconf 89' lang='lat' dir='ltr'>permulta</span> <span class='ocrx_word' id='word_1_237' title='bbox 1302 3576 1373 3623; x_wconf 90' lang='lat' dir='ltr'>esse</span> <span class='ocrx_word' id='word_1_238' title='bbox 1407 3560 1533 3622; x_wconf 88' lang='lat' dir='ltr'>nomina</span> <span class='ocrx_word' id='word_1_239' title='bbox 1563 3564 1705 3644; x_wconf 86' lang='lat' dir='ltr'>externa,</span> <span class='ocrx_word' id='word_1_240' title='bbox 1729 3563 1757 3626; x_wconf 89' lang='lat' dir='ltr'>si</span> <span class='ocrx_word' id='word_1_241' title='bbox 1781 3567 1873 3631; x_wconf 91' lang='lat' dir='ltr'>modo</span> <span class='ocrx_word' id='word_1_242' title='bbox 1896 3575 2052 3638; x_wconf 89' lang='lat' dir='ltr'>memoria</span> 
     </span>
     <span class='ocr_line' id='line_1_25' title="bbox 548 3673 2053 3761; baseline 0.005 -18"><span class='ocrx_word' id='word_1_243' title='bbox 548 3679 682 3761; x_wconf 86' lang='lat' dir='ltr'>tenebis,</span> <span class='ocrx_word' id='word_1_244' title='bbox 706 3695 798 3758; x_wconf 78' lang='lat' dir='ltr'>ourani</span> <span class='ocrx_word' id='word_1_245' title='bbox 822 3676 913 3739; x_wconf 88' lang='lat' dir='ltr'>nudti</span> <span class='ocrx_word' id='word_1_246' title='bbox 929 3675 1049 3739; x_wconf 87' lang='lat' dir='ltr'>luerint</span> <span class='ocrx_word' id='word_1_247' title='bbox 1072 3674 1214 3737; x_wconf 87' lang='lat' dir='ltr'>homines</span> <span class='ocrx_word' id='word_1_248' title='bbox 1237 3679 1416 3737; x_wconf 86' lang='lat' dir='ltr'>exterarum</span> <span class='ocrx_word' id='word_1_249' title='bbox 1454 3673 1604 3754; x_wconf 77' lang='lat' dir='ltr'>gentium,</span> <span class='ocrx_word' id='word_1_250' title='bbox 1636 3675 1820 3754; x_wconf 80' lang='lat' dir='ltr'>qrribnscum</span> <span class='ocrx_word' id='word_1_251' title='bbox 1851 3679 1996 3749; x_wconf 77' lang='lat' dir='ltr'>loannes</span> <span class='ocrx_word' id='word_1_252' title='bbox 2019 3694 2053 3751; x_wconf 92' lang='lat' dir='ltr'>et</span> 
     </span>
     <span class='ocr_line' id='line_1_26' title="bbox 548 3786 2051 3872; baseline 0.006 -18"><span class='ocrx_word' id='word_1_253' title='bbox 548 3792 680 3857; x_wconf 87' lang='lat' dir='ltr'>Carolus</span> <span class='ocrx_word' id='word_1_254' title='bbox 702 3790 862 3872; x_wconf 90' lang='lat' dir='ltr'>principes</span> <span class='ocrx_word' id='word_1_255' title='bbox 885 3788 1102 3853; x_wconf 86' lang='lat' dir='ltr'>corumercium</span> <span class='ocrx_word' id='word_1_256' title='bbox 1126 3800 1159 3851; x_wconf 87' lang='lat' dir='ltr'>et</span> <span class='ocrx_word' id='word_1_257' title='bbox 1181 3806 1273 3851; x_wconf 90' lang='lat' dir='ltr'>usum</span> <span class='ocrx_word' id='word_1_258' title='bbox 1296 3787 1458 3851; x_wconf 87' lang='lat' dir='ltr'>habereut.</span> <span class='ocrx_word' id='word_1_259' title='bbox 1484 3786 1622 3863; x_wconf 74' lang='lat' dir='ltr'>Quorum</span> <span class='ocrx_word' id='word_1_260' title='bbox 1645 3788 1804 3853; x_wconf 89' lang='lat' dir='ltr'>nominum</span> <span class='ocrx_word' id='word_1_261' title='bbox 1821 3802 1973 3860; x_wconf 90' lang='lat' dir='ltr'>accurata</span> <span class='ocrx_word' id='word_1_262' title='bbox 1997 3800 2051 3862; x_wconf 91' lang='lat' dir='ltr'>do-</span> 
     </span>
     <span class='ocr_line' id='line_1_27' title="bbox 547 3900 2052 3979; baseline 0.006 -11"><span class='ocrx_word' id='word_1_263' title='bbox 547 3904 648 3969; x_wconf 87' lang='lat' dir='ltr'>finitio</span> <span class='ocrx_word' id='word_1_264' title='bbox 671 3919 812 3967; x_wconf 88' lang='lat' dir='ltr'>summae</span> <span class='ocrx_word' id='word_1_265' title='bbox 835 3900 1020 3965; x_wconf 84' lang='lat' dir='ltr'>dificultatis</span> <span class='ocrx_word' id='word_1_266' title='bbox 1043 3905 1120 3963; x_wconf 90' lang='lat' dir='ltr'>erat.</span> <span class='ocrx_word' id='word_1_267' title='bbox 1145 3900 1235 3975; x_wconf 83' lang='lat' dir='ltr'>Quod</span> <span class='ocrx_word' id='word_1_268' title='bbox 1258 3900 1284 3963; x_wconf 91' lang='lat' dir='ltr'>si</span> <span class='ocrx_word' id='word_1_269' title='bbox 1309 3918 1371 3979; x_wconf 90' lang='lat' dir='ltr'>qua</span> <span class='ocrx_word' id='word_1_270' title='bbox 1393 3900 1549 3963; x_wconf 87' lang='lat' dir='ltr'>dubitatio</span> <span class='ocrx_word' id='word_1_271' title='bbox 1573 3901 1612 3964; x_wconf 90' lang='lat' dir='ltr'>de</span> <span class='ocrx_word' id='word_1_272' title='bbox 1637 3920 1711 3966; x_wconf 86' lang='lat' dir='ltr'>vera</span> <span class='ocrx_word' id='word_1_273' title='bbox 1728 3904 2052 3976; x_wconf 87' lang='lat' dir='ltr'>nominisdefiniendi</span> 
     </span>
    </p>

    <p class='ocr_par' dir='ltr' id='par_1_6' title="bbox 526 4011 2052 5222">
     <span class='ocr_line' id='line_1_28' title="bbox 526 4011 2047 4096; baseline 0.005 -15"><span class='ocrx_word' id='word_1_274' title='bbox 526 4018 671 4083; x_wconf 91' lang='lat' dir='ltr'>-ratioue</span> <span class='ocrx_word' id='word_1_275' title='bbox 694 4016 772 4081; x_wconf 91' lang='lat' dir='ltr'>mihi</span> <span class='ocrx_word' id='word_1_276' title='bbox 795 4021 866 4080; x_wconf 82' lang='lat' dir='ltr'>orta</span> <span class='ocrx_word' id='word_1_277' title='bbox 889 4020 967 4095; x_wconf 87' lang='lat' dir='ltr'>erat,</span> <span class='ocrx_word' id='word_1_278' title='bbox 991 4019 1026 4077; x_wconf 89' lang='lat' dir='ltr'>ut</span> <span class='ocrx_word' id='word_1_279' title='bbox 1048 4031 1107 4094; x_wconf 91' lang='lat' dir='ltr'>par</span> <span class='ocrx_word' id='word_1_280' title='bbox 1128 4012 1197 4093; x_wconf 80' lang='lat' dir='ltr'>huit,</span> <span class='ocrx_word' id='word_1_281' title='bbox 1231 4012 1376 4076; x_wconf 85' lang='lat' dir='ltr'>indicaui.</span> <span class='ocrx_word' id='word_1_282' title='bbox 1421 4014 1466 4076; x_wconf 79' lang='lat' dir='ltr'>hc</span> <span class='ocrx_word' id='word_1_283' title='bbox 1489 4011 1557 4076; x_wconf 87' lang='lat' dir='ltr'>fieri</span> <span class='ocrx_word' id='word_1_284' title='bbox 1580 4021 1695 4096; x_wconf 89' lang='lat' dir='ltr'>potest,</span> <span class='ocrx_word' id='word_1_285' title='bbox 1719 4021 1755 4079; x_wconf 93' lang='lat' dir='ltr'>ut</span> <span class='ocrx_word' id='word_1_286' title='bbox 1777 4021 1971 4087; x_wconf 87' lang='lat' dir='ltr'>necessariis</span> <span class='ocrx_word' id='word_1_287' title='bbox 1995 4027 2047 4090; x_wconf 92' lang='lat' dir='ltr'>ad·</span> 
     </span>
     <span class='ocr_line' id='line_1_29' title="bbox 546 4125 2051 4212; baseline 0.004 -15"><span class='ocrx_word' id='word_1_288' title='bbox 546 4132 706 4197; x_wconf 84' lang='lat' dir='ltr'>rniniculis</span> <span class='ocrx_word' id='word_1_289' title='bbox 729 4130 904 4194; x_wconf 90' lang='lat' dir='ltr'>destitutus</span> <span class='ocrx_word' id='word_1_290' title='bbox 926 4128 959 4191; x_wconf 93' lang='lat' dir='ltr'>in</span> <span class='ocrx_word' id='word_1_291' title='bbox 983 4125 1142 4191; x_wconf 89' lang='lat' dir='ltr'>nonnullis</span> <span class='ocrx_word' id='word_1_292' title='bbox 1165 4127 1345 4206; x_wconf 79' lang='lat' dir='ltr'>erraverim,</span> <span class='ocrx_word' id='word_1_293' title='bbox 1377 4146 1439 4207; x_wconf 86' lang='lat' dir='ltr'>qua</span> <span class='ocrx_word' id='word_1_294' title='bbox 1472 4127 1511 4191; x_wconf 79' lang='lat' dir='ltr'>cle</span> <span class='ocrx_word' id='word_1_295' title='bbox 1535 4145 1570 4190; x_wconf 87' lang='lat' dir='ltr'>re</span> <span class='ocrx_word' id='word_1_296' title='bbox 1592 4128 1744 4192; x_wconf 86' lang='lat' dir='ltr'>lectorem</span> <span class='ocrx_word' id='word_1_297' title='bbox 1768 4131 1905 4212; x_wconf 75' lang='lat' dir='ltr'>benigne</span> <span class='ocrx_word' id='word_1_298' title='bbox 1929 4135 2051 4203; x_wconf 90' lang='lat' dir='ltr'>indica·</span> 
     </span>
     <span class='ocr_line' id='line_1_30' title="bbox 547 4238 2051 4322; baseline 0.005 -12"><span class='ocrx_word' id='word_1_299' title='bbox 547 4253 651 4311; x_wconf 89' lang='lat' dir='ltr'>turum</span> <span class='ocrx_word' id='word_1_300' title='bbox 675 4261 747 4307; x_wconf 88' lang='lat' dir='ltr'>esse</span> <span class='ocrx_word' id='word_1_301' title='bbox 771 4261 840 4306; x_wconf 89' lang='lat' dir='ltr'>meo</span> <span class='ocrx_word' id='word_1_302' title='bbox 864 4240 941 4305; x_wconf 90' lang='lat' dir='ltr'>milri</span> <span class='ocrx_word' id='word_1_303' title='bbox 963 4240 1032 4303; x_wconf 90' lang='lat' dir='ltr'>iure</span> <span class='ocrx_word' id='word_1_304' title='bbox 1056 4256 1185 4319; x_wconf 86' lang='lat' dir='ltr'>sperare</span> <span class='ocrx_word' id='word_1_305' title='bbox 1209 4238 1327 4304; x_wconf 86' lang='lat' dir='ltr'>videor.</span> <span class='ocrx_word' id='word_1_306' title='bbox 1368 4240 1481 4305; x_wconf 87' lang='lat' dir='ltr'>Levior</span> <span class='ocrx_word' id='word_1_307' title='bbox 1503 4239 1538 4304; x_wconf 86' lang='lat' dir='ltr'>fit</span> <span class='ocrx_word' id='word_1_308' title='bbox 1560 4260 1657 4322; x_wconf 87' lang='lat' dir='ltr'>error,</span> <span class='ocrx_word' id='word_1_309' title='bbox 1691 4260 1783 4322; x_wconf 88' lang='lat' dir='ltr'>quem</span> <span class='ocrx_word' id='word_1_310' title='bbox 1807 4244 1941 4310; x_wconf 85' lang='lat' dir='ltr'>forsitan</span> <span class='ocrx_word' id='word_1_311' title='bbox 1967 4269 2051 4316; x_wconf 88' lang='lat' dir='ltr'>corn-</span> 
     </span>
     <span class='ocr_line' id='line_1_31' title="bbox 546 4352 2051 4442; baseline 0.003 -17"><span class='ocrx_word' id='word_1_312' title='bbox 546 4358 695 4438; x_wconf 86' lang='lat' dir='ltr'>rniscrirn,</span> <span class='ocrx_word' id='word_1_313' title='bbox 719 4355 874 4437; x_wconf 78' lang='lat' dir='ltr'>eoquod</span> <span class='ocrx_word' id='word_1_314' title='bbox 898 4371 1006 4418; x_wconf 89' lang='lat' dir='ltr'>omnes</span> <span class='ocrx_word' id='word_1_315' title='bbox 1037 4353 1141 4415; x_wconf 88' lang='lat' dir='ltr'>varias</span> <span class='ocrx_word' id='word_1_316' title='bbox 1163 4352 1317 4417; x_wconf 88' lang='lat' dir='ltr'>lectiones</span> <span class='ocrx_word' id='word_1_317' title='bbox 1340 4372 1409 4416; x_wconf 90' lang='lat' dir='ltr'>cum</span> <span class='ocrx_word' id='word_1_318' title='bbox 1444 4354 1571 4434; x_wconf 70' lang='lat' dir='ltr'>litteris</span> <span class='ocrx_word' id='word_1_319' title='bbox 1611 4356 1662 4420; x_wconf 80' lang='lat' dir='ltr'>rubi</span> <span class='ocrx_word' id='word_1_320' title='bbox 1686 4356 1898 4442; x_wconf 87' lang='lat' dir='ltr'>reperiuntur,</span> <span class='ocrx_word' id='word_1_321' title='bbox 1921 4366 2051 4429; x_wconf 85' lang='lat' dir='ltr'>nomine</span> 
     </span>
     <span class='ocr_line' id='line_1_32' title="bbox 546 4465 2052 4557; baseline 0.007 -24"><span class='ocrx_word' id='word_1_322' title='bbox 546 4493 607 4554; x_wconf 79' lang='lat' dir='ltr'>quio</span> <span class='ocrx_word' id='word_1_323' title='bbox 630 4473 803 4557; x_wconf 86' lang='lat' dir='ltr'>pertinent,</span> <span class='ocrx_word' id='word_1_324' title='bbox 826 4467 996 4549; x_wconf 88' lang='lat' dir='ltr'>adscripto,</span> <span class='ocrx_word' id='word_1_325' title='bbox 1019 4484 1077 4530; x_wconf 92' lang='lat' dir='ltr'>suo</span> <span class='ocrx_word' id='word_1_326' title='bbox 1100 4465 1168 4530; x_wconf 93' lang='lat' dir='ltr'>loco</span> <span class='ocrx_word' id='word_1_327' title='bbox 1191 4465 1337 4547; x_wconf 86' lang='lat' dir='ltr'>indicavi,</span> <span class='ocrx_word' id='word_1_328' title='bbox 1360 4486 1421 4546; x_wconf 80' lang='lat' dir='ltr'>qum</span> <span class='ocrx_word' id='word_1_329' title='bbox 1444 4466 1520 4529; x_wconf 84' lang='lat' dir='ltr'>viris</span> <span class='ocrx_word' id='word_1_330' title='bbox 1544 4467 1645 4531; x_wconf 89' lang='lat' dir='ltr'>doctis</span> <span class='ocrx_word' id='word_1_331' title='bbox 1662 4486 1782 4532; x_wconf 90' lang='lat' dir='ltr'>surnma</span> <span class='ocrx_word' id='word_1_332' title='bbox 1794 4469 1931 4536; x_wconf 84' lang='lat' dir='ltr'>facultas</span> <span class='ocrx_word' id='word_1_333' title='bbox 1944 4480 2052 4543; x_wconf 88' lang='lat' dir='ltr'>omnia</span> 
     </span>
     <span class='ocr_line' id='line_1_33' title="bbox 545 4580 2051 4672; baseline 0.001 -17"><span class='ocrx_word' id='word_1_334' title='bbox 545 4591 606 4655; x_wconf 90' lang='lat' dir='ltr'>rite</span> <span class='ocrx_word' id='word_1_335' title='bbox 630 4583 841 4670; x_wconf 75' lang='lat' dir='ltr'>cogitoscondi</span> <span class='ocrx_word' id='word_1_336' title='bbox 864 4601 900 4646; x_wconf 88' lang='lat' dir='ltr'>ac</span> <span class='ocrx_word' id='word_1_337' title='bbox 924 4580 1118 4645; x_wconf 89' lang='lat' dir='ltr'>diiudicandi</span> <span class='ocrx_word' id='word_1_338' title='bbox 1141 4580 1216 4643; x_wconf 90' lang='lat' dir='ltr'>data</span> <span class='ocrx_word' id='word_1_339' title='bbox 1239 4584 1298 4643; x_wconf 86' lang='lat' dir='ltr'>est.</span> <span class='ocrx_word' id='word_1_340' title='bbox 1334 4580 1381 4643; x_wconf 75' lang='lat' dir='ltr'>Ad</span> <span class='ocrx_word' id='word_1_341' title='bbox 1420 4598 1526 4644; x_wconf 91' lang='lat' dir='ltr'>vocem</span> <span class='ocrx_word' id='word_1_342' title='bbox 1561 4581 1766 4662; x_wconf 86' lang='lat' dir='ltr'>principalem</span> <span class='ocrx_word' id='word_1_343' title='bbox 1791 4586 1916 4650; x_wconf 89' lang='lat' dir='ltr'>accedit</span> <span class='ocrx_word' id='word_1_344' title='bbox 1940 4594 2051 4672; x_wconf 88' lang='lat' dir='ltr'>appel-</span> 
     </span>
     <span class='ocr_line' id='line_1_34' title="bbox 543 4693 2051 4790; baseline 0.003 -23"><span class='ocrx_word' id='word_1_345' title='bbox 543 4704 622 4768; x_wconf 89' lang='lat' dir='ltr'>latio</span> <span class='ocrx_word' id='word_1_346' title='bbox 645 4700 810 4766; x_wconf 85' lang='lat' dir='ltr'>bohornica</span> <span class='ocrx_word' id='word_1_347' title='bbox 832 4696 883 4760; x_wconf 84' lang='lat' dir='ltr'>vel</span> <span class='ocrx_word' id='word_1_348' title='bbox 907 4700 1048 4774; x_wconf 86' lang='lat' dir='ltr'>externa,</span> <span class='ocrx_word' id='word_1_349' title='bbox 1071 4711 1152 4774; x_wconf 74' lang='lat' dir='ltr'>quate</span> <span class='ocrx_word' id='word_1_350' title='bbox 1175 4693 1223 4758; x_wconf 95' lang='lat' dir='ltr'>illi</span> <span class='ocrx_word' id='word_1_351' title='bbox 1246 4694 1427 4775; x_wconf 88' lang='lat' dir='ltr'>respondet,</span> <span class='ocrx_word' id='word_1_352' title='bbox 1450 4701 1515 4757; x_wconf 87' lang='grc'>111111</span> <span class='ocrx_word' id='word_1_353' title='bbox 1540 4713 1653 4760; x_wconf 90' lang='lat' dir='ltr'>nomen</span> <span class='ocrx_word' id='word_1_354' title='bbox 1677 4702 1781 4760; x_wconf 86' lang='lat' dir='ltr'>terrae</span> <span class='ocrx_word' id='word_1_355' title='bbox 1798 4705 1832 4763; x_wconf 91' lang='lat' dir='ltr'>et</span> <span class='ocrx_word' id='word_1_356' title='bbox 1855 4703 2051 4790; x_wconf 79' lang='lat' dir='ltr'>provinciae,</span> 
     </span>
     <span class='ocr_line' id='line_1_35' title="bbox 544 4807 2051 4892; baseline 0.004 -13"><span class='ocrx_word' id='word_1_357' title='bbox 544 4816 597 4880; x_wconf 92' lang='lat' dir='ltr'>ubi</span> <span class='ocrx_word' id='word_1_358' title='bbox 622 4815 710 4879; x_wconf 86' lang='lat' dir='ltr'>vicus</span> <span class='ocrx_word' id='word_1_359' title='bbox 733 4812 783 4875; x_wconf 87' lang='lat' dir='ltr'>vol</span> <span class='ocrx_word' id='word_1_360' title='bbox 808 4809 957 4892; x_wconf 91' lang='lat' dir='ltr'>oppidum</span> <span class='ocrx_word' id='word_1_361' title='bbox 981 4808 1030 4871; x_wconf 90' lang='lat' dir='ltr'>vel</span> <span class='ocrx_word' id='word_1_362' title='bbox 1056 4809 1129 4871; x_wconf 89' lang='lat' dir='ltr'>urbs</span> <span class='ocrx_word' id='word_1_363' title='bbox 1153 4807 1216 4871; x_wconf 91' lang='lat' dir='ltr'>sita</span> <span class='ocrx_word' id='word_1_364' title='bbox 1238 4813 1298 4883; x_wconf 84' lang='lat' dir='ltr'>est,</span> <span class='ocrx_word' id='word_1_365' title='bbox 1323 4807 1459 4886; x_wconf 71' lang='lat' dir='ltr'>(lenique</span> <span class='ocrx_word' id='word_1_366' title='bbox 1483 4816 1659 4887; x_wconf 80' lang='lat' dir='ltr'>sequuntur</span> <span class='ocrx_word' id='word_1_367' title='bbox 1670 4811 1777 4873; x_wconf 87' lang='lat' dir='ltr'>uariae</span> <span class='ocrx_word' id='word_1_368' title='bbox 1790 4812 1946 4879; x_wconf 86' lang='lat' dir='ltr'>lectiones</span> <span class='ocrx_word' id='word_1_369' title='bbox 1959 4822 2051 4885; x_wconf 70' lang='lat' dir='ltr'>runcis</span> 
     </span>
     <span class='ocr_line' id='line_1_36' title="bbox 543 4919 2047 5007; baseline 0.001 -13"><span class='ocrx_word' id='word_1_370' title='bbox 543 4930 694 4994; x_wconf 88' lang='lat' dir='ltr'>inclusae.</span> <span class='ocrx_word' id='word_1_371' title='bbox 720 4927 755 4991; x_wconf 91' lang='lat' dir='ltr'>ln</span> <span class='ocrx_word' id='word_1_372' title='bbox 779 4922 904 5007; x_wconf 88' lang='lat' dir='ltr'>oppidis</span> <span class='ocrx_word' id='word_1_373' title='bbox 927 4922 977 4986; x_wconf 84' lang='lat' dir='ltr'>vel</span> <span class='ocrx_word' id='word_1_374' title='bbox 1002 4922 1140 5001; x_wconf 89' lang='lat' dir='ltr'>urbibus,</span> <span class='ocrx_word' id='word_1_375' title='bbox 1163 4939 1244 5001; x_wconf 89' lang='lat' dir='ltr'>quac</span> <span class='ocrx_word' id='word_1_376' title='bbox 1267 4919 1451 4985; x_wconf 88' lang='lat' dir='ltr'>dioeceseos</span> <span class='ocrx_word' id='word_1_377' title='bbox 1475 4921 1568 4984; x_wconf 88' lang='lat' dir='ltr'>sedes</span> <span class='ocrx_word' id='word_1_378' title='bbox 1592 4928 1674 5002; x_wconf 89' lang='lat' dir='ltr'>sunt,</span> <span class='ocrx_word' id='word_1_379' title='bbox 1690 4924 1897 5006; x_wconf 87' lang='lat' dir='ltr'>omnia,qnae</span> <span class='ocrx_word' id='word_1_380' title='bbox 1911 4931 1951 4993; x_wconf 91' lang='lat' dir='ltr'>ad</span> <span class='ocrx_word' id='word_1_381' title='bbox 1965 4931 2047 4997; x_wconf 85' lang='lat' dir='ltr'>lraur</span> 
     </span>
     <span class='ocr_line' id='line_1_37' title="bbox 545 5034 2050 5129; baseline 0.003 -23"><span class='ocrx_word' id='word_1_382' title='bbox 545 5042 717 5109; x_wconf 87' lang='lat' dir='ltr'>dioecesim</span> <span class='ocrx_word' id='word_1_383' title='bbox 740 5041 912 5122; x_wconf 87' lang='lat' dir='ltr'>pertinent,</span> <span class='ocrx_word' id='word_1_384' title='bbox 935 5036 1069 5101; x_wconf 88' lang='lat' dir='ltr'>collecta</span> <span class='ocrx_word' id='word_1_385' title='bbox 1092 5042 1175 5116; x_wconf 89' lang='lat' dir='ltr'>sunt,</span> <span class='ocrx_word' id='word_1_386' title='bbox 1198 5035 1225 5097; x_wconf 89' lang='lat' dir='ltr'>si</span> <span class='ocrx_word' id='word_1_387' title='bbox 1249 5034 1386 5114; x_wconf 83' lang='lat' dir='ltr'>quidem,</span> <span class='ocrx_word' id='word_1_388' title='bbox 1409 5035 1535 5113; x_wconf 81' lang='lat' dir='ltr'>quodiu</span> <span class='ocrx_word' id='word_1_389' title='bbox 1549 5036 1667 5100; x_wconf 84' lang='lat' dir='ltr'>litteris</span> <span class='ocrx_word' id='word_1_390' title='bbox 1680 5038 1864 5118; x_wconf 88' lang='lat' dir='ltr'>apostolicis</span> <span class='ocrx_word' id='word_1_391' title='bbox 1876 5061 1935 5107; x_wconf 88' lang='lat' dir='ltr'>usn</span> <span class='ocrx_word' id='word_1_392' title='bbox 1950 5048 2050 5129; x_wconf 83' lang='lat' dir='ltr'>verrit,</span> 
     </span>
     <span class='ocr_line' id='line_1_38' title="bbox 544 5152 1203 5222; baseline -0.012 -2"><span class='ocrx_word' id='word_1_393' title='bbox 544 5156 701 5222; x_wconf 86' lang='lat' dir='ltr'>dioecesis</span> <span class='ocrx_word' id='word_1_394' title='bbox 725 5152 909 5219; x_wconf 86' lang='lat' dir='ltr'>nominatim</span> <span class='ocrx_word' id='word_1_395' title='bbox 933 5155 1203 5215; x_wconf 74' lang='lat' dir='ltr'>columenroratur.</span> 
     </span>
    </p>

    <p class='ocr_par' dir='ltr' id='par_1_7' title="bbox 541 5262 2048 5806">
     <span class='ocr_line' id='line_1_39' title="bbox 646 5262 2048 5348; baseline 0.004 -15"><span class='ocrx_word' id='word_1_396' title='bbox 646 5268 833 5334; x_wconf 81' lang='lat' dir='ltr'>Nominibus</span> <span class='ocrx_word' id='word_1_397' title='bbox 856 5267 995 5330; x_wconf 88' lang='lat' dir='ltr'>locorum</span> <span class='ocrx_word' id='word_1_398' title='bbox 1019 5263 1187 5327; x_wconf 90' lang='lat' dir='ltr'>subiuncta</span> <span class='ocrx_word' id='word_1_399' title='bbox 1210 5269 1284 5325; x_wconf 75' lang='lat' dir='ltr'>sarrit</span> <span class='ocrx_word' id='word_1_400' title='bbox 1314 5262 1441 5325; x_wconf 84' lang='lat' dir='ltr'>norrrina</span> <span class='ocrx_word' id='word_1_401' title='bbox 1464 5262 1632 5345; x_wconf 83' lang='lat' dir='ltr'>hominum,</span> <span class='ocrx_word' id='word_1_402' title='bbox 1663 5283 1743 5344; x_wconf 69' lang='lat' dir='ltr'>(puae</span> <span class='ocrx_word' id='word_1_403' title='bbox 1779 5273 1907 5348; x_wconf 87' lang='lat' dir='ltr'>praeter</span> <span class='ocrx_word' id='word_1_404' title='bbox 1929 5289 2048 5339; x_wconf 90' lang='lat' dir='ltr'>nornen</span> 
     </span>
     <span class='ocr_line' id='line_1_40' title="bbox 542 5377 2047 5468; baseline 0.003 -20"><span class='ocrx_word' id='word_1_405' title='bbox 542 5385 592 5448; x_wconf 89' lang='lat' dir='ltr'>vel</span> <span class='ocrx_word' id='word_1_406' title='bbox 616 5384 743 5449; x_wconf 87' lang='lat' dir='ltr'>nornina</span> <span class='ocrx_word' id='word_1_407' title='bbox 767 5380 968 5463; x_wconf 87' lang='lat' dir='ltr'>baptismatis</span> <span class='ocrx_word' id='word_1_408' title='bbox 991 5379 1087 5442; x_wconf 72' lang='lat' dir='ltr'>etiarm</span> <span class='ocrx_word' id='word_1_409' title='bbox 1114 5396 1226 5441; x_wconf 84' lang='lat' dir='ltr'>uonreu</span> <span class='ocrx_word' id='word_1_410' title='bbox 1249 5378 1311 5441; x_wconf 87' lang='lat' dir='ltr'>loci</span> <span class='ocrx_word' id='word_1_411' title='bbox 1334 5377 1506 5441; x_wconf 87' lang='lat' dir='ltr'>continent.</span> <span class='ocrx_word' id='word_1_412' title='bbox 1532 5378 1664 5442; x_wconf 89' lang='lat' dir='ltr'>Nomina</span> <span class='ocrx_word' id='word_1_413' title='bbox 1688 5380 1856 5459; x_wconf 89' lang='lat' dir='ltr'>homiuum,</span> <span class='ocrx_word' id='word_1_414' title='bbox 1880 5381 1947 5446; x_wconf 87' lang='lat' dir='ltr'>solo</span> <span class='ocrx_word' id='word_1_415' title='bbox 1970 5385 2047 5468; x_wconf 77' lang='lat' dir='ltr'>lurp,</span> 
     </span>
     <span class='ocr_line' id='line_1_41' title="bbox 541 5490 2046 5575; baseline 0.002 -14"><span class='ocrx_word' id='word_1_416' title='bbox 541 5498 679 5562; x_wconf 84' lang='lat' dir='ltr'>tisinatis</span> <span class='ocrx_word' id='word_1_417' title='bbox 702 5496 828 5560; x_wconf 84' lang='lat' dir='ltr'>nornine</span> <span class='ocrx_word' id='word_1_418' title='bbox 852 5492 1093 5575; x_wconf 78' lang='lat' dir='ltr'>appellatormn,</span> <span class='ocrx_word' id='word_1_419' title='bbox 1118 5492 1175 5554; x_wconf 90' lang='lat' dir='ltr'>snb</span> <span class='ocrx_word' id='word_1_420' title='bbox 1210 5490 1267 5553; x_wconf 88' lang='lat' dir='ltr'>hac</span> <span class='ocrx_word' id='word_1_421' title='bbox 1301 5490 1372 5572; x_wconf 90' lang='lat' dir='ltr'>ipsa</span> <span class='ocrx_word' id='word_1_422' title='bbox 1403 5509 1478 5553; x_wconf 86' lang='lat' dir='ltr'>voce</span> <span class='ocrx_word' id='word_1_423' title='bbox 1509 5492 1666 5568; x_wconf 62' lang='lat' dir='ltr'>leguntur.</span> <span class='ocrx_word' id='word_1_424' title='bbox 1714 5494 1746 5557; x_wconf 86' lang='lat' dir='ltr'>Si</span> <span class='ocrx_word' id='word_1_425' title='bbox 1770 5514 1884 5558; x_wconf 71' lang='lat' dir='ltr'>rrarruen</span> <span class='ocrx_word' id='word_1_426' title='bbox 1907 5495 2046 5564; x_wconf 87' lang='lat' dir='ltr'>hominis</span> 
     </span>
     <span class='ocr_line' id='line_1_42' title="bbox 542 5605 2047 5690; baseline 0.003 -18"><span class='ocrx_word' id='word_1_427' title='bbox 542 5617 667 5675; x_wconf 83' lang='lat' dir='ltr'>constat</span> <span class='ocrx_word' id='word_1_428' title='bbox 690 5629 729 5673; x_wconf 85' lang='lat' dir='ltr'>cx</span> <span class='ocrx_word' id='word_1_429' title='bbox 753 5608 880 5690; x_wconf 81' lang='lat' dir='ltr'>proprio</span> <span class='ocrx_word' id='word_1_430' title='bbox 904 5605 1028 5669; x_wconf 88' lang='lat' dir='ltr'>nourino</span> <span class='ocrx_word' id='word_1_431' title='bbox 1053 5605 1253 5685; x_wconf 81' lang='lat' dir='ltr'>inuptismatis</span> <span class='ocrx_word' id='word_1_432' title='bbox 1277 5611 1310 5667; x_wconf 90' lang='lat' dir='ltr'>et</span> <span class='ocrx_word' id='word_1_433' title='bbox 1334 5605 1533 5685; x_wconf 87' lang='lat' dir='ltr'>baptismatis</span> <span class='ocrx_word' id='word_1_434' title='bbox 1568 5607 1691 5669; x_wconf 86' lang='lat' dir='ltr'>nornine</span> <span class='ocrx_word' id='word_1_435' title='bbox 1716 5608 1816 5687; x_wconf 89' lang='lat' dir='ltr'>patris</span> <span class='ocrx_word' id='word_1_436' title='bbox 1839 5609 1870 5671; x_wconf 92' lang='lat' dir='ltr'>in</span> <span class='ocrx_word' id='word_1_437' title='bbox 1895 5612 2047 5690; x_wconf 65' lang='lat' dir='ltr'>partitiva,</span> 
     </span>
     <span class='ocr_line' id='line_1_43' title="bbox 542 5716 2045 5806; baseline 0.001 -19"><span class='ocrx_word' id='word_1_438' title='bbox 542 5725 702 5806; x_wconf 67' lang='lat' dir='ltr'>genitivus</span> <span class='ocrx_word' id='word_1_439' title='bbox 727 5722 851 5803; x_wconf 83' lang='lat' dir='ltr'>paterni</span> <span class='ocrx_word' id='word_1_440' title='bbox 876 5720 1011 5783; x_wconf 88' lang='lat' dir='ltr'>norninis</span> <span class='ocrx_word' id='word_1_441' title='bbox 1036 5718 1120 5781; x_wconf 82' lang='lat' dir='ltr'>vocis</span> <span class='ocrx_word' id='word_1_442' title='bbox 1155 5716 1338 5798; x_wconf 87' lang='lat' dir='ltr'>principalis</span> <span class='ocrx_word' id='word_1_443' title='bbox 1377 5716 1477 5780; x_wconf 87' lang='lat' dir='ltr'>locuur</span> <span class='ocrx_word' id='word_1_444' title='bbox 1516 5725 1613 5783; x_wconf 88' lang='lat' dir='ltr'>tenet.</span> <span class='ocrx_word' id='word_1_445' title='bbox 1660 5720 1714 5782; x_wconf 75' lang='lat' dir='ltr'>b&#39;iu</span> <span class='ocrx_word' id='word_1_446' title='bbox 1738 5728 1843 5783; x_wconf 88' lang='lat' dir='ltr'>autern</span> <span class='ocrx_word' id='word_1_447' title='bbox 1867 5740 1980 5786; x_wconf 87' lang='lat' dir='ltr'>nornen</span> <span class='ocrx_word' id='word_1_448' title='bbox 2006 5745 2045 5789; x_wconf 85' lang='lat' dir='ltr'>ex</span> 
     </span>
    </p>
   </div>
   <div class='ocr_carea' id='block_1_4' title="bbox 0 0 2596 7050">
    <p class='ocr_par' dir='ltr' id='par_1_8' title="bbox 0 0 2596 7050">
     <span class='ocr_line' id='line_1_44' title="bbox 0 0 2596 7050; baseline 0 2"><span class='ocrx_word' id='word_1_449' title='bbox 0 0 2596 7050; x_wconf 95' lang='lat' dir='ltr'> </span> 
     </span>
    </p>
   </div>
  </div>
 </body>
</html>
