5184 7050
632 893 696 990 aaa

627 1103 720 1170 566.
755 1100 916 1165 lodicibus
945 1099 1128 1174 mandatur,
1159 1103 1195 1162 ut
1217 1100 1342 1164 litteras
1365 1099 1532 1180 quasdam,
1557 1099 1600 1162 ad
1622 1099 1844 1179 Boposmnem,
1868 1100 1923 1181 qai
1944 1100 1980 1164 in
2006 1098 2145 1165 Orlaoia

629 1206 773 1271 abbatem
802 1206 918 1270 iniuste
951 1226 985 1269 se
1016 1208 1145 1286 peraret,
1180 1204 1306 1278 missas,
1340 1203 1464 1287 publice
1489 1203 1604 1283 falsas
1637 1224 1704 1267 esse
1733 1204 1940 1288 pronuntiari
1969 1208 2000 1267 et
2029 1224 2144 1269 carum

994 1313 1137 1373 auctores
1161 1308 1330 1391 capiendos
1353 1311 1446 1389 atquc
1463 1305 1642 1390 partiendos
1665 1311 1782 1374 amad.

1560 1497 1724 1574 Aoinioae,
1746 1501 1832 1564 1345
1856 1500 2039 1566 Demeae
2061 1503 2095 1566 3.

734 1729 792 1793 Vv.
824 1727 854 1792 ff.
879 1777 917 1791 ..
950 1727 1188 1808 archiepiscopo
1220 1726 1399 1791 Gneznensi
1431 1744 1468 1790 ac
1498 1726 1756 1820 Wratislauiensi
1787 1734 1820 1792 et
1851 1777 1857 1791 .
1890 1778 1897 1792 .
1929 1726 2139 1792 Cracouiensi

632 1832 791 1914 episcopis
813 1831 865 1894 vel
888 1849 997 1894 eorum
1020 1832 1148 1895 vicariis
1172 1831 1203 1894 in
1227 1830 1448 1912 spiritualibus
1478 1828 1612 1894 salntem
1644 1836 1704 1895 etc.
1735 1830 1845 1914 Nuper
1867 1830 2025 1896 exhibitos
2048 1831 2144 1896 nobis

631 1936 782 2017 quasdam
807 1935 940 2012 litteras,
964 1934 1046 1999 falso
1069 1936 1127 1998 snb
1150 1935 1171 2000 f.
1189 1954 1214 1998 r.
1231 1934 1387 1998 lobannis
1403 1953 1484 2016 pape
1502 1933 1606 2012 XXII,
1624 1935 1860 2016 predecessoris
1881 1935 1992 2012 nostri,
2015 1936 2145 2000 nomine

630 2039 810 2116 fabricatas,
836 2040 919 2103 inter
942 2039 1005 2102 alia
1028 2039 1235 2117 continentes
1252 2038 1337 2120 quod
1354 2038 1496 2118 prefatus
1512 2038 1687 2116 lohannes,
1711 2038 1920 2121 predecessor
1942 2043 2060 2118 noster,
2084 2058 2146 2123 per

631 2144 788 2226 quendam
812 2144 1040 2224 Bogusconem,
1076 2162 1133 2224 pro
1164 2142 1280 2208 abbate
1310 2142 1494 2207 monasterii
1522 2147 1633 2206 sancte
1656 2142 1757 2207 Mario
1788 2143 1820 2207 in
1843 2142 1986 2222 Orlauia,
2020 2143 2145 2208 ordinis

631 2248 731 2312 sancti
756 2247 933 2329 Benedicti,
964 2253 1019 2311 tue
1043 2248 1188 2325 diocesia,
1212 2247 1313 2312 frater
1342 2246 1491 2327 episcopo
1515 2246 1798 2325 WratislauiensiS,
1822 2247 1905 2311 sicot
1927 2248 2084 2312 asseritur
2105 2266 2144 2311 se

631 2356 804 2434 gerentem,
839 2352 898 2415 sibi
930 2352 1084 2433 exposito,
1119 2351 1203 2432 qnod
1233 2351 1302 2431 ipse
1332 2350 1490 2431 Boglusco
1521 2350 1594 2414 olim
1628 2350 1769 2415 ordinem
1793 2351 1895 2415 sancti
1917 2351 2086 2415 Benedicti
2109 2353 2144 2416 in

633 2456 765 2520 Orlauia
789 2457 911 2519 intrans
934 2456 1069 2519 eundem
1094 2456 1136 2519 ibi
1159 2454 1323 2537 professus
1346 2453 1460 2533 fuerat,
1492 2458 1526 2518 et
1549 2454 1632 2535 quod
1662 2454 1790 2519 tandem
1820 2455 1944 2519 duobus
1968 2472 2065 2537 super
2086 2455 2145 2519 ab·

635 2559 726 2623 bocia
748 2559 947 2639 iitigantibus
977 2559 1201 2622 monasterium
1234 2558 1412 2639 predictum
1444 2558 1483 2622 ad
1507 2562 1631 2622 tantam
1654 2558 1826 2639 inopiam)
1849 2558 2032 2637 devenerat
2056 2558 2145 2640 quod

634 2662 740 2727 dictus
763 2663 908 2745 Bogusco
929 2664 1013 2727 ineo
1030 2662 1269 2726 commodanon
1286 2667 1411 2744 poterat
1434 2662 1616 2739 sustentari,
1634 2662 1864 2743 propterquod
1888 2663 1928 2727 de
1950 2663 2146 2728 monasterio

635 2772 667 2831 et
690 2767 800 2831 ordine
823 2767 976 2848 predictis
1007 2768 1116 2832 exiens
1148 2767 1341 2849 aliquamdiu
1374 2767 1405 2830 in
1426 2765 1533 2830 seculo
1563 2770 1782 2849 permanserat
1804 2770 1838 2830 et
1859 2765 1974 2830 deinde
1997 2767 2145 2831 ordinem

634 2869 766 2934 fratrum
790 2870 1027 2934 Predicatmum
1051 2870 1082 2933 in
1104 2870 1238 2934 Batibor
1261 2870 1423 2952 ingressus
1446 2871 1489 2933 ibi
1513 2869 1741 2951 professionem
1764 2869 1885 2934 fecerat
1907 2874 1940 2934 et
1963 2871 2047 2935 sicut
2068 2890 2146 2953 pro·

634 2973 739 3038 fessus
763 2974 793 3037 in
818 2973 928 3037 eodem
951 2974 1062 3038 ordine
1086 2991 1195 3038 omnes
1218 2973 1345 3037 ordines
1367 2977 1534 3055 receperat
1556 2977 1589 3037 et
1612 2973 1643 3036 in
1666 2973 1787 3037 eisdem
1814 2974 1913 3039 eciam
1936 2974 2147 3052 ministrarat,

635 3084 669 3142 et
691 3076 775 3158 quod
799 3076 934 3156 demum,
958 3077 1097 3141 afflictos
1120 3077 1260 3141 indebite
1291 3095 1350 3160 per
1372 3077 1497 3159 aliquos
1519 3077 1635 3142 fratres
1658 3077 1759 3158 ipsius
1782 3078 1911 3158 ordinm,
1934 3077 1974 3144 de
1998 3078 2146 3160 predicto

638 3182 748 3245 ordine
772 3180 811 3244 de
834 3182 967 3246 licencia
991 3232 997 3245 .
1023 3232 1029 3245 .
1054 3183 1168 3263 prioris
1191 3182 1394 3263 provincialis
1417 3181 1547 3246 Polonie
1571 3181 1684 3246 iterum
1701 3182 1740 3246 ad
1756 3182 1899 3247 ordinem
1916 3183 2016 3247 sancti
2039 3182 2149 3247 Beue·

636 3286 713 3350 dicti
741 3286 772 3349 in
794 3287 988 3349 monasterio
1012 3287 1181 3365 Tinciensi,
1217 3285 1439 3351 Crotoniensis
1471 3286 1616 3363 diocesis,
1651 3303 1686 3348 se
1708 3286 1926 3363 transtulerat
1960 3286 2014 3350 ubi
2035 3285 2150 3351 multis

636 3390 728 3453 annis
759 3390 817 3453 sub
849 3391 964 3455 abbate
999 3391 1076 3455 dieti
1105 3391 1288 3455 monasterii
1321 3391 1502 3456 continuum
1533 3387 1717 3453 famulatum
1749 3389 1874 3453 domino
1904 3389 2087 3455 reddiderat
2114 3398 2151 3456 et

634 3494 763 3558 tandem
786 3494 825 3558 ad
849 3495 1021 3577 regendum
1044 3494 1201 3577 prefatam
1224 3495 1387 3559 abbaciam
1412 3494 1643 3572 (irlauiensem,
1668 3494 1762 3558 dictis
1781 3494 1888 3558 abbati
1904 3497 1937 3558 et
1952 3496 2148 3561 monasterio

634 3599 792 3663 Tinciensi
817 3600 1002 3677 subiectam,
1026 3605 1187 3680 promotos
1211 3601 1373 3678 extiterat,
1393 3606 1427 3664 et
1442 3600 1524 3680 qnod
1542 3599 1686 3679 reeepcio
1703 3598 1887 3680 supradicta
1904 3599 2005 3679 ipsios
2020 3598 2152 3681 Bogus-

636 3703 724 3766 conis
746 3703 779 3766 in
802 3703 886 3766 dicto
908 3704 1101 3767 monasterio
1125 3704 1164 3767 de
1188 3704 1320 3768 Orlania
1343 3704 1383 3768 ad
1407 3705 1526 3769 dictum
1555 3702 1698 3766 ordinem
1720 3703 1823 3766 sancti
1845 3702 2013 3768 Benedicti
2034 3703 2143 3768 minus

636 3808 788 3871 canonico
810 3807 915 3871 fuerat
938 3826 976 3870 ex
1000 3826 1049 3886 eo,
1083 3807 1167 3889 quod
1194 3809 1292 3871 abbas
1324 3807 1522 3871 (irlauiensis
1554 3811 1745 3887 potestatem
1776 3806 1951 3889 recipiendi
1976 3806 2150 3871 monachos

636 3930 697 3974 non
721 3911 868 3989 babebat,
903 3912 987 3991 quod
1011 3912 1078 3992 ipso
1101 3912 1246 3991 Bogusco
1278 3918 1433 3993 protunc
1457 3911 1630 3991 ignorabat,
1667 3930 1724 3973 nec
1753 3917 1822 3974 erat
1852 3911 2009 3975 notorium
2042 3911 2149 3992 ipsum

639 4015 755 4078 ibidem
779 4014 878 4077 foisse
902 4022 1063 4096 rxxtepturn
1086 4020 1181 4096 atque
1205 4016 1391 4096 professum,
1416 4034 1453 4078 ac
1476 4014 1656 4095 supplicato
1688 4034 1745 4095 per
1768 4014 1904 4078 eundem
1927 4015 2150 4096 Bogusconenr

638 4136 672 4181 se
695 4120 735 4182 ab
759 4119 1096 4182 excommunicacionis
1120 4121 1293 4198 sentencia,
1319 4139 1411 4200 qnam
1436 4120 1624 4185 dimittendo
1647 4118 1790 4184 habitam
1814 4125 1847 4183 et
1870 4120 2013 4184 ordinem
2038 4139 2150 4185 monu-

638 4222 760 4285 ehalem
785 4225 971 4300 insumeret,
996 4224 1115 4288 absolvi
1140 4230 1173 4287 et
1196 4243 1304 4288 secum
1330 4242 1427 4305 super·
1450 4224 1693 4305 irregularitate,
1713 4228 1746 4285 et
1769 4229 1804 4287 ut
1827 4225 1857 4287 in
1882 4226 2041 4305 susceptis
2064 4226 2150 4289 ordi-

637 4327 731 4391 nibus
754 4328 935 4391 ministrare
958 4334 1077 4409 posset,
1102 4333 1135 4391 et
1158 4347 1254 4410 super·
1280 4329 1511 4392 constitucione
1535 4328 1703 4406 contraria,
1727 4328 1754 4391 si
1779 4328 1943 4410 indigeret,
1968 4329 2149 4411 dispensari

637 4436 671 4494 et
692 4433 910 4514 recepeionem
934 4449 1022 4494 srram
1035 4432 1203 4513 legitimari
1221 4439 1253 4496 et
1271 4433 1388 4497 ‹lictam
1404 4433 1578 4510 abbaciam,
1603 4451 1697 4513 qnam
1721 4432 1759 4496 de
1783 4429 1902 4512 factob)
1925 4441 2150 4514 occupaverat,

637 4536 697 4599 sibi
720 4555 778 4617 per
800 4535 934 4599 eundem
957 4534 1216 4616 predecessorem
1240 4537 1376 4600 confeni
1400 4543 1442 4614 et,
1467 4537 1618 4618 quicquid
1634 4536 1738 4600 rninus
1755 4537 1940 4600 canonicum
1964 4537 1996 4600 in
2020 4555 2059 4601 eo
2084 4539 2150 4602 exi·

638 4646 748 4717 steret,
772 4639 811 4703 de
836 4638 1032 4720 plenitudine
1055 4641 1229 4721 apostolice
1246 4644 1417 4722 potestatis
1433 4641 1584 4722 suppleri,
1609 4641 1714 4704 dictus
1738 4641 1947 4720 predecessor·
1968 4640 2009 4704 ad
2030 4642 2151 4724 suppli-

638 4743 797 4807 cacionem
821 4742 927 4806 ‹lexoti
950 4741 1006 4806 filii
1031 4745 1080 4808 sui
1105 4743 1286 4822 Wradislai,
1312 4746 1395 4825 regis
1418 4745 1557 4822 Polonie,
1583 4744 1623 4807 ad
1641 4744 1741 4825 ipsius
1766 4743 1962 4826 Bogusconis
1986 4748 2151 4811 conscien-

638 4845 718 4909 ciam
741 4846 940 4924 servandam,
975 4852 1008 4909 et
1030 4865 1069 4909 ne
1092 4847 1188 4910 emnli
1221 4848 1320 4928 ipsius
1352 4854 1462 4911 contra
1492 4867 1563 4912 eum
1592 4847 1676 4911 labia
1708 4848 1953 4929 detraccionis0)
1975 4850 2149 4932 aperirent,

640 4949 743 5030 ipsum
775 4949 815 5011 ab
839 4950 1177 5013 excommunicacionis
1208 4953 1383 5028 sentencia,
1417 4971 1510 5032 quarn
1541 4952 1728 5015 dimittendo
1760 4952 1903 5016 habiturn
1933 4954 2149 5018 monachalem

639 5053 824 5130 incurrerat,
850 5053 987 5116 absolvit
1011 5059 1044 5117 et
1067 5073 1163 5136 super
1186 5055 1432 5137 irregularitate,
1458 5062 1490 5119 ct
1513 5061 1548 5118 ut
1572 5057 1602 5119 in
1622 5056 1667 5118 sie
1690 5057 1849 5137 susceptis
1872 5055 2036 5121 ordinibus
2059 5059 2150 5122 mini·

639 5161 741 5219 strare
764 5162 883 5238 posset,
907 5158 1008 5220 eciam
1033 5159 1230 5239 dispensarit
1253 5165 1295 5237 et,
1321 5179 1390 5222 cnm
1414 5161 1516 5240 prima
1539 5159 1695 5240 professio
1728 5166 1760 5223 et
1783 5181 1844 5224 non
1868 5160 2008 5226 secunda
2031 5161 2150 5228 dictum

639 5261 857 5341 Bogusconem
880 5262 1094 5342 distringeret,
1126 5264 1229 5343 ipsum
1261 5283 1322 5327 non
1355 5264 1505 5327 incidisse
1529 5265 1558 5327 in
1583 5265 1845 5329 constitucionem
1869 5264 2031 5343 conciliis)
2055 5267 2150 5332 Vien-

639 5365 756 5441 nensis,
781 5384 842 5444 que
867 5366 993 5446 incipit:
1023 5366 1085 5446 ,Ut
1107 5367 1336 5448 professores“,
1361 5367 1536 5431 declararit
1555 5372 1588 5430 et
1603 5371 1822 5448 receptionem
1846 5369 1922 5434 dicti
1938 5371 2145 5451 Bogusconis,

640 5488 734 5550 qoam
758 5469 840 5532 idern
863 5469 1010 5550 Bogusco
1036 5477 1219 5535 asseruerat
1235 5473 1340 5535 minus
1357 5472 1550 5548 canonicam,
1576 5473 1676 5536 soluit
1693 5475 1788 5538 robur
1805 5475 1991 5539 canonicum
2008 5474 2152 5539 obtinere

640 5578 672 5636 et
696 5573 735 5637 de
759 5573 893 5636 abbacia
916 5573 1100 5638 Orlauiensi
1125 5575 1164 5638 de
1189 5576 1256 5638 iure
1280 5581 1415 5639 vacante
1439 5577 1622 5658 providerat
1645 5578 1747 5641 eidem
1772 5584 1813 5656 et,
1838 5578 1990 5659 quicquid
2013 5596 2051 5642 ex
2075 5597 2145 5663 pre

640 5675 734 5740 dictis
758 5676 860 5740 minus
884 5679 1069 5742 canonicum
1093 5679 1124 5742 in
1148 5680 1233 5744 dicto
1256 5680 1443 5761 Boguscone
1467 5680 1636 5760 existebat,
1661 5682 1854 5747 auctoritate
1874 5682 2053 5765 apostolica
2076 5702 2149 5766 sup·

640 5778 750 5862 plexit,
775 5781 918 5862 predicta
939 5787 973 5847 et
987 5781 1058 5846 aliis
1075 5784 1362 5849 constitutionibus
1379 5803 1435 5849 seu
1452 5786 1583 5851 statutis
1597 5805 1660 5850 non
1674 5787 1875 5854 obstantibus
1890 5785 2140 5872 quibuscunque,
