5184 7050
652 810 693 875 12

650 1024 744 1084 vacat
767 1020 807 1085 ad
831 1036 973 1101 presens,
997 1017 1046 1081 rel
1070 1036 1140 1081 cum
1163 1017 1359 1096 vacaverit.
1378 1067 1384 1082 .
1403 1067 1409 1082 .
1428 1068 1435 1082 .
1460 1015 1685 1082 conferendam
1707 1015 1789 1081 tibi.
1808 1065 1814 1078 .
1833 1065 1839 1078 .
1858 1065 1865 1079 .
1891 1013 2058 1080 donacioni
2083 1032 2165 1097 apo·

650 1123 762 1188 stelice
793 1141 993 1187 reservamus
1010 1172 1017 1185 .
1035 1172 1042 1185 .
1061 1172 1068 1186 .
1086 1142 1111 1199 .;
1135 1142 1196 1186 nen
1220 1123 1446 1187 obstantibus.
1464 1172 1471 1185 .
1489 1172 1496 1185 .
1514 1173 1521 1186 .
1547 1129 1602 1186 aut
1626 1122 1711 1203 qued
1733 1120 1965 1201 parrochialem
1988 1119 2164 1184 ecelesiam

650 1227 682 1291 in
705 1223 864 1312 eyczinb)
887 1245 925 1290 ac
948 1227 980 1291 in
1003 1226 1269 1308 wissegradensi,
1292 1227 1463 1307 Prageusis
1487 1227 1633 1303 diocesis,
1665 1226 1885 1290 canonicatum
1920 1226 1978 1289 sub
2009 1229 2163 1305 expecta-

650 1332 739 1395 cioue
761 1333 922 1414 prebende
945 1337 978 1396 et
1001 1333 1032 1395 in
1056 1331 1200 1412 predicta
1223 1330 1409 1417 Pragensi⁰)
1433 1330 1578 1394 eeclesiis
1602 1331 1705 1394 altare
1729 1330 1831 1393 sancti
1856 1328 1993 1393 Materni
2013 1329 2163 1393 nosceris

649 1436 801 1500 obtinere.
848 1435 1001 1500 Volumus
1035 1440 1151 1513 autern,
1176 1435 1270 1516 quod,
1304 1439 1475 1517 postquam
1498 1431 1640 1515 rigorel)
1664 1434 1823 1516 presentis
1846 1433 1953 1514 gracie
1975 1431 2162 1497 huiusmodi

649 1539 809 1621 prebende
843 1539 985 1603 eiusdem
1019 1538 1189 1618 Prageusis
1223 1539 1357 1603 ecclesie
1392 1538 1491 1603 fueris
1525 1540 1759 1620 possessiouem
1788 1536 1955 1618 pacificam
1977 1541 2161 1614 assecutus,

648 1642 807 1724 prefatum
831 1642 943 1721 altare,
967 1643 1051 1724 quod
1074 1649 1189 1707 extunc
1212 1661 1328 1707 racare
1351 1643 1560 1720 decernimus,
1583 1648 1678 1724 prout
1702 1644 1802 1706 eciam
1826 1643 1867 1707 ad
1890 1643 1922 1707 id
1945 1647 1977 1706 te
2000 1642 2160 1718 obtulisti,

650 1753 762 1829 sponte
786 1748 946 1812 dimittere
968 1747 1118 1811 tenearis.
1143 1748 1281 1811 ...D.
1307 1747 1464 1810 Auiniene
1488 1745 1550 1810 kal.
1574 1746 1663 1810 Junii
1687 1766 1715 1810 a.
1739 1748 1849 1829 prime.

753 1887 790 1950 ln
806 1904 832 1949 e.
850 1905 889 1949 m.
907 1906 934 1949 r.
952 1886 972 1950 f.
990 1887 1139 1968 episcopo
1160 1886 1323 1951 Aresiensi
1341 1891 1373 1950 et
1397 1887 1447 1950 dd.
1465 1884 1517 1950 ff..
1536 1936 1542 1949 .
1561 1886 1672 1950 abbati
1688 1886 1873 1950 monasterii
1889 1886 2160 1963 Brewneuiensis

650 1991 820 2071 Pragensis
844 1991 990 2068 diocesis,
1015 2009 1052 2054 ao
1074 1990 1212 2054 Jolreuni
1237 1991 1322 2055 dicto
1346 1991 1509 2068 renuam,
1534 1991 1684 2053 canonice
1709 1990 1922 2068 olomucensi,
1946 2009 1970 2054 s.
1993 1996 2053 2054 etc.
2071 2042 2077 2055 .
2097 2041 2105 2054 .
2124 2040 2158 2054 ..

651 2095 689 2157 D.
714 2100 749 2158 ut
773 2112 797 2158 s.

753 2282 901 2338 Clementis
921 2283 1000 2338 VIA
1020 2286 1061 2353 ll3
1080 2289 1135 2350 (58,
1155 2283 1172 2336 l.
1193 2289 1251 2350 167,
1271 2283 1304 2336 de
1324 2283 1485 2337 canonicatu
1504 2283 1557 2336 sub
1577 2281 1767 2350 expectatione
1789 2283 1962 2351 praebendae
1980 2300 2025 2352 qn.
2045 2289 2110 2334 6:
2124 2283 2157 2334 V.

650 2369 736 2425 1481.
755 2377 804 2422 221
825 2386 850 2423 11.
869 2377 928 2424 371.
947 2402 980 2410 -
1006 2379 1028 2437 r)
1048 2371 1184 2436 ‚atrilmta‘
1202 2373 1235 2423 A.
1267 2370 1290 2437 b)
1311 2377 1462 2424 correctum
1490 2386 1525 2423 ex
1543 2370 1646 2438 ‚Gyzin‘
1666 2372 1697 2422 A.
1726 2377 1747 2430 ⁰)
1767 2370 1914 2437 ‚Pregensi‘
1942 2377 2096 2423 correctum
2123 2387 2158 2422 ex

649 2456 796 2525 ,Pergonsi‘
814 2459 847 2509 A.
880 2457 902 2527 1¹)
927 2466 1077 2512 correctum
1104 2476 1137 2510 ex
1157 2462 1268 2523 ‚tenore‘
1288 2459 1320 2509 A.
1343 2487 1372 2497 —
1395 2459 1413 2524 ¹)
1433 2473 1540 2510 necnon
1559 2456 1593 2509 ad
1618 2457 1844 2524 supplicationem
1867 2455 1966 2516 Caroli,
1986 2455 2157 2511 marchionis

649 2542 796 2608 Menariae,
816 2560 896 2611 quam
915 2543 975 2598 ride
995 2545 1022 2597 in
1042 2562 1114 2600 num.
1137 2551 1174 2598 12.

649 2912 713 2977 14.
745 2911 899 2991 Jelrenni,
933 2911 1005 2975 draci
1038 2911 1267 2990 Nermenniae,
1301 2915 1332 2974 et
1364 2913 1474 2975 Bonae
1507 2909 1544 2974 de
1573 2909 1737 2985 Bolentia,
1761 2910 1827 2974 cias
1850 2912 1951 2991 uxori,
1974 2911 2159 2976 conceditur

1137 3015 1265 3079 licendis
1288 3014 1422 3095 elipandi
1444 3017 1662 3094 confessorem.

692 3129 752 3240 .=x.
1668 3171 1832 3247 albiniono,
1858 3175 1941 3237 1342
1963 3173 2057 3239 Junr'i
2078 3176 2110 3238 5.

752 3346 790 3408 Ι).
807 3344 828 3409 f.
846 3364 875 3408 n.
893 3365 920 3408 v.
938 3345 957 3409 J
960 3344 1086 3423 obsoni,
1102 3346 1312 3427 primogenito
1336 3364 1361 3409 c.
1383 3346 1415 3409 in
1432 3344 1488 3410 Clr.
1505 3344 1527 3409 f.
1544 3364 1573 3409 u.
1591 3345 1739 3427 Philippi,
1756 3346 1841 3427 regis
1856 3345 1991 3411 Francia
2006 3345 2155 3426 illustris,

649 3449 720 3513 duci
743 3449 947 3529 Nermannie,
964 3455 997 3514 et
1013 3451 1041 3514 d.
1060 3451 1090 3513 in
1108 3449 1164 3514 Clr.
1181 3449 1202 3514 f.
1220 3470 1249 3513 11.
1266 3469 1306 3513 111.
1327 3450 1416 3513 Bone
1440 3449 1479 3512 de
1501 3450 1642 3529 Beemia,
1665 3451 1734 3514 eius
1758 3451 1858 3530 uxori,
1875 3468 1900 3514 s,
1925 3455 1983 3514 ete.
2008 3451 2156 3534 Benigne

648 3558 722 3617 sunt
744 3554 833 3617 robis
857 3553 913 3617 illa
936 3554 1137 3617 concedenda
1160 3554 1279 3633 farere,
1302 3573 1360 3637 per
1389 3573 1461 3634 que,
1486 3554 1568 3616 sicut
1598 3554 1650 3634 pie
1681 3553 1865 3618 desiderare
1896 3554 2055 3633 videmini,
2080 3574 2157 3619 con-

647 3658 785 3722 sciencie
806 3675 917 3739 pacem
941 3663 973 3721 et
995 3657 1131 3722 salutem
1155 3659 1259 3722 anime
1281 3658 1341 3721 doo
1364 3658 1505 3740 propicio
1529 3659 1679 3738 consequi
1703 3658 1848 3723 valeatis.
1877 3657 1960 3724 Hinc
1983 3665 2042 3737 est,
2066 3660 2156 3741 qued

646 3780 714 3839 nes,
738 3764 854 3826 restris
884 3762 1008 3826 devotis
1038 3762 1330 3844 supplicacionibus
1361 3762 1514 3840 inclinati,
1538 3762 1627 3825 robis
1650 3768 1682 3825 ot
1706 3769 1846 3826 vestrum
1880 3763 2012 3828 cuilibet
2043 3768 2157 3829 aucte-

646 3866 743 3930 n'tate
777 3865 953 3946 apostolica
986 3865 1196 3946 indulgemus,
1227 3871 1262 3928 ut
1292 3866 1430 3945 aliquem
1454 3866 1601 3929 idoneum
1625 3872 1657 3929 et
1680 3866 1853 3929 discretum
1875 3868 2097 3951 presbyterum
2120 3869 2157 3932 iu

647 3975 788 4033 restrum
821 3969 952 4049 possitis
987 3968 1104 4050 eligere
1139 3969 1361 4047 confessorem,
1395 3970 1459 4050 qui,
1494 3970 1645 4051 quociens
1675 3976 1865 4050 oportunum
1898 3969 2004 4050 fuerit,
2034 3973 2157 4036 vestris

647 4072 898 4138 confessionibus
921 4072 1092 4154 diligenter
1114 4072 1233 4137 auditis
1256 4091 1314 4153 pro
1338 4074 1514 4137 commissis
1538 4074 1677 4139 debitam
1706 4075 1796 4139 robis
1830 4076 2065 4140 absolucionem
2095 4077 2157 4140 im-

646 4177 766 4257 pendat
790 4184 822 4241 et
845 4178 989 4258 iniungat
1023 4178 1236 4257 penitenciam
1270 4178 1454 4255 salutarem,
1489 4179 1588 4244 eciam
1621 4179 1647 4242 si
1681 4179 1761 4243 talia
1784 4179 1912 4258 fuerint,
1935 4185 2067 4260 propter
2090 4200 2157 4261 que

647 4282 740 4346 sedes
763 4280 939 4362 apostolica
962 4282 1013 4346 rel
1035 4281 1196 4345 Romanus
1219 4281 1363 4362 pontifex
1386 4288 1494 4347 essent
1516 4284 1629 4347 merito
1653 4283 1846 4347 consulendi.
1881 4283 1968 4348 Nulli
1993 4303 2067 4366 ergo
2091 4291 2155 4350 etc.

647 4392 755 4449 nostre
778 4387 992 4450 concessionis
1017 4386 1189 4466 infringere
1212 4392 1272 4450 etc.
1320 4389 1358 4453 D.
1382 4388 1540 4451 Auinione
1562 4407 1634 4451 non.
1658 4388 1746 4452 drmii
1770 4407 1800 4468 p.
1824 4408 1854 4452 n.
1880 4408 1907 4452 a.
1933 4391 2043 4468 primo.

750 4592 898 4646 Clementis
918 4593 954 4646 Vl
974 4594 997 4644 A
1016 4592 1056 4662 Is'l
1076 4598 1132 4660 (oa)
1152 4594 1169 4646 s.
1192 4601 1248 4660 llio,
1269 4593 1302 4647 de
1322 4593 1494 4649 absolutione
1513 4610 1558 4661 qu.
1579 4600 1638 4644 l:
1652 4594 1683 4647 V.
1704 4600 1750 4647 151
1772 4593 1790 4647 l.
1810 4599 1841 4647 61
1861 4611 1887 4649 u.
1906 4600 1965 4647 ael.

644 5028 708 5095 15.
740 5026 893 5108 Jelrannr',
927 5026 999 5093 duci
1026 5027 1254 5110 Nmnaennioa
1285 5035 1317 5094 et
1346 5031 1456 5095 Bonae
1485 5030 1523 5094 de
1555 5029 1717 5109 Bobemie,
1748 5031 1814 5095 eius
1845 5032 1948 5107 oneri,
1972 4995 2154 5098 conceditur

703 5219 739 5232 -
1089 5132 1241 5198 absolutio
1258 5133 1358 5216 plene
1381 5134 1416 5199 ia
1437 5136 1548 5199 mortis
1572 5134 1714 5201 orticello.

687 5251 747 5375 ..5
1668 5310 1831 5391 dotatione,
1853 5313 1940 5376 1342
1962 5311 2057 5377 June·
2078 5279 2099 5378 5

748 5495 832 5560 Di.
858 5516 886 5561 n.
911 5516 938 5560 r.
963 5496 1344 5580 Jelranni,p1·in10geeito
1369 5517 1394 5562 c.
1427 5499 1456 5563 in
1490 5499 1545 5564 Cb.
1570 5500 1591 5565 f.
1616 5521 1645 5566 11.
1682 5501 1865 5583 Philippi‚⁸)
1899 5503 1984 5585 regis
2018 5502 2152 5568 Francia

645 5599 789 5678 illustris,
820 5600 892 5665 duci
923 5600 1127 5680 Nemnmnrio,
1159 5608 1191 5665 ot
1214 5602 1243 5664 d.
1268 5603 1300 5665 in
1325 5603 1381 5667 Clr.
1406 5604 1426 5668 l.
1451 5623 1480 5667 n.
1505 5624 1545 5669 m.
1570 5606 1658 5669 Bone
1682 5606 1721 5669 de
1744 5606 1885 5686 Beemia‚
1910 5608 1978 5671 eius
2002 5609 2103 5687 uxori,
2127 5626 2151 5672 a.

644 5709 703 5767 etc.
728 5704 885 5769 Personas
909 5711 1033 5770 vestras
1057 5706 1233 5771 redulitatis
1257 5714 1288 5771 et
1312 5708 1447 5772 aliarum
1474 5711 1653 5791 grammatus
1688 5729 1725 5774 ac
1758 5711 1968 5792 multiplicum
1999 5714 2151 5777 virtutum
