5184 7050
1988 860 2048 925 131

541 1057 700 1141 lidedigna
722 1061 883 1125 relacione
906 1063 1052 1142 pervenit
1075 1067 1108 1126 et
1129 1063 1206 1126 lacti
1229 1063 1395 1126 evidencia
1417 1063 1610 1139 manifestat,
1636 1063 1777 1127 nonnulli
1809 1063 1917 1129 hostes
1941 1064 1993 1128 dei
2019 1068 2052 1128 et

541 1164 684 1228 eiusdem
708 1164 844 1229 ecclesie
866 1165 1028 1231 manifesti
1052 1185 1224 1248 eorumque
1248 1184 1412 1248 sequaces
1443 1168 1497 1247 qui
1530 1168 1560 1231 in
1592 1167 1748 1250 profundo
1764 1170 1788 1247 ο)
1819 1168 1973 1232 malorum
1997 1169 2051 1232 de·

540 1269 635 1333 mersi
652 1268 739 1333 etad
755 1267 840 1332 mala
856 1270 1004 1333 continue
1020 1270 1235 1352 perpetranda
1251 1271 1356 1352 parati
1372 1271 1491 1335 dictam
1506 1271 1681 1336 Romanam
1697 1272 1865 1337 ecclesiam
1886 1272 2019 1353 eiusque
2027 1271 2050 1345 f)

539 1370 651 1437 fideles
674 1378 707 1437 et
729 1371 861 1437 devotos
884 1390 993 1437 eorum
1016 1374 1179 1456 nephariis
1202 1375 1344 1453 ausibus,
1369 1379 1522 1456 quantum
1547 1375 1578 1438 in
1605 1376 1652 1440 eis
1676 1381 1734 1454 est,
1762 1375 1922 1441 hostiliter
1944 1394 2051 1457 perse-

539 1482 665 1554 cuntur,
689 1481 820 1558 propter
842 1476 1006 1543 fidelitatis
1023 1479 1049 1558 ³)
1073 1479 1287 1543 constanciam
1311 1483 1344 1542 et
1367 1479 1571 1544 domnionem
1603 1480 1760 1558 eximiam,
1786 1498 1866 1561 quas
1898 1480 2003 1546 dictus
2022 1479 2049 1562 ¹¹)

538 1597 604 1658 rex,
627 1598 760 1662 regnum
783 1584 816 1644 et
839 1581 959 1646 subditi
983 1583 1032 1647 sni
1057 1582 1098 1646 ad
1123 1581 1356 1647 defendendum
1378 1582 1530 1647 honorem
1545 1583 1647 1664 ipsius
1664 1588 1774 1647 sancte
1789 1584 1900 1648 matris
1916 1585 2050 1649 ecclesie

539 1701 635 1748 acse
660 1688 769 1748 contra
792 1685 902 1750 hostes
925 1687 1044 1767 ipsos¹t
1077 1686 1213 1752 viriliter
1243 1686 1465 1766 opponendum
1495 1686 1613 1751 habere
1642 1686 1826 1766 noscuntur,
1856 1706 1986 1770 regnum
2017 1693 2051 1754 et

537 1792 643 1852 terras
667 1788 804 1854 dominio
827 1806 885 1854 suo
908 1790 1072 1855 subiectas
1095 1790 1246 1854 invadere
1269 1794 1303 1853 et
1333 1789 1519 1872 impugnare
1550 1809 1588 1855 ac
1621 1789 1781 1855 offendere
1814 1791 1938 1857 nisibus
1971 1792 2050 1857 totis

538 1890 690 1955 anhelent
707 1889 727 1972 ¹)
750 1897 783 1957 et
806 1893 955 1957 continue
978 1893 1200 1958 machinentur
1222 1910 1261 1957 ac
1283 1912 1391 1956 eorum
1413 1911 1552 1974 nequam
1574 1893 1774 1975 propositum
1796 1895 1860 1958 iam
1882 1895 1915 1959 in
1941 1900 2048 1961 actum

538 1993 731 2060 deduxerint
760 2000 794 2060 et
824 1997 961 2061 subditis
992 1997 1069 2062 dicti
1100 1997 1185 2079 regis
1199 2000 1232 2077 ¹¹¹)
1262 2015 1394 2078 regnum
1422 2015 1513 2061 suum
1536 1998 1694 2062 intrantes
1709 1999 1737 2083 ΙΙ)
1762 1999 1867 2062 eonati
1889 1997 2048 2081 fuerint0)

538 2098 678 2180 vlnmpna
693 2099 810 2164 inferre
826 2100 963 2182 plurima
979 2105 1012 2164 et
1027 2103 1053 2179 p)
1077 2101 1226 2178 iacturas,
1241 2119 1278 2165 ac
1292 2103 1319 2180 q)
1342 2106 1512 2181 propterea
1528 2106 1594 2165 tam
1610 2120 1667 2182 pro
1683 2101 1898 2183 defensione)
1921 2102 2050 2169 honoris

535 2203 627 2283 regmi
650 2208 683 2268 et
705 2207 864 2268 terrarum
886 2204 1102 2286 predictnmm
1124 2204 1328 2286 ipsorumque
1351 2203 1490 2268 hostium
1506 2207 1707 2287 repressione
1722 2206 1881 2288 prefatum
1896 2208 1919 2287 Β)
1942 2226 2048 2289 regem

537 2311 686 2387 oporteat
715 2309 882 2388 maximat
913 2309 1020 2372 subire
1051 2305 1207 2388 profluvia
1237 2326 1456 2389 expensarum,
1488 2309 1529 2373 ad
1560 2328 1621 2391 que
1653 2310 1871 2393 supportanda
1884 2314 1910 2391 ¹³)
1937 2312 2049 2393 nequit

537 2408 686 2476 sufficere
703 2431 760 2492 per
782 2429 816 2476 se
841 2413 960 2493 ipsum:
986 2412 1070 2476 idem
1091 2430 1148 2475 rer
1163 2414 1189 2491 ν)
1212 2411 1306 2476 nobis
1329 2413 1493 2477 humiliter
1507 2413 1711 2496 supplicavit,
1723 2413 1747 2495 ι)
1768 2419 1804 2479 ut
1820 2415 1881 2479 sibi
1897 2432 1935 2478 ac
1950 2434 2047 2496 regno

537 2519 571 2579 et
592 2516 689 2579 terris
719 2516 872 2596 predictis
903 2517 942 2581 de
971 2519 1128 2597 oportune
1158 2516 1381 2581 subvencionis
1412 2518 1532 2581 auxilio
1563 2517 1602 2582 de
1632 2518 1728 2582 solita
1762 2518 1848 2583 sedis
1871 2519 2046 2599 apostolice

537 2620 648 2701 gracia
670 2619 884 2701 providentes,
909 2620 1063 2685 decimam
1087 2621 1225 2684 omnium
1241 2621 1532 2686 ecclesiasticomm
1546 2627 1757 2703 proventuum
1773 2627 1807 2687 et
1821 2621 2047 2704 reddituum,¹)

537 2725 570 2789 in
600 2723 766 2805 Pragensi,
800 2723 1003 2789 Olornueensi
1035 2728 1069 2788 et
1090 2724 1349 2789 Wratislauiensi
1364 2726 1391 2805 Ξ)
1425 2725 1610 2790 civitatibus
1644 2731 1677 2791 et
1711 2726 1892 2792 diocesibns
1925 2745 2047 2791 necnon

537 2827 689 2892 comitatu
713 2828 983 2909 Lucembnrgonsi
1003 2829 1043 2892 ad
1059 2828 1238 2911 predictum
1254 2831 1277 2907 ¹)
1300 2847 1408 2911 regem
1431 2835 1597 2910 spectante
1614 2831 1868 2909 consistencium,
1884 2848 1985 2912 usque
2005 2830 2046 2894 ad

536 2937 660 2995 certum
682 2937 809 3012 tempus
833 2932 1239 3015 concedere‹ligna1·emu1·.
1263 2931 1330 2996 Nos
1353 2933 1451 3013 igitur
1477 2933 1724 3012 considerantes,
1735 2936 1773 3014 ⁸⁸)
1796 2934 1880 3015 qnod
1904 2934 2046 2999 eiusdem

536 3033 680 3099 Romane
703 3034 838 3099 ecclesie
861 3034 989 3099 honoris
1013 3035 1155 3100 defensio
1179 3036 1211 3100 in
1233 3035 1294 3099 hac
1317 3040 1409 3117 parte
1431 3037 1583 3118 tangitur,
1607 3041 1730 3102 ettam
1753 3037 1793 3101 ob
1812 3036 1881 3116 hcc,
1897 3044 1965 3102 tum
1987 3055 2045 3119 pro

535 3136 659 3219 suisli)
682 3142 716 3202 et
739 3138 937 3203 subditorum
960 3158 1087 3204 suomm
1110 3139 1264 3220 predictis
1277 3143 1314 3219 ce)
1336 3140 1573 3223 gravaminibus
1594 3140 1775 3204 relevandis
1799 3159 1837 3204 ac
1859 3160 1916 3222 pro
1937 3141 2045 3206 defen-

535 3242 628 3306 sione
651 3241 807 3306 dictorum
830 3243 929 3324 regni,
952 3248 1109 3308 terrarum
1132 3248 1165 3308 et
1180 3244 1378 3309 subditorum
1393 3262 1521 3309 suorum
1537 3249 1647 3309 contra
1662 3245 1852 3324 invasiones,
1868 3246 2044 3325 molestias,

537 3347 760 3428 aggressiones
784 3351 816 3410 et
838 3345 1028 3411 offensiones
1037 3347 1079 3428 ld)
1101 3347 1239 3412 hostium
1263 3348 1435 3412 eorundem
1457 3347 1600 3412 volentes
1624 3347 1727 3428 ipsum
1737 3356 1774 3419 οθ)
1799 3347 1831 3411 in
1861 3346 1922 3412 hac
1952 3353 2045 3430 parte

535 3451 701 3516 favoribus
717 3455 751 3514 et
766 3451 895 3516 auxiliis
909 3453 1060 3535 prosequi
1074 3452 1104 3533 ff)
1127 3453 1303 3536 oportunis,
1319 3452 1421 3535 ipsius
1435 3451 1570 3533 regisse
1593 3451 1885 3533 supplicacionibus
1900 3451 2044 3517 inclinati

536 3556 577 3620 de
593 3555 728 3620 fratrum
744 3562 924 3621 nostrorum
947 3558 1079 3622 consilio
1095 3558 1198 3621 eidem
1214 3555 1256 3636 hl)
1279 3556 1434 3621 decimam
1451 3555 1589 3619 omniurn
1604 3555 1893 3620 ecclesiasticomm
1911 3575 2045 3639 proven-

536 3665 628 3723 tuum
646 3665 678 3722 et
693 3658 875 3723 reddituum
895 3659 1118 3741 predictormn,
1136 3660 1167 3723 in
1191 3659 1374 3723 civitatibus
1397 3665 1429 3723 et
1453 3658 1633 3722 diocesibns
1657 3677 1694 3722 ac
1718 3659 1868 3724 comitatu
1892 3658 2045 3742 predictis

536 3763 794 3841 consistencium,
818 3762 1003 3844 exigendam
1027 3768 1060 3827 et
1082 3762 1290 3844 colligendam
1315 3762 1354 3826 ab
1378 3761 1535 3826 universis
1558 3760 1806 3842 archiepiscopis
1830 3768 1862 3826 et
1885 3764 2044 3845 episcopis

535 3868 717 3948 ceterisque
729 3868 874 3948 personis
886 3865 1114 3930 ecelesiasticis
1134 3866 1385 3947 quibuscunque,
1401 3866 1599 3930 secularibus
1615 3870 1648 3929 et
1663 3866 1872 3947 regularibus,
1888 3869 2044 3949 exemptis

535 3976 570 4034 et
600 3989 662 4034 non
693 3972 858 4053 exemptis
867 3974 895 4052 ¹¹)
925 3972 957 4034 in
991 3972 1111 4036 eisdem
1136 3971 1320 4035 civitatibus
1347 3975 1379 4035 et
1402 3970 1583 4036 diocesibns
1605 3986 1644 4033 ac
1667 3970 1819 4035 comitatu
1843 3971 1987 4036 redditus
2010 3978 2043 4039 et

534 4078 711 4155 proventus
733 4074 913 4139 huiusmodi
936 4075 1162 4154 obtinentibus
1184 4078 1431 4156 quantacunque
1453 4073 1653 4157 prefulgeant
1676 4074 1832 4156 dignitate
1855 4093 1913 4139 seu
1936 4077 2042 4141 cnius-

533 4197 661 4259 cnnque
683 4177 963 4260 preeminencie,¹¹)
988 4179 1181 4243 condicionis
1205 4183 1261 4241 aut
1284 4182 1399 4256 status,
1423 4178 1543 4242 ordinis
1566 4178 1616 4242 vel
1638 4177 1802 4259 religionis
1826 4178 1974 4257 existant,
1986 4185 2041 4261 ³¹¹⁰)

534 4283 653 4364 quibus
675 4286 710 4346 et
731 4301 840 4347 eorum
862 4282 957 4346 alicui
980 4282 1069 4346 nulla
1091 4281 1259 4364 privilegia
1282 4282 1332 4347 vel
1355 4282 1573 4364 indulgentias
1590 4282 1648 4346 sub
1665 4299 1854 4363 quacunque
1872 4282 2041 4348 verborum

534 4386 689 4467 forma¹¹¹¹)
720 4387 769 4451 vel
801 4387 1006 4469 expressione
1036 4405 1187 4452 concessa
1221 4386 1366 4450 volumus
1400 4384 1577 4468 suffragari,
1608 4391 1811 4468 preterquam
1846 4387 1886 4451 ab
1920 4386 2040 4451 eisdem

533 4491 691 4557 fratribus
713 4492 841 4570 nostris
864 4497 972 4556 sancte
994 4491 1135 4555 Romane
1155 4490 1289 4555 ecclesie
1306 4489 1529 4568 cardinalibus,
1546 4489 1720 4572 dignitates
1736 4507 1792 4554 seu
1808 4490 1872 4555 alia
1886 4488 2041 4556 beneficia

534 4597 756 4661 ecclesiastica
779 4614 966 4677 quecunque
989 4616 1059 4661 cum
1083 4613 1159 4659 cura
1182 4593 1232 4658 vel
1255 4594 1324 4658 sine
1344 4612 1420 4657 cura
1436 4610 1493 4657 seu
1509 4611 1714 4675 quoscunque
1729 4593 1873 4658 redditus
1890 4593 2041 4659 ecclesia-

534 4702 634 4765 sticos
657 4705 690 4764 et
712 4701 934 4781 proventus00)
969 4701 1001 4764 in
1034 4699 1272 4781 episcopatibus
1306 4702 1339 4762 et
1370 4699 1521 4763 comitatu
1551 4698 1706 4779 predictis
1736 4697 1962 4777 obtinentibus,
1986 4699 2041 4779 qui

534 4807 567 4870 in
591 4803 805 4868 solicitudinis
827 4808 952 4884 partem
976 4804 1131 4884 assumpti
1155 4802 1318 4866 nobiscum
1341 4802 1533 4866 universalis
1556 4803 1691 4868 ecclesie
1724 4818 1821 4865 onera
1851 4802 2041 4880 sorcinntm,

534 4927 658 4972 necnon
681 4926 701 4971 a
725 4907 850 4972 dilectis
873 4906 948 4972 filiis
971 4908 1122 4988 magistro
1145 4912 1178 4970 et
1192 4908 1233 4985 ¹¹¹³)
1256 4905 1409 4969 fratribus
1432 4905 1602 4987 hospitalis
1632 4906 1734 4972 sancti
1765 4902 1921 4969 Johannis
1950 4903 2042 4969 Jero-

535 5012 718 5090 solimitani,
749 5012 802 5091 qni
835 5016 945 5076 contra
974 5009 1083 5074 hostes
1121 5009 1195 5073 fidei
1233 5009 1405 5073 christiane
1440 5017 1602 5091 exponunt
1635 5012 1752 5093 ingiter
1765 5012 1806 5090 qq)
1837 5028 1872 5074 se
1910 5016 1942 5073 et
1972 5027 2041 5088 sua,

534 5135 615 5199 qnos
638 5134 746 5181 omnes
770 5136 789 5179 a
810 5117 1012 5197 prestatione
1034 5114 1216 5179 huiusmodi
1238 5114 1360 5178 decime
1383 5118 1547 5195 exemptos
1571 5132 1642 5178 esse
1665 5114 1810 5177 volumus
1827 5117 1859 5177 ct
1875 5114 2040 5191 immunes

534 5240 637 5303 usque
660 5221 701 5284 ad
723 5221 885 5285 biennium
908 5238 928 5283 a
951 5218 1027 5283 data
1050 5220 1229 5285 litterarum
1253 5223 1434 5282 nostrarum
1466 5217 1710 5300 computandum
1742 5217 1933 5283 auctoritate
1965 5234 2042 5298 apo·

534 5325 650 5391 stolica
672 5330 783 5388 tenore
806 5323 986 5387 litteramm
1009 5325 1149 5405 ipsarum
1164 5327 1197 5404 Π)
1221 5323 1369 5387 duximus
1392 5320 1635 5400 concedendam,
1666 5322 1809 5387 volentes
1840 5321 2041 5385 exacciouem

534 5435 569 5494 et
591 5428 814 5493 eolleccionom
837 5427 1016 5492 huiusmodi
1042 5426 1163 5490 decime
1187 5428 1219 5491 in
1242 5427 1426 5492 civitatibus
1450 5429 1482 5489 et
1509 5425 1690 5489 diocesibns
1722 5443 1758 5488 ac
1788 5423 1941 5489 comitatu
1971 5442 2043 5506 pre-

533 5533 630 5599 dictis
659 5550 718 5612 per·
748 5552 796 5595 vv.
827 5531 857 5595 ff.
887 5549 940 5594 nn.
973 5531 1174 5612 Pragensem,
1207 5529 1505 5593 Wratislauiensem
1535 5532 1569 5592 et
1599 5528 1841 5594 Olomuoensem
1864 5528 2040 5610 episcopos,

533 5654 613 5719 quos
638 5635 781 5718 singulos
804 5653 862 5716 per·
885 5634 966 5697 alias
989 5638 1115 5699 nostras
1138 5634 1264 5698 litteras
1288 5633 1320 5697 iu
1344 5632 1410 5696 suis
1434 5632 1619 5697 civitatibus
1642 5638 1675 5697 et
1705 5632 1895 5710 diocesibns,
1920 5649 2040 5695 necnon

533 5760 599 5820 vos,
624 5758 704 5822 quos
726 5739 758 5803 in
783 5740 934 5803 comitatu
958 5737 1101 5821 predicto
1125 5738 1311 5802 collectores
1335 5736 1515 5802 huiusmodi
1550 5736 1671 5801 decime
1700 5741 1811 5800 tenore
1840 5736 2040 5815 presencium

1904 5855 1937 5906 9⁸
