5184 7050
561 830 626 894 220

557 1037 663 1118 gensis
687 1035 822 1101 ecclesie
846 1039 880 1099 et
902 1034 1060 1099 rubricam
1083 1035 1114 1099 in
1139 1035 1298 1100 breviario
1322 1041 1503 1102 annotatam
1527 1039 1710 1120 peremnia
1740 1038 1922 1119 observare,
1946 1039 2067 1105 sabatis

557 1160 633 1206 vero
656 1147 689 1204 et
711 1159 823 1205 novem
846 1139 1021 1204 leccionum
1045 1139 1167 1218 diebus,
1191 1140 1306 1221 quibus
1330 1142 1415 1205 dicta
1443 1142 1611 1224 Pragensis
1640 1143 1777 1208 ecclesia
1806 1144 1923 1209 festum
1953 1163 2066 1209 novem

557 1245 732 1310 leccionum
756 1250 932 1327 perageret,
956 1243 1033 1308 dicti
1055 1245 1259 1309 mansionarii
1284 1264 1397 1310 novem
1414 1245 1552 1327 psalmos
1567 1253 1601 1311 et
1616 1266 1729 1313 novem
1744 1248 1902 1313 leccienes
1918 1247 2066 1313 similiter

557 1349 727 1414 decantare
749 1348 924 1427 studerent,
935 1347 976 1435 ¹¹¹¹)
999 1344 1164 1413 ferialibus
1187 1355 1293 1414 antem
1316 1350 1439 1429 diebus,
1462 1349 1613 1415 videlieet
1633 1352 1731 1416 trium
1746 1352 1930 1431 leccionum,
1946 1371 2063 1417 merno-

557 1455 618 1518 rati
640 1454 843 1519 mansionarii
866 1471 978 1516 norem
997 1451 1136 1534 psalmos
1155 1458 1189 1517 et
1202 1458 1270 1517 tres
1285 1452 1442 1519 leccienes
1459 1455 1553 1519 beate
1568 1456 1708 1537 Virginis
1724 1463 1852 1521 cantare
1866 1462 2064 1534 tenerentur,

556 1559 680 1624 aiesto
703 1577 778 1623 vero
802 1559 901 1623 Pasce
926 1557 1088 1638 usquead
1112 1557 1194 1621 diem
1218 1563 1327 1622 sancte
1349 1558 1513 1623 Trinitatis
1537 1560 1568 1623 in
1587 1560 1761 1639 matutinis,
1786 1560 1925 1642 psalmis,
1948 1560 2063 1625 leccio-

557 1663 658 1741 nibus,
682 1661 893 1743 responsoriis
914 1662 1027 1740 tribns,
1051 1660 1192 1725 collectis
1215 1668 1321 1726 autem
1344 1664 1506 1727 consuetis
1528 1669 1562 1727 et
1591 1666 1728 1745 propriis
1758 1664 1901 1729 eiusdem
1924 1665 2064 1748 Virginis

556 1767 747 1844 dicerentur,
779 1763 998 1830 deficientibus
1028 1783 1103 1829 vero
1134 1765 1277 1848 legendis
1307 1771 1474 1831 uterentur
1503 1768 1702 1832 sermonibus
1735 1775 1877 1850 tempore
1907 1768 2062 1833 festorum

555 1872 648 1936 beate
672 1870 773 1935 Marie
796 1870 1051 1952 congruentibus
1075 1875 1148 1934 ante
1171 1870 1275 1935 omnia
1297 1869 1455 1935 leccienes
1474 1872 1514 1935 de
1530 1872 1596 1936 vita
1611 1872 1755 1936 eiusdem
1770 1872 1907 1955 gloriose
1923 1872 2063 1955 Virginis

553 1975 744 2058 legerentur,
761 1976 875 2056 quibus
892 1972 1041 2055 perlectis
1055 1973 1249 2038 leccionibus
1265 1993 1436 2054 sermones
1444 1974 1472 2057 ¹³)
1496 1994 1575 2057 quos
1598 1977 1700 2041 sancti
1722 1975 1869 2041 doctores
1885 1978 1918 2041 in
1934 1976 2060 2040 laudern

555 2080 694 2162 Virginis
717 2078 895 2158 ediderunt,
920 2078 1110 2142 dicerentur.
1136 2078 1252 2143 Locum
1275 2098 1352 2144 vero
1374 2079 1415 2143 ad
1438 2079 1627 2144 cantandum
1642 2080 1737 2145 horas
1753 2081 1881 2146 easdem
1897 2085 1932 2145 et
1946 2081 2061 2145 missas

555 2185 675 2265 optavit
697 2185 766 2265 ipse
789 2183 926 2248 Karolns
949 2201 1020 2247 esse
1044 2182 1172 2248 chorum
1197 2187 1230 2247 et
1251 2182 1352 2248 altare
1376 2184 1476 2265 ipsius
1498 2184 1638 2267 Virginis
1661 2185 1693 2248 in
1717 2184 1853 2249 ecclesia
1874 2190 2060 2250 memorata.

555 2290 598 2353 Et
620 2289 694 2370 quia
716 2288 797 2352 bone
819 2288 970 2352 memorie
988 2288 1106 2369 Lupus,
1123 2288 1257 2352 sacrista
1273 2289 1451 2371 Pragensis,
1469 2288 1508 2352 de
1524 2308 1585 2370 quo
1601 2287 1629 2371 ¹¹)
1653 2306 1749 2371 supra
1763 2296 1925 2353 narratum
1941 2289 2060 2366 existit,

553 2392 594 2457 ad
616 2392 805 2457 cantandum
827 2393 955 2456 missam
977 2391 1152 2473 predictam
1174 2398 1298 2457 tanturn
1321 2391 1605 2457 uuos'saceruotes
1622 2399 1655 2457 et
1669 2399 1805 2475 quatuor
1820 2392 1952 2457 clericos
1971 2393 2061 2457 insti-

553 2503 660 2561 tuerat
682 2498 713 2561 in
736 2495 873 2560 ecclesia
894 2501 1077 2574 memorata,
1101 2496 1326 2560 accedentibus
1348 2516 1385 2561 ac
1407 2496 1467 2562 hoc
1489 2514 1621 2562 assensu
1645 2503 1678 2560 et
1705 2495 1946 2561 confirmacione
1977 2497 2058 2561 bone

552 2602 703 2666 memorie
733 2599 897 2679 lobannis,
928 2600 1070 2682 episcopi
1100 2601 1279 2683 Pragensis,
1303 2606 1337 2664 et
1366 2602 1498 2683 capituli
1521 2601 1656 2666 ecclesie
1687 2600 1930 2687 sepedicte,··¹¹·)
1960 2600 2061 2665 voluit

554 2705 658 2769 dictus
682 2704 828 2783 Karalus
852 2710 888 2768 ut
909 2704 987 2785 ipsis
1010 2703 1134 2768 clericis
1158 2705 1189 2769 in
1213 2724 1270 2768 suo
1301 2710 1386 2769 statu
1416 2707 1616 2770 manentibus
1646 2712 1680 2770 et
1710 2706 1833 2769 duobus
1863 2705 2059 2787 presbyteris

553 2810 714 2892 deputatis
737 2827 795 2891 per
816 2808 952 2873 eundem
975 2808 1140 2872 sacristam
1163 2808 1297 2890 singulis
1328 2809 1440 2874 diebus
1463 2810 1591 2874 missam
1614 2810 1754 2892 Virginis
1776 2809 1913 2891 gloriose
1944 2809 2059 2874 decan·

552 2915 693 2979 tentibus
727 2913 843 2995 prefati
875 2912 1078 2977 mansionarii
1113 2913 1260 2978 iuvarent
1293 2920 1421 2978 cantare
1453 2920 1489 2978 ut
1518 2914 1695 2997 predicitur
1722 2914 1850 2978 missam
1874 2914 2059 2995 predictam.

552 3019 704 3083 Preterea
734 3018 838 3082 dictus
868 3016 1014 3095 Karalus,
1046 3022 1081 3080 ut
1110 3018 1288 3098 precentori
1319 3024 1353 3082 et
1375 3019 1540 3100 utriusque
1562 3018 1680 3101 gradus
1702 3018 1923 3083 mansionariis
1947 3037 2057 3100 supra·

553 3122 646 3187 dictis
670 3122 701 3186 in
724 3122 839 3185 divinis
862 3119 974 3186 officiis
997 3121 1154 3186 serviendi
1177 3122 1306 3186 assidue
1329 3121 1474 3187 voluntas
1494 3128 1527 3186 et
1543 3128 1697 3204 perpetua
1711 3122 1908 3187 tribueretur
1922 3123 2057 3201 occasio,

551 3226 661 3304 rolnit,
685 3226 861 3307 quodcum
884 3224 1004 3289 eisdem
1028 3227 1227 3307 precentoris
1249 3232 1282 3290 et
1305 3227 1517 3291 mansionaria
1539 3225 1642 3290 nullas
1666 3226 1847 3308 dignitates,
1867 3231 2058 3308 personatus

553 3350 610 3395 seu
633 3329 847 3412 parrochiales
870 3329 1024 3394 ecclesias
1046 3335 1102 3394 aut
1124 3329 1187 3394 alia
1210 3332 1320 3411 quevis
1342 3328 1497 3396 beneficia
1512 3349 1568 3394 seu
1585 3330 1690 3397 officia
1705 3329 1933 3409 ecclesiastica,
1949 3349 2055 3395 curam

551 3437 724 3499 animarum
747 3433 902 3498 habencia
923 3432 974 3497 rel
997 3438 1085 3497 certa
1107 3453 1205 3498 onera
1226 3435 1288 3499 sibi
1311 3453 1443 3513 annexa,
1466 3440 1522 3498 aut
1545 3454 1606 3516 que
1629 3434 1828 3517 personalem
1855 3436 2057 3516 requirerent

551 3540 769 3618 residenciam,
800 3540 900 3602 eciam
930 3538 1148 3620 dispensative
1178 3539 1323 3603 valerent
1352 3541 1495 3604 obtinere
1526 3547 1568 3618 et,
1592 3540 1619 3604 si
1642 3559 1703 3622 que
1726 3546 1802 3604 tunc
1824 3540 1994 3618 habehant,
2017 3558 2055 3604 ea

550 3664 621 3709 cum
650 3642 764 3709 effectu
796 3643 950 3707 deberent
979 3643 1138 3707 dimittere
1169 3643 1250 3707 inira
1279 3662 1437 3721 mensem3
1468 3663 1505 3708 ac
1535 3645 1668 3708 rectoris
1701 3644 1887 3709 clericorum
1911 3643 2053 3722 istorum,

550 3768 644 3830 quem
673 3766 787 3813 nomen
817 3747 1013 3829 precentoris
1043 3748 1165 3829 optarit
1194 3748 1311 3825 sortiri,
1341 3747 1441 3812 voluit
1470 3747 1529 3812 hoc
1553 3748 1694 3812 debitum
1716 3766 1789 3811 esse
1812 3745 1918 3826 officii,
1943 3753 1979 3811 nt
2000 3766 2054 3811 er-

550 3871 659 3917 cessus
681 3851 895 3934 predictorum
917 3850 1198 3915 mansionariorum
1222 3851 1345 3933 prefato
1368 3853 1488 3916 decano
1505 3853 1656 3934 Pragensi
1672 3852 1864 3916 denunciare
1879 3857 2053 3928 teneretur,

549 3958 590 4021 ad
620 3958 710 4021 cuius
740 3955 1018 4020 denunciacionem
1049 3954 1187 4019 decanus
1217 3956 1379 4036 predictus
1409 3957 1534 4038 cognita
1556 3975 1651 4020 causa
1674 3956 1801 4020 eosdem
1825 3948 2053 4021 mansionarios

551 4080 606 4143 pro
629 4059 808 4124 huiusmodi
831 4060 1014 4123 excessibus
1037 4060 1125 4123 iuxta
1146 4059 1272 4123 modum
1289 4059 1381 4142 culpe
1397 4061 1556 4142 corrigere
1572 4066 1606 4124 et
1621 4062 1777 4142 castigare
1801 4060 1950 4138 deberet3
1974 4061 2053 4124 duos

549 4184 674 4248 quoque
696 4164 997 4245 ebdomadarios,¹¹“)
1021 4163 1171 4228 diaconos
1193 4163 1343 4228 videlicet
1357 4170 1391 4229 et
1406 4164 1624 4243 subdiaconos,
1645 4165 1791 4229 ordinare
1807 4165 1847 4228 ad
1863 4164 2051 4229 cantandum

549 4271 674 4334 missam
697 4268 872 4350 predictam
887 4267 928 4331 ad
944 4274 1162 4349 precentorem
1178 4268 1355 4350 predictum
1371 4268 1557 4350 pertineret,
1573 4269 1613 4333 ad
1630 4269 1720 4334 cuius
1736 4269 1836 4333 eciam
1851 4268 1903 4332 vel
1918 4268 2051 4333 alterius

548 4375 618 4439 eius
651 4373 777 4437 nomine
810 4372 976 4453 imperium
1011 4371 1097 4436 horis
1131 4372 1247 4438 debitis
1281 4374 1404 4455 signum
1428 4373 1558 4438 daretur
1580 4392 1731 4455 campane
1755 4392 1812 4456 per
1835 4374 2051 4454 campanarios

547 4479 631 4542 dicte
653 4476 799 4554 ecclesie,
822 4477 937 4557 quihus
960 4495 1016 4556 pro
1038 4495 1147 4541 eorum
1170 4476 1331 4543 laboribus
1354 4478 1539 4543 satisfacere
1560 4484 1757 4543 tenerentur.
1795 4477 1905 4543 Voluit
1940 4479 2049 4555 eciam,

548 4582 631 4664 quod
661 4580 701 4644 ad
732 4581 927 4662 precentoris
957 4584 1118 4662 spectaret
1147 4601 1253 4646 euram
1285 4582 1451 4664 providere
1482 4583 1522 4646 de
1552 4582 1759 4647 luminaribus
1781 4583 1973 4646 necessariis
1996 4602 2051 4664 pro

547 4688 644 4751 nrissa
666 4683 807 4749 etheris
831 4685 991 4765 predictis,
1015 4703 1202 4749 conservare
1226 4691 1333 4750 vestes
1356 4703 1473 4763 sacras,
1497 4692 1682 4750 ornamenta
1704 4685 1824 4763 altaris
1842 4685 1967 4764 calices,
1985 4706 2050 4751 cor·

548 4789 677 4870 poralia,
700 4789 797 4853 libros
822 4795 855 4852 et
876 4806 995 4870 mapas.
1037 4791 1173 4870 Insuper
1196 4809 1252 4871 pro
1276 4791 1373 4872 capis,
1398 4791 1508 4854 brunis
1532 4790 1775 4873 superpelliciis,
1798 4791 1902 4855 mitris
1925 4809 2050 4874 quoqne

548 4899 580 4957 et
602 4894 781 4973 oirretisrp
814 4892 944 4957 cuilibet
972 4895 1126 4958 maiomm
1156 4896 1439 4959 mansionariomm
1470 4895 1566 4959 semel
1597 4900 1719 4960 tantum
1751 4896 1781 4959 in
1808 4913 1891 4960 anno
1914 4896 1947 4960 in
1969 4895 2050 4961 festo

547 4998 632 5061 beati
656 4997 741 5063 Galli
763 5016 856 5062 uuam
880 5016 1069 5080 sexagenum
1093 4999 1132 5062 de
1156 4998 1335 5062 redditibus
1358 4999 1509 5081 predictis
1532 4999 1705 5063 ministrari
1728 4998 1828 5062 voluit
1850 5016 1909 5081 per
1932 4999 2049 5064 dictum

546 5107 764 5182 precentorem
796 5106 829 5165 et
858 5103 962 5166 curari
991 5100 1169 5184 vigilanter,
1200 5121 1240 5166 ne
1270 5101 1378 5183 aliqua
1407 5103 1659 5185 negligenciam
1689 5102 1775 5167 horis
1798 5104 2050 5170 committeretur

545 5205 675 5284 eisdem,
698 5210 732 5268 et
750 5205 834 5286 quod
849 5205 890 5269 ad
905 5224 977 5270 eum
993 5207 1169 5287 pertineret
1187 5212 1299 5284 terras,
1316 5205 1521 5285 hereditates
1539 5208 1766 5287 possessiones,
1783 5208 1875 5285 bona,
1892 5208 2047 5284 redditus,

545 5314 718 5390 proventus
741 5327 798 5374 seu
821 5311 1031 5374 obrenciones
1054 5328 1259 5391 quascunque
1282 5311 1435 5374 honorum
1458 5310 1672 5393 predictorum
1694 5315 1815 5387 tenere,
1835 5311 2002 5392 possidere
2018 5318 2049 5376 et

544 5414 721 5494 gubernare
751 5432 788 5476 ac
818 5412 966 5495 colligere
995 5414 1139 5478 redditus
1162 5419 1195 5478 et
1217 5414 1409 5479 distribuere
1432 5433 1490 5495 per
1513 5432 1547 5478 se
1572 5416 1673 5496 ipsum
1696 5421 1730 5479 et
1752 5414 1968 5480 coadiutorem
1992 5434 2048 5481 seu

545 5522 781 5597 cooperatorem
811 5518 912 5599 ipsius
942 5519 1036 5582 dictis
1065 5518 1286 5583 mansionariis
1316 5518 1402 5583 horis
1433 5520 1698 5583 interessentibus
1728 5519 1768 5582 ad
1791 5519 1933 5599 singulas
1955 5521 2048 5586 horas

545 5618 657 5683 diebus
680 5619 813 5702 singulis
835 5622 996 5702 expressis
1019 5622 1175 5702 superius,
1207 5627 1241 5685 et
1270 5623 1354 5704 quod
1384 5625 1586 5704 porcionibus
1616 5623 1838 5689 nichilominus
1868 5624 2047 5691 distributis

544 5741 602 5802 per
624 5744 695 5789 eum
718 5730 751 5787 et
773 5731 1010 5806 cooperatorem
1044 5725 1123 5801 eius
1158 5744 1261 5789 coram
1279 5778 1310 5791 ..
1335 5726 1455 5790 decano
1490 5729 1640 5809 Pragensi
1674 5734 1708 5792 et
1729 5729 1952 5793 mansionariis
1974 5748 2045 5811 pre·
