<?xml version="1.0" encoding="UTF-8"?>
<!DOCTYPE html PUBLIC "-//W3C//DTD XHTML 1.0 Transitional//EN"
    "http://www.w3.org/TR/xhtml1/DTD/xhtml1-transitional.dtd">
<html xmlns="http://www.w3.org/1999/xhtml" xml:lang="en" lang="en">
 <head>
  <title>
</title>
<meta http-equiv="Content-Type" content="text/html;charset=utf-8" />
  <meta name='ocr-system' content='tesseract 3.04.00' />
  <meta name='ocr-capabilities' content='ocr_page ocr_carea ocr_par ocr_line ocrx_word'/>
</head>
<body>
  <div class='ocr_page' id='page_1' title='image "./monumentavatica01vatigoog_0499.png"; bbox 0 0 5184 7050; ppageno 0'>
   <div class='ocr_carea' id='block_1_1' title="bbox 1878 852 1941 918">
    <p class='ocr_par' dir='ltr' id='par_1_1' title="bbox 1878 852 1941 918">
     <span class='ocr_line' id='line_1_1' title="bbox 1878 852 1941 918; baseline -0.016 0"><span class='ocrx_word' id='word_1_1' title='bbox 1878 852 1941 918; x_wconf 76' lang='lat'><strong><em>477</em></strong></span> 
     </span>
    </p>
   </div>
   <div class='ocr_carea' id='block_1_2' title="bbox 426 1058 1952 1662">
    <p class='ocr_par' dir='ltr' id='par_1_2' title="bbox 428 1058 1952 1145">
     <span class='ocr_line' id='line_1_2' title="bbox 428 1058 1952 1145; baseline 0.003 -20"><span class='ocrx_word' id='word_1_2' title='bbox 428 1060 524 1126; x_wconf 75' lang='lat'><strong><em>798.</em></strong></span> <span class='ocrx_word' id='word_1_3' title='bbox 548 1059 682 1124; x_wconf 72' lang='lat' dir='ltr'><strong><em>Rabirio</em></strong></span> <span class='ocrx_word' id='word_1_4' title='bbox 705 1059 789 1126; x_wconf 85' lang='lat' dir='ltr'><strong><em>dicto</em></strong></span> <span class='ocrx_word' id='word_1_5' title='bbox 812 1061 908 1134; x_wconf 89' lang='lat' dir='ltr'><strong><em>Dore,</em></strong></span> <span class='ocrx_word' id='word_1_6' title='bbox 933 1059 1046 1124; x_wconf 80' lang='lat' dir='ltr'><strong><em>clerico</em></strong></span> <span class='ocrx_word' id='word_1_7' title='bbox 1071 1059 1288 1124; x_wconf 77' lang='lat' dir='ltr'><strong><em>Noniomensis</em></strong></span> <span class='ocrx_word' id='word_1_8' title='bbox 1318 1058 1460 1135; x_wconf 84' lang='lat' dir='ltr'><strong><em>diocesis,</em></strong></span> <span class='ocrx_word' id='word_1_9' title='bbox 1491 1064 1674 1125; x_wconf 80' lang='lat' dir='ltr'><strong><em>reservatur</em></strong></span> <span class='ocrx_word' id='word_1_10' title='bbox 1705 1060 1748 1124; x_wconf 90' lang='lat' dir='ltr'><strong><em>ad</em></strong></span> <span class='ocrx_word' id='word_1_11' title='bbox 1777 1060 1952 1145; x_wconf 55' lang='lat' dir='ltr'><strong><em>supplica?</em></strong></span> 
     </span>
    </p>

    <p class='ocr_par' dir='ltr' id='par_1_3' title="bbox 426 1162 1942 1245">
     <span class='ocr_line' id='line_1_3' title="bbox 426 1162 1942 1245; baseline 0.003 -19"><span class='ocrx_word' id='word_1_12' title='bbox 426 1163 542 1227; x_wconf 82' lang='lat' dir='ltr'><strong><em>tionem</em></strong></span> <span class='ocrx_word' id='word_1_13' title='bbox 577 1162 694 1241; x_wconf 80' lang='lat' dir='ltr'><strong><em>Caroli,</em></strong></span> <span class='ocrx_word' id='word_1_14' title='bbox 729 1163 814 1244; x_wconf 75' lang='lat' dir='ltr'><strong><em>repis</em></strong></span> <span class='ocrx_word' id='word_1_15' title='bbox 849 1165 1073 1238; x_wconf 78' lang='lat' dir='ltr'><strong><em>Romaaomm,</em></strong></span> <span class='ocrx_word' id='word_1_16' title='bbox 1105 1163 1288 1245; x_wconf 78' lang='lat' dir='ltr'><strong><em>beneficiam</em></strong></span> <span class='ocrx_word' id='word_1_17' title='bbox 1318 1183 1388 1227; x_wconf 80' lang='lat' dir='ltr'><strong><em>carn</em></strong></span> <span class='ocrx_word' id='word_1_18' title='bbox 1417 1162 1466 1227; x_wconf 83' lang='lat' dir='ltr'><strong><em>oct</em></strong></span> <span class='ocrx_word' id='word_1_19' title='bbox 1487 1164 1556 1228; x_wconf 88' lang='lat' dir='ltr'><strong><em>sine</em></strong></span> <span class='ocrx_word' id='word_1_20' title='bbox 1579 1185 1666 1243; x_wconf 80' lang='lat' dir='ltr'><strong><em>cura,</em></strong></span> <span class='ocrx_word' id='word_1_21' title='bbox 1693 1164 1782 1229; x_wconf 82' lang='lat' dir='ltr'><strong><em>enias</em></strong></span> <span class='ocrx_word' id='word_1_22' title='bbox 1809 1162 1942 1244; x_wconf 58' lang='lat' dir='ltr'><strong><em>fricatas</em></strong></span> 
     </span>
    </p>

    <p class='ocr_par' dir='ltr' id='par_1_4' title="bbox 426 1266 1942 1350">
     <span class='ocr_line' id='line_1_4' title="bbox 426 1266 1942 1350; baseline 0.003 -20"><span class='ocrx_word' id='word_1_23' title='bbox 426 1270 471 1333; x_wconf 88' lang='grc'><strong><em>60</em></strong></span> <span class='ocrx_word' id='word_1_24' title='bbox 493 1288 575 1350; x_wconf 84' lang='lat' dir='ltr'><strong><em>resp.</em></strong></span> <span class='ocrx_word' id='word_1_25' title='bbox 598 1270 644 1333; x_wconf 74' lang='lat'><strong><em>40</em></strong></span> <span class='ocrx_word' id='word_1_26' title='bbox 674 1266 830 1332; x_wconf 76' lang='lat' dir='ltr'><strong><em>librarum</em></strong></span> <span class='ocrx_word' id='word_1_27' title='bbox 856 1268 1083 1332; x_wconf 84' lang='lat' dir='ltr'><strong><em>Turonensinm</em></strong></span> <span class='ocrx_word' id='word_1_28' title='bbox 1109 1287 1285 1350; x_wconf 83' lang='lat' dir='ltr'><strong><em>paroomm</em></strong></span> <span class='ocrx_word' id='word_1_29' title='bbox 1306 1287 1333 1331; x_wconf 82' lang='lat' dir='ltr'><strong><em>s.</em></strong></span> <span class='ocrx_word' id='word_1_30' title='bbox 1356 1270 1379 1332; x_wconf 82' lang='lat' dir='ltr'><strong><em>t.</em></strong></span> <span class='ocrx_word' id='word_1_31' title='bbox 1403 1266 1434 1331; x_wconf 89' lang='lat' dir='ltr'><strong><em>d.</em></strong></span> <span class='ocrx_word' id='word_1_32' title='bbox 1457 1266 1597 1331; x_wconf 85' lang='lat' dir='ltr'><strong><em>calorem</em></strong></span> <span class='ocrx_word' id='word_1_33' title='bbox 1627 1288 1768 1332; x_wconf 83' lang='lat' dir='ltr'><strong><em>annnam</em></strong></span> <span class='ocrx_word' id='word_1_34' title='bbox 1799 1288 1861 1333; x_wconf 86' lang='lat' dir='ltr'><strong><em>non</em></strong></span> <span class='ocrx_word' id='word_1_35' title='bbox 1889 1289 1942 1334; x_wconf 78' lang='lat' dir='ltr'><strong><em>ea-</em></strong></span> 
     </span>
    </p>

    <p class='ocr_par' dir='ltr' id='par_1_5' title="bbox 426 1370 1942 1455">
     <span class='ocr_line' id='line_1_5' title="bbox 426 1370 1942 1455; baseline 0.001 -21"><span class='ocrx_word' id='word_1_36' title='bbox 426 1370 551 1449; x_wconf 75' lang='lat' dir='ltr'><strong><em>cedam,</em></strong></span> <span class='ocrx_word' id='word_1_37' title='bbox 587 1373 618 1435; x_wconf 90' lang='lat' dir='ltr'><strong><em>si</em></strong></span> <span class='ocrx_word' id='word_1_38' title='bbox 650 1371 733 1454; x_wconf 81' lang='lat' dir='ltr'><strong><em>qnod</em></strong></span> <span class='ocrx_word' id='word_1_39' title='bbox 766 1372 810 1437; x_wconf 91' lang='lat' dir='ltr'><strong><em>ad</em></strong></span> <span class='ocrx_word' id='word_1_40' title='bbox 843 1371 1041 1436; x_wconf 77' lang='lat' dir='ltr'><strong><em>collationem</em></strong></span> <span class='ocrx_word' id='word_1_41' title='bbox 1074 1371 1311 1455; x_wconf 71' lang='lat' dir='ltr'><strong><em>archiepiscopi,</em></strong></span> <span class='ocrx_word' id='word_1_42' title='bbox 1344 1371 1456 1436; x_wconf 85' lang='lat' dir='ltr'><strong><em>decani</em></strong></span> <span class='ocrx_word' id='word_1_43' title='bbox 1478 1376 1508 1435; x_wconf 82' lang='lat' dir='ltr'><strong><em>et</em></strong></span> <span class='ocrx_word' id='word_1_44' title='bbox 1530 1371 1664 1455; x_wconf 79' lang='lat' dir='ltr'><strong><em>capitali</em></strong></span> <span class='ocrx_word' id='word_1_45' title='bbox 1686 1393 1726 1436; x_wconf 87' lang='lat' dir='ltr'><strong><em>aa</em></strong></span> <span class='ocrx_word' id='word_1_46' title='bbox 1747 1371 1942 1454; x_wconf 66' lang='lat' dir='ltr'><strong><em>sinodorum</em></strong></span> 
     </span>
    </p>

    <p class='ocr_par' dir='ltr' id='par_1_6' title="bbox 427 1475 1941 1662">
     <span class='ocr_line' id='line_1_6' title="bbox 427 1475 1941 1554; baseline 0.002 -14"><span class='ocrx_word' id='word_1_47' title='bbox 427 1478 653 1541; x_wconf 69' lang='lat' dir='ltr'><strong><em>canonicorum</em></strong></span> <span class='ocrx_word' id='word_1_48' title='bbox 675 1475 825 1542; x_wconf 78' lang='lat' dir='ltr'><strong><em>ecciesiae</em></strong></span> <span class='ocrx_word' id='word_1_49' title='bbox 846 1476 1035 1540; x_wconf 81' lang='lat' dir='ltr'><strong><em>Senonensis</em></strong></span> <span class='ocrx_word' id='word_1_50' title='bbox 1056 1480 1162 1554; x_wconf 82' lang='lat' dir='ltr'><strong><em>vacat,</em></strong></span> <span class='ocrx_word' id='word_1_51' title='bbox 1185 1475 1233 1540; x_wconf 80' lang='lat' dir='ltr'><strong><em>oei</em></strong></span> <span class='ocrx_word' id='word_1_52' title='bbox 1256 1496 1326 1540; x_wconf 88' lang='lat' dir='ltr'><strong><em>cnm</em></strong></span> <span class='ocrx_word' id='word_1_53' title='bbox 1351 1477 1522 1541; x_wconf 81' lang='lat' dir='ltr'><strong><em>vacaverit.</em></strong></span> <span class='ocrx_word' id='word_1_54' title='bbox 1569 1477 1622 1554; x_wconf 84' lang='lat' dir='ltr'><strong><em>‚D.</em></strong></span> <span class='ocrx_word' id='word_1_55' title='bbox 1645 1475 1805 1541; x_wconf 85' lang='lat' dir='ltr'><strong><em>Aninionc</em></strong></span> <span class='ocrx_word' id='word_1_56' title='bbox 1825 1478 1860 1541; x_wconf 89' lang='lat' dir='ltr'><em>X</em></span> <span class='ocrx_word' id='word_1_57' title='bbox 1877 1477 1941 1544; x_wconf 78' lang='lat' dir='ltr'><strong><em>aaz.</em></strong></span> 
     </span>
     <span class='ocr_line' id='line_1_7' title="bbox 807 1580 1561 1662; baseline 0.001 -19"><span class='ocrx_word' id='word_1_58' title='bbox 807 1580 992 1644; x_wconf 76' lang='lat' dir='ltr'><strong><em>Decembris</em></strong></span> <span class='ocrx_word' id='word_1_59' title='bbox 1015 1601 1045 1644; x_wconf 94' lang='lat' dir='ltr'><strong><em>a.</em></strong></span> <span class='ocrx_word' id='word_1_60' title='bbox 1070 1581 1197 1662; x_wconf 63' lang='lat' dir='ltr'><strong><em>quinto}</em></strong></span> <span class='ocrx_word' id='word_1_61' title='bbox 1222 1581 1338 1644; x_wconf 87' lang='lat' dir='ltr'><strong><em>Forma</em></strong></span> <span class='ocrx_word' id='word_1_62' title='bbox 1361 1583 1398 1642; x_wconf 86' lang='lat' dir='ltr'><strong><em>at</em></strong></span> <span class='ocrx_word' id='word_1_63' title='bbox 1419 1580 1455 1644; x_wconf 85' lang='lat' dir='ltr'><strong><em>in</em></strong></span> <span class='ocrx_word' id='word_1_64' title='bbox 1477 1601 1506 1644; x_wconf 88' lang='lat' dir='ltr'><strong><em>n.</em></strong></span> <span class='ocrx_word' id='word_1_65' title='bbox 1530 1585 1561 1645; x_wconf 81' lang='lat'><strong><em>2.</em></strong></span> 
     </span>
    </p>
   </div>
   <div class='ocr_carea' id='block_1_3' title="bbox 473 1730 1897 1854">
    <p class='ocr_par' dir='ltr' id='par_1_7' title="bbox 473 1730 1897 1854">
     <span class='ocr_line' id='line_1_8' title="bbox 473 1730 1897 1854; baseline 0 -16"><span class='ocrx_word' id='word_1_66' title='bbox 473 1730 583 1838; x_wconf 83' lang='lat' dir='ltr'><strong><em>Gratis</em></strong></span> <span class='ocrx_word' id='word_1_67' title='bbox 605 1791 664 1854; x_wconf 91' lang='lat' dir='ltr'><strong><em>pro</em></strong></span> <span class='ocrx_word' id='word_1_68' title='bbox 687 1771 756 1837; x_wconf 87' lang='lat' dir='ltr'><strong><em>deo.</em></strong></span> <span class='ocrx_word' id='word_1_69' title='bbox 1338 1769 1501 1846; x_wconf 79' lang='lat' dir='ltr'><strong><em>Animam,</em></strong></span> <span class='ocrx_word' id='word_1_70' title='bbox 1524 1772 1611 1836; x_wconf 72' lang='lat'><em>1346</em></span> <span class='ocrx_word' id='word_1_71' title='bbox 1635 1770 1821 1836; x_wconf 76' lang='lat' dir='ltr'><strong><em>Novembris</em></strong></span> <span class='ocrx_word' id='word_1_72' title='bbox 1844 1777 1897 1838; x_wconf 83' lang='lat'><strong><em>22.</em></strong></span> 
     </span>
    </p>
   </div>
   <div class='ocr_carea' id='block_1_4' title="bbox 425 2011 1942 2154">
    <p class='ocr_par' dir='ltr' id='par_1_8' title="bbox 425 2011 1942 2154">
     <span class='ocr_line' id='line_1_9' title="bbox 534 2011 1942 2083; baseline 0.001 -17"><span class='ocrx_word' id='word_1_73' title='bbox 534 2011 687 2067; x_wconf 85' lang='lat' dir='ltr'><strong><em>Clementis</em></strong></span> <span class='ocrx_word' id='word_1_74' title='bbox 704 2012 742 2066; x_wconf 85' lang='lat' dir='ltr'><strong><em>VI</em></strong></span> <span class='ocrx_word' id='word_1_75' title='bbox 762 2015 794 2067; x_wconf 78' lang='lat' dir='ltr'><strong><em>A.</em></strong></span> <span class='ocrx_word' id='word_1_76' title='bbox 814 2012 867 2082; x_wconf 61' lang='lat' dir='ltr'><strong><em>Vin</em></strong></span> <span class='ocrx_word' id='word_1_77' title='bbox 886 2012 979 2080; x_wconf 80' lang='grc'><strong><em>(87)1.</em></strong></span> <span class='ocrx_word' id='word_1_78' title='bbox 998 2014 1069 2079; x_wconf 84' lang='lat'><strong>335&#39;,</strong></span> <span class='ocrx_word' id='word_1_79' title='bbox 1088 2013 1122 2067; x_wconf 83' lang='lat' dir='ltr'><strong><em>de</em></strong></span> <span class='ocrx_word' id='word_1_80' title='bbox 1141 2013 1282 2068; x_wconf 84' lang='lat' dir='ltr'><strong><em>beneficiis</em></strong></span> <span class='ocrx_word' id='word_1_81' title='bbox 1302 2029 1363 2068; x_wconf 86' lang='lat' dir='ltr'><strong><em>cum</em></strong></span> <span class='ocrx_word' id='word_1_82' title='bbox 1381 2012 1423 2068; x_wconf 83' lang='lat' dir='ltr'><strong><em>vel</em></strong></span> <span class='ocrx_word' id='word_1_83' title='bbox 1442 2014 1502 2070; x_wconf 82' lang='lat' dir='ltr'><strong><em>sine</em></strong></span> <span class='ocrx_word' id='word_1_84' title='bbox 1522 2031 1589 2069; x_wconf 80' lang='lat' dir='ltr'><strong><em>aura</em></strong></span> <span class='ocrx_word' id='word_1_85' title='bbox 1606 2031 1652 2083; x_wconf 86' lang='lat' dir='ltr'><strong><em>qu.</em></strong></span> <span class='ocrx_word' id='word_1_86' title='bbox 1672 2019 1733 2068; x_wconf 81' lang='lat'><strong><em>5:</em></strong></span> <span class='ocrx_word' id='word_1_87' title='bbox 1746 2013 1778 2068; x_wconf 83' lang='lat' dir='ltr'><strong><em>V.</em></strong></span> <span class='ocrx_word' id='word_1_88' title='bbox 1793 2020 1842 2068; x_wconf 80' lang='grc'><strong><em>174</em></strong></span> <span class='ocrx_word' id='word_1_89' title='bbox 1859 2013 1878 2068; x_wconf 85' lang='lat' dir='ltr'><strong><em>t.</em></strong></span> <span class='ocrx_word' id='word_1_90' title='bbox 1894 2018 1942 2068; x_wconf 89' lang='grc'><strong><em>187</em></strong></span> 
     </span>
     <span class='ocr_line' id='line_1_10' title="bbox 425 2106 535 2154; baseline 0 -1"><span class='ocrx_word' id='word_1_91' title='bbox 425 2117 454 2153; x_wconf 82' lang='grc' dir='ltr'><strong><em>ιι.</em></strong></span> <span class='ocrx_word' id='word_1_92' title='bbox 477 2106 535 2154; x_wconf 69' lang='lat' dir='ltr'><strong><em>sot.</em></strong></span> 
     </span>
    </p>
   </div>
   <div class='ocr_carea' id='block_1_5' title="bbox 420 2638 1945 3333">
    <p class='ocr_par' dir='ltr' id='par_1_9' title="bbox 428 2638 1943 2726">
     <span class='ocr_line' id='line_1_11' title="bbox 428 2638 1943 2726; baseline -0.003 -15"><span class='ocrx_word' id='word_1_93' title='bbox 428 2645 523 2711; x_wconf 77' lang='lat'><strong><em>799.</em></strong></span> <span class='ocrx_word' id='word_1_94' title='bbox 549 2641 653 2722; x_wconf 74' lang='lat' dir='ltr'><strong><em>alipio</em></strong></span> <span class='ocrx_word' id='word_1_95' title='bbox 677 2642 775 2707; x_wconf 70' lang='lat' dir='ltr'><strong><em>dabri</em></strong></span> <span class='ocrx_word' id='word_1_96' title='bbox 797 2643 835 2707; x_wconf 88' lang='lat' dir='ltr'><strong><em>de</em></strong></span> <span class='ocrx_word' id='word_1_97' title='bbox 857 2641 1009 2723; x_wconf 66' lang='lat' dir='ltr'><strong><em>Sonepiis²</em></strong></span> <span class='ocrx_word' id='word_1_98' title='bbox 1035 2638 1146 2707; x_wconf 79' lang='lat' dir='ltr'><strong><em>clerico</em></strong></span> <span class='ocrx_word' id='word_1_99' title='bbox 1171 2640 1408 2708; x_wconf 77' lang='lat' dir='ltr'><strong><em>Cameracensis</em></strong></span> <span class='ocrx_word' id='word_1_100' title='bbox 1432 2640 1574 2718; x_wconf 80' lang='lat' dir='ltr'><strong><em>diocesis,</em></strong></span> <span class='ocrx_word' id='word_1_101' title='bbox 1597 2645 1778 2705; x_wconf 81' lang='lat' dir='ltr'><strong><em>reservatur</em></strong></span> <span class='ocrx_word' id='word_1_102' title='bbox 1800 2643 1843 2706; x_wconf 91' lang='lat' dir='ltr'><strong><em>ad</em></strong></span> <span class='ocrx_word' id='word_1_103' title='bbox 1868 2664 1943 2726; x_wconf 78' lang='lat' dir='ltr'><strong><em>sap-</em></strong></span> 
     </span>
    </p>

    <p class='ocr_par' dir='ltr' id='par_1_10' title="bbox 420 2745 1943 2831">
     <span class='ocr_line' id='line_1_12' title="bbox 420 2745 1943 2831; baseline 0.001 -21"><span class='ocrx_word' id='word_1_104' title='bbox 420 2747 634 2831; x_wconf 81' lang='lat' dir='ltr'><strong><em>plicotionem</em></strong></span> <span class='ocrx_word' id='word_1_105' title='bbox 659 2745 774 2826; x_wconf 79' lang='lat' dir='ltr'><strong><em>Caroli,</em></strong></span> <span class='ocrx_word' id='word_1_106' title='bbox 798 2748 881 2828; x_wconf 76' lang='lat' dir='ltr'><strong><em>repis</em></strong></span> <span class='ocrx_word' id='word_1_107' title='bbox 905 2748 1130 2825; x_wconf 81' lang='lat' dir='ltr'><strong><em>Romanorum,</em></strong></span> <span class='ocrx_word' id='word_1_108' title='bbox 1153 2745 1335 2828; x_wconf 77' lang='lat' dir='ltr'><strong><em>beneficiam</em></strong></span> <span class='ocrx_word' id='word_1_109' title='bbox 1358 2766 1428 2809; x_wconf 82' lang='lat' dir='ltr'><strong><em>arm</em></strong></span> <span class='ocrx_word' id='word_1_110' title='bbox 1449 2745 1498 2809; x_wconf 85' lang='lat' dir='ltr'><strong><em>nd</em></strong></span> <span class='ocrx_word' id='word_1_111' title='bbox 1519 2747 1588 2810; x_wconf 84' lang='lat' dir='ltr'><strong><em>sine</em></strong></span> <span class='ocrx_word' id='word_1_112' title='bbox 1603 2766 1691 2821; x_wconf 82' lang='lat' dir='ltr'><strong><em>arra,</em></strong></span> <span class='ocrx_word' id='word_1_113' title='bbox 1708 2751 1887 2811; x_wconf 78' lang='lat' dir='ltr'><strong><em>commotum</em></strong></span> <span class='ocrx_word' id='word_1_114' title='bbox 1903 2746 1943 2811; x_wconf 81' lang='lat' dir='ltr'><strong><em>ab</em></strong></span> 
     </span>
    </p>

    <p class='ocr_par' dir='ltr' id='par_1_11' title="bbox 426 2845 1941 2932">
     <span class='ocr_line' id='line_1_13' title="bbox 426 2845 1941 2932; baseline 0.001 -19"><span class='ocrx_word' id='word_1_115' title='bbox 426 2851 506 2913; x_wconf 85' lang='lat' dir='ltr'><strong><em>otim</em></strong></span> <span class='ocrx_word' id='word_1_116' title='bbox 541 2848 663 2914; x_wconf 77' lang='lat' dir='ltr'><em>clericis</em></span> <span class='ocrx_word' id='word_1_117' title='bbox 697 2851 915 2916; x_wconf 80' lang='lat' dir='ltr'><strong><em>sacerdoribus</em></strong></span> <span class='ocrx_word' id='word_1_118' title='bbox 950 2849 1124 2931; x_wconf 62' lang='lat' dir='ltr'><strong><em>amieriam,</em></strong></span> <span class='ocrx_word' id='word_1_119' title='bbox 1149 2851 1236 2913; x_wconf 82' lang='lat' dir='ltr'><strong><em>cuins</em></strong></span> <span class='ocrx_word' id='word_1_120' title='bbox 1265 2853 1399 2928; x_wconf 85' lang='lat' dir='ltr'><strong><em>fractas</em></strong></span> <span class='ocrx_word' id='word_1_121' title='bbox 1428 2851 1472 2914; x_wconf 85' lang='lat'><strong><em>60</em></strong></span> <span class='ocrx_word' id='word_1_122' title='bbox 1494 2871 1576 2932; x_wconf 79' lang='lat' dir='ltr'><strong><em>resp.</em></strong></span> <span class='ocrx_word' id='word_1_123' title='bbox 1599 2852 1643 2916; x_wconf 74' lang='lat' dir='ltr'><strong><em>to</em></strong></span> <span class='ocrx_word' id='word_1_124' title='bbox 1664 2848 1819 2913; x_wconf 72' lang='lat' dir='ltr'><strong><em>librarum</em></strong></span> <span class='ocrx_word' id='word_1_125' title='bbox 1846 2845 1941 2914; x_wconf 68' lang='lat' dir='ltr'><strong><em>tioro-</em></strong></span> 
     </span>
    </p>

    <p class='ocr_par' dir='ltr' id='par_1_12' title="bbox 427 2952 1945 3036">
     <span class='ocr_line' id='line_1_14' title="bbox 427 2952 1945 3036; baseline 0 -17"><span class='ocrx_word' id='word_1_126' title='bbox 427 2956 576 3019; x_wconf 84' lang='lat' dir='ltr'><strong><em>nensimn</em></strong></span> <span class='ocrx_word' id='word_1_127' title='bbox 595 2977 770 3036; x_wconf 82' lang='lat' dir='ltr'><strong><em>porcorum</em></strong></span> <span class='ocrx_word' id='word_1_128' title='bbox 792 2978 817 3021; x_wconf 91' lang='lat' dir='ltr'><strong><em>s.</em></strong></span> <span class='ocrx_word' id='word_1_129' title='bbox 839 2960 860 3020; x_wconf 89' lang='lat' dir='ltr'><strong><em>t.</em></strong></span> <span class='ocrx_word' id='word_1_130' title='bbox 877 2956 907 3020; x_wconf 91' lang='lat' dir='ltr'><strong><em>d.</em></strong></span> <span class='ocrx_word' id='word_1_131' title='bbox 932 2954 1071 3020; x_wconf 72' lang='lat' dir='ltr'><strong><em>calorem</em></strong></span> <span class='ocrx_word' id='word_1_132' title='bbox 1093 2975 1233 3017; x_wconf 84' lang='lat' dir='ltr'><strong><em>annnam</em></strong></span> <span class='ocrx_word' id='word_1_133' title='bbox 1256 2974 1317 3017; x_wconf 85' lang='lat' dir='ltr'><strong><em>non</em></strong></span> <span class='ocrx_word' id='word_1_134' title='bbox 1341 2952 1503 3032; x_wconf 75' lang='lat' dir='ltr'><strong><em>excedant,</em></strong></span> <span class='ocrx_word' id='word_1_135' title='bbox 1525 2954 1556 3016; x_wconf 89' lang='lat' dir='ltr'><strong><em>si</em></strong></span> <span class='ocrx_word' id='word_1_136' title='bbox 1578 2954 1660 3035; x_wconf 82' lang='lat' dir='ltr'><strong><em>qnod</em></strong></span> <span class='ocrx_word' id='word_1_137' title='bbox 1681 2953 1726 3017; x_wconf 91' lang='lat' dir='ltr'><strong><em>ad</em></strong></span> <span class='ocrx_word' id='word_1_138' title='bbox 1747 2953 1945 3019; x_wconf 77' lang='lat' dir='ltr'><strong><em>collationem</em></strong></span> 
     </span>
    </p>

    <p class='ocr_par' dir='ltr' id='par_1_13' title="bbox 425 3057 1942 3142">
     <span class='ocr_line' id='line_1_15' title="bbox 425 3057 1942 3142; baseline -0.001 -16"><span class='ocrx_word' id='word_1_139' title='bbox 425 3060 555 3126; x_wconf 83' lang='lat' dir='ltr'><strong><em>abbatis</em></strong></span> <span class='ocrx_word' id='word_1_140' title='bbox 571 3065 601 3124; x_wconf 85' lang='lat' dir='ltr'><strong><em>et</em></strong></span> <span class='ocrx_word' id='word_1_141' title='bbox 616 3065 782 3125; x_wconf 80' lang='lat' dir='ltr'><strong><em>conventas</em></strong></span> <span class='ocrx_word' id='word_1_142' title='bbox 797 3059 1230 3137; x_wconf 83' lang='lat' dir='ltr'><strong><em>monasteriiAnemanensis‚</em></strong></span> <span class='ocrx_word' id='word_1_143' title='bbox 1241 3057 1287 3142; x_wconf 71' lang='lat' dir='ltr'><strong><em>(i)</em></strong></span> <span class='ocrx_word' id='word_1_144' title='bbox 1296 3063 1322 3137; x_wconf 81' lang='lat'><strong><em>¹)</em></strong></span> <span class='ocrx_word' id='word_1_145' title='bbox 1338 3057 1459 3122; x_wconf 79' lang='lat' dir='ltr'><strong><em>ordinis</em></strong></span> <span class='ocrx_word' id='word_1_146' title='bbox 1472 3058 1580 3122; x_wconf 85' lang='lat' dir='ltr'><strong><em>sancti</em></strong></span> <span class='ocrx_word' id='word_1_147' title='bbox 1591 3057 1764 3133; x_wconf 75' lang='lat' dir='ltr'><strong><em>Benedicti,</em></strong></span> <span class='ocrx_word' id='word_1_148' title='bbox 1779 3060 1942 3124; x_wconf 82' lang='lat' dir='ltr'><strong><em>Trecensis</em></strong></span> 
     </span>
    </p>

    <p class='ocr_par' dir='ltr' id='par_1_14' title="bbox 426 3161 1944 3333">
     <span class='ocr_line' id='line_1_16' title="bbox 426 3161 1944 3246; baseline -0.003 -17"><span class='ocrx_word' id='word_1_149' title='bbox 426 3165 573 3240; x_wconf 87' lang='lat' dir='ltr'><strong><em>diocesis,</em></strong></span> <span class='ocrx_word' id='word_1_150' title='bbox 597 3170 701 3244; x_wconf 81' lang='lat' dir='ltr'><strong><em>cacat,</em></strong></span> <span class='ocrx_word' id='word_1_151' title='bbox 734 3165 783 3229; x_wconf 89' lang='lat' dir='ltr'><strong><em>oel</em></strong></span> <span class='ocrx_word' id='word_1_152' title='bbox 817 3185 887 3230; x_wconf 81' lang='lat' dir='ltr'><strong><em>cano</em></strong></span> <span class='ocrx_word' id='word_1_153' title='bbox 920 3162 1090 3229; x_wconf 85' lang='lat' dir='ltr'><strong><em>vacaverit.</em></strong></span> <span class='ocrx_word' id='word_1_154' title='bbox 1137 3165 1190 3238; x_wconf 89' lang='lat' dir='ltr'><strong><em>,D.</em></strong></span> <span class='ocrx_word' id='word_1_155' title='bbox 1214 3162 1373 3227; x_wconf 87' lang='lat' dir='ltr'><strong><em>Aninione</em></strong></span> <span class='ocrx_word' id='word_1_156' title='bbox 1395 3163 1429 3226; x_wconf 88' lang='lat' dir='ltr'><em>X</em></span> <span class='ocrx_word' id='word_1_157' title='bbox 1457 3161 1521 3226; x_wconf 82' lang='lat' dir='ltr'><strong><em>icat.</em></strong></span> <span class='ocrx_word' id='word_1_158' title='bbox 1547 3162 1729 3227; x_wconf 82' lang='lat' dir='ltr'><strong><em>Decembris</em></strong></span> <span class='ocrx_word' id='word_1_159' title='bbox 1762 3184 1792 3229; x_wconf 91' lang='lat' dir='ltr'><strong><em>a.</em></strong></span> <span class='ocrx_word' id='word_1_160' title='bbox 1816 3164 1944 3246; x_wconf 60' lang='lat' dir='ltr'><strong><em>quinto}</em></strong></span> 
     </span>
     <span class='ocr_line' id='line_1_17' title="bbox 1018 3269 1358 3333; baseline -0.009 0"><span class='ocrx_word' id='word_1_161' title='bbox 1018 3270 1135 3333; x_wconf 87' lang='lat' dir='ltr'><strong><em>Forma</em></strong></span> <span class='ocrx_word' id='word_1_162' title='bbox 1158 3271 1196 3331; x_wconf 85' lang='lat' dir='ltr'><strong><em>at</em></strong></span> <span class='ocrx_word' id='word_1_163' title='bbox 1217 3269 1251 3332; x_wconf 88' lang='lat' dir='ltr'><strong><em>in</em></strong></span> <span class='ocrx_word' id='word_1_164' title='bbox 1274 3289 1304 3331; x_wconf 88' lang='lat' dir='ltr'><strong><em>n.</em></strong></span> <span class='ocrx_word' id='word_1_165' title='bbox 1328 3272 1358 3332; x_wconf 90' lang='lat'><strong><em>2.</em></strong></span> 
     </span>
    </p>
   </div>
   <div class='ocr_carea' id='block_1_6' title="bbox 1340 3401 1898 3501">
    <p class='ocr_par' dir='ltr' id='par_1_15' title="bbox 1340 3401 1898 3501">
     <span class='ocr_line' id='line_1_18' title="bbox 1340 3401 1898 3501; baseline 0 -13"><span class='ocrx_word' id='word_1_166' title='bbox 1340 3423 1503 3501; x_wconf 64' lang='lat' dir='ltr'><strong><em>Avonam,</em></strong></span> <span class='ocrx_word' id='word_1_167' title='bbox 1527 3427 1614 3490; x_wconf 82' lang='lat'><strong><em>1346</em></strong></span> <span class='ocrx_word' id='word_1_168' title='bbox 1638 3423 1823 3489; x_wconf 66' lang='lat' dir='ltr'><strong><em>Namara</em></strong></span> <span class='ocrx_word' id='word_1_169' title='bbox 1846 3401 1898 3488; x_wconf 73' lang='lat' dir='ltr'><strong><em>22ss</em></strong></span> 
     </span>
    </p>
   </div>
   <div class='ocr_carea' id='block_1_7' title="bbox 476 3423 590 3566">
    <p class='ocr_par' dir='ltr' id='par_1_16' title="bbox 476 3423 590 3566">
     <span class='ocr_line' id='line_1_19' title="bbox 503 3423 511 3496; baseline 0 0"><span class='ocrx_word' id='word_1_170' title='bbox 503 3423 511 3496; x_wconf 93' lang='grc' dir='ltr'>Ι</span> 
     </span>
     <span class='ocr_line' id='line_1_20' title="bbox 476 3510 590 3566; baseline -0.009 0"><span class='ocrx_word' id='word_1_171' title='bbox 476 3510 590 3566; x_wconf 65' lang='grc'><strong><em>,1.</em></strong></span> 
     </span>
    </p>
   </div>
   <div class='ocr_carea' id='block_1_8' title="bbox 425 3664 1945 3897">
    <p class='ocr_par' dir='ltr' id='par_1_17' title="bbox 425 3664 1945 3897">
     <span class='ocr_line' id='line_1_21' title="bbox 539 3664 1943 3734; baseline -0.001 -13"><span class='ocrx_word' id='word_1_172' title='bbox 539 3668 689 3723; x_wconf 80' lang='lat' dir='ltr'><strong><em>Clementis</em></strong></span> <span class='ocrx_word' id='word_1_173' title='bbox 709 3669 745 3722; x_wconf 81' lang='lat' dir='ltr'><strong><em>v1</em></strong></span> <span class='ocrx_word' id='word_1_174' title='bbox 766 3671 796 3721; x_wconf 81' lang='grc' dir='ltr'><strong><em>Α.</em></strong></span> <span class='ocrx_word' id='word_1_175' title='bbox 816 3668 868 3734; x_wconf 68' lang='lat' dir='ltr'><strong><em>Vin</em></strong></span> <span class='ocrx_word' id='word_1_176' title='bbox 889 3672 944 3733; x_wconf 82' lang='grc'><strong><em>(87)</em></strong></span> <span class='ocrx_word' id='word_1_177' title='bbox 963 3667 981 3721; x_wconf 89' lang='lat' dir='ltr'><strong><em>f.</em></strong></span> <span class='ocrx_word' id='word_1_178' title='bbox 1001 3668 1069 3733; x_wconf 65' lang='grc'><strong><em>347,</em></strong></span> <span class='ocrx_word' id='word_1_179' title='bbox 1089 3666 1124 3721; x_wconf 83' lang='lat' dir='ltr'><strong><em>do</em></strong></span> <span class='ocrx_word' id='word_1_180' title='bbox 1143 3667 1284 3722; x_wconf 81' lang='lat' dir='ltr'><strong><em>boneficiis</em></strong></span> <span class='ocrx_word' id='word_1_181' title='bbox 1304 3684 1365 3720; x_wconf 88' lang='lat' dir='ltr'><strong><em>oum</em></strong></span> <span class='ocrx_word' id='word_1_182' title='bbox 1385 3667 1427 3721; x_wconf 81' lang='lat' dir='ltr'><strong><em>vol</em></strong></span> <span class='ocrx_word' id='word_1_183' title='bbox 1446 3666 1505 3720; x_wconf 82' lang='lat' dir='ltr'><strong><em>sino</em></strong></span> <span class='ocrx_word' id='word_1_184' title='bbox 1524 3682 1590 3721; x_wconf 79' lang='lat' dir='ltr'><strong><em>curo</em></strong></span> <span class='ocrx_word' id='word_1_185' title='bbox 1609 3683 1652 3734; x_wconf 90' lang='lat' dir='ltr'><strong><em>qu.</em></strong></span> <span class='ocrx_word' id='word_1_186' title='bbox 1673 3664 1774 3720; x_wconf 78' lang='lat' dir='ltr'><strong><em>s:v.</em></strong></span> <span class='ocrx_word' id='word_1_187' title='bbox 1789 3671 1838 3719; x_wconf 85' lang='grc'><strong><em>174</em></strong></span> <span class='ocrx_word' id='word_1_188' title='bbox 1850 3664 1868 3719; x_wconf 81' lang='lat' dir='ltr'><strong><em>f.</em></strong></span> <span class='ocrx_word' id='word_1_189' title='bbox 1885 3667 1943 3719; x_wconf 75' lang='grc' dir='ltr'><strong><em>163Ι</em></strong></span> 
     </span>
     <span class='ocr_line' id='line_1_22' title="bbox 425 3754 1945 3824; baseline -0.003 -13"><span class='ocrx_word' id='word_1_190' title='bbox 425 3776 455 3811; x_wconf 86' lang='lat'><strong><em>11.</em></strong></span> <span class='ocrx_word' id='word_1_191' title='bbox 477 3764 536 3809; x_wconf 85' lang='grc'><strong><em>319.</em></strong></span> <span class='ocrx_word' id='word_1_192' title='bbox 559 3788 591 3796; x_wconf 85' lang='lat'><em>-</em></span> <span class='ocrx_word' id='word_1_193' title='bbox 619 3761 643 3824; x_wconf 79' lang='lat'><strong><em>¹¹)</em></strong></span> <span class='ocrx_word' id='word_1_194' title='bbox 666 3772 735 3810; x_wconf 86' lang='lat' dir='ltr'><strong><em>corr.</em></strong></span> <span class='ocrx_word' id='word_1_195' title='bbox 761 3772 794 3808; x_wconf 86' lang='lat' dir='ltr'><strong><em>ex</em></strong></span> <span class='ocrx_word' id='word_1_196' title='bbox 812 3755 1042 3823; x_wconf 78' lang='lat' dir='ltr'><strong><em>‚Arcemanensis‘</em></strong></span> <span class='ocrx_word' id='word_1_197' title='bbox 1061 3757 1094 3821; x_wconf 74' lang='lat' dir='ltr'><strong><em>A,</em></strong></span> <span class='ocrx_word' id='word_1_198' title='bbox 1113 3756 1142 3808; x_wconf 89' lang='lat' dir='ltr'><strong><em>in</em></strong></span> <span class='ocrx_word' id='word_1_199' title='bbox 1161 3755 1365 3824; x_wconf 84' lang='lat' dir='ltr'><strong><em>supplicatione</em></strong></span> <span class='ocrx_word' id='word_1_200' title='bbox 1392 3759 1475 3824; x_wconf 88' lang='lat' dir='ltr'><strong><em>(num.</em></strong></span> <span class='ocrx_word' id='word_1_201' title='bbox 1499 3760 1548 3808; x_wconf 80' lang='grc'><strong><em>715</em></strong></span> <span class='ocrx_word' id='word_1_202' title='bbox 1573 3772 1634 3824; x_wconf 78' lang='lat' dir='ltr'><strong><em>pag.</em></strong></span> <span class='ocrx_word' id='word_1_203' title='bbox 1655 3757 1715 3820; x_wconf 71' lang='lat'><strong><em>454)</em></strong></span> <span class='ocrx_word' id='word_1_204' title='bbox 1735 3754 1836 3823; x_wconf 79' lang='lat' dir='ltr'><strong><em>legitur</em></strong></span> <span class='ocrx_word' id='word_1_205' title='bbox 1853 3755 1945 3819; x_wconf 85' lang='lat' dir='ltr'><strong><em>,Arre-</em></strong></span> 
     </span>
     <span class='ocr_line' id='line_1_23' title="bbox 426 3842 589 3897; baseline -0.012 0"><span class='ocrx_word' id='word_1_206' title='bbox 426 3842 589 3897; x_wconf 68' lang='lat' dir='ltr'><strong><em>minensis‘.</em></strong></span> 
     </span>
    </p>
   </div>
   <div class='ocr_carea' id='block_1_9' title="bbox 428 4378 1948 4983">
    <p class='ocr_par' dir='ltr' id='par_1_18' title="bbox 430 4378 1946 4463">
     <span class='ocr_line' id='line_1_24' title="bbox 430 4378 1946 4463; baseline -0.005 -14"><span class='ocrx_word' id='word_1_207' title='bbox 430 4385 526 4449; x_wconf 82' lang='lat'><strong><em>8⁰⁰.</em></strong></span> <span class='ocrx_word' id='word_1_208' title='bbox 553 4382 697 4446; x_wconf 82' lang='lat' dir='ltr'><strong><em>Tirorrme</em></strong></span> <span class='ocrx_word' id='word_1_209' title='bbox 720 4382 758 4446; x_wconf 88' lang='lat' dir='ltr'><strong><em>de</em></strong></span> <span class='ocrx_word' id='word_1_210' title='bbox 782 4382 932 4460; x_wconf 69' lang='lat' dir='ltr'><strong><em>donariis,</em></strong></span> <span class='ocrx_word' id='word_1_211' title='bbox 956 4380 1066 4446; x_wconf 84' lang='lat' dir='ltr'><strong><em>dorico</em></strong></span> <span class='ocrx_word' id='word_1_212' title='bbox 1092 4381 1363 4446; x_wconf 75' lang='lat' dir='ltr'><strong><em>Cliiromontcnsis</em></strong></span> <span class='ocrx_word' id='word_1_213' title='bbox 1386 4381 1529 4458; x_wconf 85' lang='lat' dir='ltr'><strong><em>diocesis,</em></strong></span> <span class='ocrx_word' id='word_1_214' title='bbox 1553 4383 1732 4444; x_wconf 82' lang='lat' dir='ltr'><strong><em>reservatur</em></strong></span> <span class='ocrx_word' id='word_1_215' title='bbox 1755 4380 1799 4445; x_wconf 90' lang='lat' dir='ltr'><strong><em>ad</em></strong></span> <span class='ocrx_word' id='word_1_216' title='bbox 1822 4378 1946 4463; x_wconf 80' lang='lat' dir='ltr'><strong><em>snppli-</em></strong></span> 
     </span>
    </p>

    <p class='ocr_par' dir='ltr' id='par_1_19' title="bbox 429 4484 1947 4567">
     <span class='ocr_line' id='line_1_25' title="bbox 429 4484 1947 4567; baseline -0.003 -15"><span class='ocrx_word' id='word_1_217' title='bbox 429 4487 588 4553; x_wconf 81' lang='lat' dir='ltr'><strong><em>cationem</em></strong></span> <span class='ocrx_word' id='word_1_218' title='bbox 614 4486 731 4561; x_wconf 73' lang='lat' dir='ltr'><strong><em>(arati,</em></strong></span> <span class='ocrx_word' id='word_1_219' title='bbox 754 4486 837 4566; x_wconf 79' lang='lat' dir='ltr'><strong><em>repis</em></strong></span> <span class='ocrx_word' id='word_1_220' title='bbox 862 4487 1086 4565; x_wconf 81' lang='lat' dir='ltr'><strong><em>Romanorum,</em></strong></span> <span class='ocrx_word' id='word_1_221' title='bbox 1110 4484 1291 4567; x_wconf 69' lang='lat' dir='ltr'><strong><em>terrestriam</em></strong></span> <span class='ocrx_word' id='word_1_222' title='bbox 1314 4506 1385 4549; x_wconf 76' lang='lat' dir='ltr'><strong><em>mom</em></strong></span> <span class='ocrx_word' id='word_1_223' title='bbox 1408 4484 1454 4549; x_wconf 84' lang='lat' dir='ltr'><strong><em>oet</em></strong></span> <span class='ocrx_word' id='word_1_224' title='bbox 1483 4486 1551 4548; x_wconf 84' lang='lat' dir='ltr'><strong><em>sino</em></strong></span> <span class='ocrx_word' id='word_1_225' title='bbox 1581 4504 1667 4559; x_wconf 86' lang='lat' dir='ltr'><strong><em>cara,</em></strong></span> <span class='ocrx_word' id='word_1_226' title='bbox 1700 4484 1790 4549; x_wconf 88' lang='lat' dir='ltr'><strong><em>caius</em></strong></span> <span class='ocrx_word' id='word_1_227' title='bbox 1812 4486 1947 4561; x_wconf 77' lang='lat' dir='ltr'><strong><em>fructas</em></strong></span> 
     </span>
    </p>

    <p class='ocr_par' dir='ltr' id='par_1_20' title="bbox 428 4586 1948 4674">
     <span class='ocr_line' id='line_1_26' title="bbox 428 4586 1948 4674; baseline -0.006 -16"><span class='ocrx_word' id='word_1_228' title='bbox 428 4598 474 4659; x_wconf 77' lang='lat'><strong><em>60</em></strong></span> <span class='ocrx_word' id='word_1_229' title='bbox 509 4613 593 4674; x_wconf 83' lang='lat' dir='ltr'><strong><em>resp.</em></strong></span> <span class='ocrx_word' id='word_1_230' title='bbox 626 4594 671 4654; x_wconf 79' lang='lat'><strong><em>40</em></strong></span> <span class='ocrx_word' id='word_1_231' title='bbox 702 4591 859 4655; x_wconf 81' lang='lat' dir='ltr'><strong><em>librorum</em></strong></span> <span class='ocrx_word' id='word_1_232' title='bbox 884 4590 1112 4672; x_wconf 82' lang='lat' dir='ltr'><strong><em>Toronensinm</em></strong></span> <span class='ocrx_word' id='word_1_233' title='bbox 1143 4611 1167 4654; x_wconf 86' lang='lat' dir='ltr'><strong><em>s.</em></strong></span> <span class='ocrx_word' id='word_1_234' title='bbox 1191 4593 1212 4655; x_wconf 86' lang='lat' dir='ltr'><strong><em>t.</em></strong></span> <span class='ocrx_word' id='word_1_235' title='bbox 1238 4589 1268 4652; x_wconf 90' lang='lat' dir='ltr'><strong><em>d.</em></strong></span> <span class='ocrx_word' id='word_1_236' title='bbox 1292 4589 1430 4654; x_wconf 77' lang='lat' dir='ltr'><strong><em>calorem</em></strong></span> <span class='ocrx_word' id='word_1_237' title='bbox 1462 4609 1602 4653; x_wconf 68' lang='lat' dir='ltr'><strong><em>arianam</em></strong></span> <span class='ocrx_word' id='word_1_238' title='bbox 1637 4607 1699 4652; x_wconf 87' lang='lat' dir='ltr'><strong><em>nan</em></strong></span> <span class='ocrx_word' id='word_1_239' title='bbox 1732 4586 1894 4662; x_wconf 76' lang='lat' dir='ltr'><strong><em>excedant,</em></strong></span> <span class='ocrx_word' id='word_1_240' title='bbox 1917 4586 1948 4650; x_wconf 88' lang='lat' dir='ltr'><strong><em>si</em></strong></span> 
     </span>
    </p>

    <p class='ocr_par' dir='ltr' id='par_1_21' title="bbox 428 4683 1946 4781">
     <span class='ocr_line' id='line_1_27' title="bbox 428 4683 1946 4781; baseline -0.005 -20"><span class='ocrx_word' id='word_1_241' title='bbox 428 4697 516 4781; x_wconf 80' lang='lat' dir='ltr'><strong><em>qaod</em></strong></span> <span class='ocrx_word' id='word_1_242' title='bbox 539 4696 583 4759; x_wconf 87' lang='lat' dir='ltr'><strong><em>od</em></strong></span> <span class='ocrx_word' id='word_1_243' title='bbox 606 4695 802 4759; x_wconf 82' lang='lat' dir='ltr'><strong><em>collationem</em></strong></span> <span class='ocrx_word' id='word_1_244' title='bbox 821 4692 943 4777; x_wconf 80' lang='lat' dir='ltr'><strong><em>prioris</em></strong></span> <span class='ocrx_word' id='word_1_245' title='bbox 963 4699 993 4756; x_wconf 86' lang='lat' dir='ltr'><strong><em>et</em></strong></span> <span class='ocrx_word' id='word_1_246' title='bbox 1008 4697 1174 4758; x_wconf 82' lang='lat' dir='ltr'><strong><em>conventas</em></strong></span> <span class='ocrx_word' id='word_1_247' title='bbox 1192 4694 1360 4776; x_wconf 75' lang='lat' dir='ltr'><strong><em>prioratus</em></strong></span> <span class='ocrx_word' id='word_1_248' title='bbox 1376 4692 1555 4766; x_wconf 81' lang='lat' dir='ltr'><strong><em>Siloiniaci,</em></strong></span> <span class='ocrx_word' id='word_1_249' title='bbox 1571 4691 1692 4756; x_wconf 87' lang='lat' dir='ltr'><strong><em>ordinis</em></strong></span> <span class='ocrx_word' id='word_1_250' title='bbox 1711 4683 1946 4765; x_wconf 76' lang='lat' dir='ltr'><strong><em>Claniaoensis,</em></strong></span> 
     </span>
    </p>

    <p class='ocr_par' dir='ltr' id='par_1_22' title="bbox 432 4793 1946 4983">
     <span class='ocr_line' id='line_1_28' title="bbox 432 4793 1946 4875; baseline -0.007 -7"><span class='ocrx_word' id='word_1_251' title='bbox 432 4801 709 4869; x_wconf 72' lang='lat' dir='ltr'><strong><em>C&#39;taromonteasis</em></strong></span> <span class='ocrx_word' id='word_1_252' title='bbox 733 4799 874 4872; x_wconf 88' lang='lat' dir='ltr'><strong><em>diocesis,</em></strong></span> <span class='ocrx_word' id='word_1_253' title='bbox 898 4802 1001 4871; x_wconf 82' lang='lat' dir='ltr'><strong><em>cacat,</em></strong></span> <span class='ocrx_word' id='word_1_254' title='bbox 1025 4797 1073 4861; x_wconf 82' lang='lat' dir='ltr'><strong><em>ool</em></strong></span> <span class='ocrx_word' id='word_1_255' title='bbox 1097 4818 1167 4861; x_wconf 77' lang='lat' dir='ltr'><strong><em>arm</em></strong></span> <span class='ocrx_word' id='word_1_256' title='bbox 1190 4799 1359 4861; x_wconf 79' lang='lat' dir='ltr'><strong><em>coconerit.</em></strong></span> <span class='ocrx_word' id='word_1_257' title='bbox 1385 4799 1437 4875; x_wconf 88' lang='lat' dir='ltr'><strong><em>‚D.</em></strong></span> <span class='ocrx_word' id='word_1_258' title='bbox 1454 4796 1610 4861; x_wconf 73' lang='lat' dir='ltr'><strong><em>Aninione</em></strong></span> <span class='ocrx_word' id='word_1_259' title='bbox 1632 4798 1664 4859; x_wconf 85' lang='lat' dir='ltr'><em>X</em></span> <span class='ocrx_word' id='word_1_260' title='bbox 1683 4795 1746 4860; x_wconf 75' lang='lat' dir='ltr'><strong><em>oa.</em></strong></span> <span class='ocrx_word' id='word_1_261' title='bbox 1766 4793 1946 4859; x_wconf 79' lang='lat' dir='ltr'><strong><em>Decembris</em></strong></span> 
     </span>
     <span class='ocr_line' id='line_1_29' title="bbox 903 4902 1470 4983; baseline 0 -18"><span class='ocrx_word' id='word_1_262' title='bbox 903 4924 933 4965; x_wconf 90' lang='lat' dir='ltr'><strong><em>a.</em></strong></span> <span class='ocrx_word' id='word_1_263' title='bbox 958 4902 1086 4983; x_wconf 63' lang='lat' dir='ltr'><strong><em>quinto}</em></strong></span> <span class='ocrx_word' id='word_1_264' title='bbox 1132 4902 1247 4965; x_wconf 83' lang='lat' dir='ltr'><strong><em>Forma</em></strong></span> <span class='ocrx_word' id='word_1_265' title='bbox 1271 4906 1307 4964; x_wconf 89' lang='lat' dir='ltr'><strong><em>nt</em></strong></span> <span class='ocrx_word' id='word_1_266' title='bbox 1330 4903 1365 4965; x_wconf 85' lang='lat' dir='ltr'><strong><em>in</em></strong></span> <span class='ocrx_word' id='word_1_267' title='bbox 1387 4925 1416 4965; x_wconf 89' lang='lat' dir='ltr'><strong><em>n.</em></strong></span> <span class='ocrx_word' id='word_1_268' title='bbox 1440 4907 1470 4966; x_wconf 89' lang='lat'><strong><em>2.</em></strong></span> 
     </span>
    </p>
   </div>
   <div class='ocr_carea' id='block_1_10' title="bbox 474 5055 1902 5142">
    <p class='ocr_par' dir='ltr' id='par_1_23' title="bbox 474 5055 1902 5142">
     <span class='ocr_line' id='line_1_30' title="bbox 474 5055 1902 5142; baseline -0.008 -13"><span class='ocrx_word' id='word_1_269' title='bbox 474 5063 589 5130; x_wconf 83' lang='lat' dir='ltr'><strong><em>Gratis</em></strong></span> <span class='ocrx_word' id='word_1_270' title='bbox 614 5079 670 5142; x_wconf 89' lang='lat' dir='ltr'><strong><em>pro</em></strong></span> <span class='ocrx_word' id='word_1_271' title='bbox 694 5060 763 5125; x_wconf 86' lang='lat' dir='ltr'><strong><em>deo.</em></strong></span> <span class='ocrx_word' id='word_1_272' title='bbox 1349 5058 1509 5132; x_wconf 71' lang='lat' dir='ltr'><strong><em>teintona,</em></strong></span> <span class='ocrx_word' id='word_1_273' title='bbox 1532 5059 1620 5122; x_wconf 73' lang='lat'><em>1346</em></span> <span class='ocrx_word' id='word_1_274' title='bbox 1643 5055 1828 5120; x_wconf 81' lang='lat' dir='ltr'><strong><em>Novembris</em></strong></span> <span class='ocrx_word' id='word_1_275' title='bbox 1850 5060 1902 5120; x_wconf 79' lang='lat'><strong><em>22.</em></strong></span> 
     </span>
    </p>
   </div>
   <div class='ocr_carea' id='block_1_11' title="bbox 538 5270 1947 5342">
    <p class='ocr_par' dir='ltr' id='par_1_24' title="bbox 538 5270 1947 5342">
     <span class='ocr_line' id='line_1_31' title="bbox 538 5270 1947 5342; baseline -0.004 -12"><span class='ocrx_word' id='word_1_276' title='bbox 538 5276 691 5330; x_wconf 83' lang='lat' dir='ltr'><strong><em>Clementis</em></strong></span> <span class='ocrx_word' id='word_1_277' title='bbox 709 5275 748 5329; x_wconf 91' lang='lat' dir='ltr'><strong><em>VI</em></strong></span> <span class='ocrx_word' id='word_1_278' title='bbox 766 5276 800 5327; x_wconf 84' lang='grc' dir='ltr'><strong><em>Α.</em></strong></span> <span class='ocrx_word' id='word_1_279' title='bbox 819 5275 871 5342; x_wconf 68' lang='lat' dir='ltr'><strong><em>Vs?</em></strong></span> <span class='ocrx_word' id='word_1_280' title='bbox 888 5277 943 5340; x_wconf 74' lang='lat' dir='ltr'><strong><em>(ol)</em></strong></span> <span class='ocrx_word' id='word_1_281' title='bbox 957 5272 975 5325; x_wconf 85' lang='lat' dir='ltr'><strong><em>f.</em></strong></span> <span class='ocrx_word' id='word_1_282' title='bbox 994 5275 1074 5325; x_wconf 78' lang='lat'>7‘2&#39;11.</span> <span class='ocrx_word' id='word_1_283' title='bbox 1090 5277 1131 5339; x_wconf 84' lang='lat'><strong><em>88,</em></strong></span> <span class='ocrx_word' id='word_1_284' title='bbox 1151 5272 1184 5325; x_wconf 83' lang='lat' dir='ltr'><strong><em>de</em></strong></span> <span class='ocrx_word' id='word_1_285' title='bbox 1203 5272 1344 5326; x_wconf 85' lang='lat' dir='ltr'><strong><em>beneficiis</em></strong></span> <span class='ocrx_word' id='word_1_286' title='bbox 1363 5272 1499 5326; x_wconf 79' lang='lat' dir='ltr'><strong><em>vacaturis</em></strong></span> <span class='ocrx_word' id='word_1_287' title='bbox 1519 5288 1563 5340; x_wconf 90' lang='lat' dir='ltr'><strong><em>qu.</em></strong></span> <span class='ocrx_word' id='word_1_288' title='bbox 1579 5280 1598 5330; x_wconf 85' lang='grc'><strong><em>,3</em></strong></span> <span class='ocrx_word' id='word_1_289' title='bbox 1612 5291 1644 5324; x_wconf 79' lang='lat' dir='ltr'><strong><em>z</em></strong></span> <span class='ocrx_word' id='word_1_290' title='bbox 1657 5271 1689 5322; x_wconf 90' lang='lat' dir='ltr'><strong><em>V.</em></strong></span> <span class='ocrx_word' id='word_1_291' title='bbox 1705 5276 1753 5324; x_wconf 80' lang='lat'><strong><em>175</em></strong></span> <span class='ocrx_word' id='word_1_292' title='bbox 1771 5270 1789 5323; x_wconf 86' lang='lat' dir='ltr'><strong><em>f.</em></strong></span> <span class='ocrx_word' id='word_1_293' title='bbox 1805 5275 1837 5323; x_wconf 79' lang='lat'><strong><em>41</em></strong></span> <span class='ocrx_word' id='word_1_294' title='bbox 1858 5285 1884 5323; x_wconf 92' lang='lat' dir='ltr'><strong><em>n.</em></strong></span> <span class='ocrx_word' id='word_1_295' title='bbox 1903 5274 1947 5324; x_wconf 84' lang='lat'><strong><em>88.</em></strong></span> 
     </span>
    </p>
   </div>
   <div class='ocr_carea' id='block_1_12' title="bbox 0 0 2596 7050">
    <p class='ocr_par' dir='ltr' id='par_1_25' title="bbox 0 0 2596 7050">
     <span class='ocr_line' id='line_1_32' title="bbox 0 0 2596 7050; baseline 0 0"><span class='ocrx_word' id='word_1_296' title='bbox 0 0 2596 7050; x_wconf 95' lang='lat' dir='ltr'><strong><em> </em></strong></span> 
     </span>
    </p>
   </div>
  </div>
 </body>
</html>
