5184 7050
552 850 596 918 44

546 1059 667 1141 rnilitis,
692 1061 807 1128 clerico
830 1056 1037 1128 'trouu-ensis
1061 1058 1207 1143 diocesis,
1232 1062 1378 1147 vigentia
1402 1062 1486 1132 cloria
1509 1064 1661 1132 virtutum
1685 1074 1717 1132 ct
1740 1064 1853 1134 merita
1874 1066 2055 1150 probitatis

545 1191 634 1246 super
656 1174 762 1246 quibus
784 1174 862 1246 apud
885 1192 938 1233 nos
962 1175 1164 1247 multipliciter
1186 1179 1415 1250 commendatur,
1439 1186 1612 1253 exposcunt,
1637 1185 1668 1237 ut
1690 1197 1845 1253 personam
1876 1196 1959 1237 suam
1990 1198 2055 1252 spe-

546 1278 614 1337 ciali
636 1294 847 1352 prosequamur
870 1279 969 1352 gracia
992 1284 1022 1336 et
1044 1277 1154 1338 favore.
1179 1276 1291 1354 [banc
1312 1298 1372 1353 pro
1393 1285 1487 1353 porte
1505 1284 1605 1353 ipsius
1622 1280 1781 1339 Jobonnis
1798 1282 1885 1338 nobis
1902 1285 2056 1354 exquesita,

547 1382 629 1455 quod
662 1383 736 1437 olim
773 1383 835 1455 ipse
868 1384 902 1438 in
933 1378 1033 1436 XXII
1063 1384 1156 1438 etatis
1188 1401 1243 1440 sue
1277 1402 1359 1440 orioro
1384 1418 1424 1425 -
1456 1388 1484 1440 et
1513 1386 1676 1452 coluimus,
1708 1387 1789 1459 qriod
1820 1385 2056 1459 parrochialem

547 1485 705 1542 ecclesiam
729 1503 764 1541 oc
787 1486 990 1541 canonicatus
1014 1489 1041 1542 et
1060 1488 1238 1558 prebendas·
1257 1489 1420 1560 proclivior
1442 1489 1574 1545 realiter·
1598 1491 1768 1546 ‹lirrritteret
1793 1494 1821 1546 et
1845 1491 1883 1546 de
1900 1490 2005 1565 foeto‘
2024 1494 2055 1544 at

548 1588 581 1644 in
606 1606 731 1645 nurnero
759 1586 825 1665 71]
849 1583 929 1649 Corn
952 1591 1059 1649 autem
1082 1585 1199 1666 prefati
1224 1588 1431 1651 canonicatus
1455 1594 1487 1653 et
1517 1589 1679 1670 prebenda
1712 1590 1848 1655 ecclesie
1870 1591 2056 1655 Bunneusis

547 1707 662 1753 vacare
686 1689 834 1754 dicantur
856 1688 897 1752 ad
920 1707 1062 1771 presens
1087 1708 1143 1754 nos
1166 1690 1321 1755 volentes·
1335 1690 1454 1755 dicturo
1476 1690 1654 1756 lobauuem
1678 1692 1827 1757 clericum
1850 1693 1960 1775 gracia
1983 1712 2057 1775 pro·

547 1793 637 1875 sequi
660 1792 816 1874 ampliori,
840 1792 1028 1858 discrecioni
1052 1799 1157 1858 vestre
1180 1813 1237 1875 per
1261 1793 1438 1874 apostolica
1462 1795 1582 1874 scripta
1605 1795 1801 1873 mandamus,
1818 1802 1979 1879 quatenus
1999 1814 2057 1861 vos

547 1897 596 1961 vel
627 1897 689 1961 duo
720 1902 777 1962 aut
808 1916 889 1962 unus
920 1903 1060 1962 vestrum
1090 1916 1148 1980 per
1178 1918 1233 1963 vos
1264 1898 1314 1963 vel
1345 1897 1442 1962 aliurn
1466 1916 1523 1961 scu
1547 1898 1627 1964 alios
1650 1898 1752 1964 dictos
1776 1901 2000 1965 canonicatum
2023 1906 2057 1965 et

547 2000 741 2082 prebendam
764 2001 899 2067 ecclesie
922 2002 1111 2079 Bonnensis,
1136 2022 1205 2066 cunr
1228 2003 1301 2067 illos
1323 2004 1393 2084 ipsc
1416 2003 1547 2067 realiter
1571 2003 1738 2081 dimiserit,
1762 2006 1789 2069 si
1812 2009 1956 2087 ternpore
1979 2005 2057 2069 date

545 2106 744 2186 presencium
768 2125 829 2170 non
853 2107 951 2171 sitin
974 2107 1021 2171 cis
1045 2106 1095 2172 ius
1118 2106 1216 2171 alicui
1239 2107 1424 2189 specialiter
1447 2108 1647 2189 acquisitum,
1672 2108 1796 2187 prefato
1818 2107 1959 2173 lohanni
1983 2127 2055 2172 cum

547 2210 692 2274 omnibus
715 2210 838 2275 iuribus
862 2217 894 2276 ct
916 2210 1123 2291 pertinenciis
1147 2210 1318 2274 eorundem
1342 2211 1535 2275 auctoritate
1553 2217 1663 2277 nostra
1679 2212 1822 2275 conterre
1838 2217 1872 2276 et
1886 2214 2056 2295 assignare

548 2314 676 2392 curetis,
711 2321 882 2380 inducentes
916 2340 982 2379 eum
1014 2322 1060 2380 rel
1092 2329 1314 2396 procuratorem
1347 2339 1430 2380 suum
1454 2323 1516 2381 eius
1540 2323 1655 2381 nomine
1678 2322 1708 2380 in
1732 2324 1913 2395 corporalem
1936 2340 2056 2396 posses·

546 2418 694 2504 sionem·)
716 2426 861 2485 dictorum
884 2426 1073 2485 canonicatus
1097 2433 1127 2485 et
1149 2427 1296 2499 prebende
1320 2427 1446 2485 ecclesie
1469 2427 1636 2485 Bonnensis
1658 2443 1693 2485 ac
1716 2427 1824 2485 iuriam
1845 2431 1876 2485 et
1901 2427 2056 2500 pertinen·

548 2530 658 2589 ciarum
691 2531 820 2604 ipsorum
854 2549 889 2589 ac
923 2529 1113 2589 defendentes
1146 2531 1307 2605 inductum,
1330 2535 1428 2591 amoto
1458 2531 1495 2589 ab
1519 2532 1561 2589 eis
1584 2531 1716 2603 quolibet
1738 2530 1842 2589 illicito
1887 2530 2055 2605 detentore,

546 2633 688 2694 iacientes
712 2635 834 2694 eundem
855 2636 1021 2695 lobanncm
1043 2636 1181 2695 clericum
1203 2636 1248 2693 rol
1271 2640 1494 2708 procuratorem
1518 2635 1681 2708 predictum
1699 2652 1753 2709 pro
1770 2654 1804 2694 co
1820 2636 1857 2694 ad
1872 2637 2055 2709 prebendam

546 2737 690 2812 prefatam
713 2741 742 2797 in
767 2740 846 2799 dicta
868 2739 1018 2797 Bonnensi
1041 2739 1166 2797 ccclesia
1188 2740 1218 2797 in
1242 2740 1413 2799 canonicum
1437 2740 1528 2813 recipi
1552 2744 1582 2798 et
1604 2741 1633 2798 in
1656 2738 1789 2815 fratrem,
1811 2741 1898 2800 stallo
1933 2741 1991 2800 sibi
2022 2741 2053 2799 in

546 2844 636 2903 cboro
659 2849 690 2901 et
712 2844 776 2902 loco
800 2844 829 2901 in
853 2843 982 2915 capitulo
1015 2843 1108 2916 ipsius
1139 2844 1262 2902 ecclesie
1295 2862 1360 2903 cum
1393 2844 1575 2917 plenitudine
1608 2845 1681 2904 iuris
1717 2845 1849 2905 canonici
1883 2844 2054 2921 assignatis,

547 2949 660 3021 sibique
683 2949 719 3007 de
741 2948 871 3022 ipsorum
894 2948 1084 3006 carronicatus
1107 2953 1137 3006 ot
1159 2948 1308 3020 prebende
1335 2946 1492 3024 fructibus,
1516 2950 1690 3024 redditibus,
1713 2950 1913 3023 proventibus,
1936 2951 2054 3009 iuribus

546 3059 577 3111 et
598 3052 829 3132 obvencionibus
853 3052 996 3111 universis
1020 3052 1133 3124 integro
1157 3052 1339 3126 responderi,
1364 3053 1597 3112 contradictores
1627 3055 1806 3114 auctoritate
1828 3058 1932 3113 nostra
1953 3056 2056 3129 appel·

544 3157 659 3217 lacione
680 3156 847 3231 postposita
870 3157 1098 3230 compescendo;
1121 3152 1212 3231 [noa
1235 3155 1428 3212 obstantibus
1450 3157 1681 3230 quibuscunque
1701 3158 1832 3213 statutis
1848 3159 1876 3214 et
1891 3160 2052 3214 eonsuetu-

547 3260 674 3317 dinibus
698 3291 739 3301 —
762 3261 872 3333 quibus
895 3260 1035 3316 omnibus
1056 3257 1222 3331 prefatum
1243 3255 1421 3315 Jobrrnnens
1447 3261 1478 3315 in
1511 3262 1705 3317 assecucione
1734 3261 1890 3318 dictorum
1924 3264 2053 3319 cononi·

545 3368 633 3420 cutus
656 3368 683 3420 et
702 3364 860 3437 prebende
882 3364 1003 3420 ecclesie
1026 3364 1210 3419 Bonnensis
1232 3363 1370 3420 columns
1395 3364 1553 3438 arctejerri
1574 3398 1614 3406 -
1640 3368 1668 3421 et
1696 3365 1738 3421 ad
1763 3364 1796 3420 id
1820 3365 1972 3438 corunelli,
1997 3369 2052 3421 out

546 3469 628 3542 quod
652 3469 811 3537 interdici,
833 3468 1053 3542 suspendisset
1075 3468 1340 3524 ancoraruunicari
1361 3487 1422 3524 non
1442 3471 1578 3542 possint,
1591 3469 1730 3544 quodque
1754 3470 1792 3526 de
1815 3470 2054 3528 canonicatibus

546 3575 574 3628 et
593 3573 762 3648 preberrdis
784 3575 921 3631 cleisdero
945 3574 1066 3630 ecclesie
1089 3573 1273 3629 Bonnensis
1295 3573 1342 3629 cel
1365 3574 1440 3630 ciliis
1462 3573 1618 3648 beneficiis
1642 3573 1857 3632 ecclesiasticis
1878 3606 1919 3615 —
1943 3579 1998 3631 out
2022 3577 2053 3631 si

545 3677 647 3733 dietus
680 3676 842 3735 Jobannes
874 3678 1004 3735 clericus
1034 3695 1165 3750 presens
1200 3695 1260 3732 non
1288 3678 1397 3751 pluerit
1428 3678 1469 3734 ad
1489 3679 1697 3751 prestandum
1721 3678 1759 3735 de
1783 3679 1987 3737 observandis
2011 3711 2054 3720 -

541 3785 672 3853 prester
696 3786 728 3836 ut
753 3783 785 3837 in
803 3800 832 3837 u.
851 3780 869 3836 6
887 3784 918 3838 in
942 3783 1050 3838 littera
1071 3779 1244 3857 praeisset,
1261 3796 1317 3842 seu
1333 3776 1416 3859 quod
1439 3777 1534 3842 hodie
1549 3778 1589 3842 de
1604 3778 1691 3844 dicta
1706 3778 1898 3861 parrochiali
1915 3779 2053 3844 ecclesia

547 3879 631 3944 dicto
655 3879 794 3946 labeoni
818 3880 932 3947 clerico
955 3881 1175 3946 mandavimus
1205 3898 1263 3961 per
1293 3885 1419 3946 nostras
1451 3883 1529 3946 certi
1552 3882 1672 3949 tenens
1694 3882 1821 3947 litteras
1844 3883 2016 3963 provideri.
2030 3884 2053 3963 ¹)

544 3990 606 4048 Nos
629 3991 705 4048 enim
728 4009 842 4049 exnunc
853 3981 880 4063 ¹')
903 3992 1020 4050 irritum
1043 3992 1225 4049 decernimus
1248 3998 1278 4049 et
1301 3991 1396 4066 inane,
1421 3993 1445 4050 si
1468 4010 1553 4052 secus
1576 4011 1665 4066 super
1688 3993 1745 4052 hiis
1776 4011 1830 4066 per
1859 4010 2051 4068 quoscunque

545 4094 646 4165 quavis
680 4095 857 4153 auctoritate
888 4096 1015 4154 scienter·
1046 4096 1090 4153 vel
1112 4095 1283 4168 ignoranter·
1306 4093 1499 4169 contigerit⁰J
1522 4098 1700 4170 attemptari.
1746 4091 1786 4155 D.
1810 4090 1895 4171 apud
1918 4091 2053 4157 Villam-

546 4189 706 4274 nouamd)
731 4193 767 4256 Α.
793 4193 833 4270 d,
858 4193 1018 4258 111111011.
1043 4193 1180 4274 Augusti
1205 4211 1233 4257 a.
1256 4193 1367 4274 primo.

649 4379 796 4434 Clementis
816 4379 852 4434 VI
870 4383 893 4434 A
913 4382 955 4450 lfa
974 4382 1029 4450 (63)
1048 4381 1066 4434 1.
1080 4383 1139 4435 tsa'
1159 4398 1185 4434 11.
1198 4385 1257 4446 168,
1276 4379 1310 4434 de
1326 4381 1493 4449 praebendis
1511 4383 1670 4439 vacantibus
1690 4401 1734 4453 qn.
1755 4383 1872 4439 13:V.
1891 4389 1940 4438 153
1960 4383 1979 4439 f.
2002 4392 2049 4439 131

546 4472 701 4520 111611-
725 4469 748 4534 a)
769 4468 975 4537 ,posessiouem‘
994 4471 1027 4521 A.
1055 4467 1078 4534 b)
1098 4469 1222 4535 sequitur
1240 4467 1439 4534 ,decernimus‘,
1459 4469 1506 4524 sed
1527 4470 1706 4526 cancellatum
1724 4472 1758 4525 A.
1785 4473 1807 4537 ⁰)
1837 4485 1906 4525 corr.
1924 4486 1958 4524 ex
1978 4487 2050 4540 ,con-

543 4555 662 4624 tingerit‘
682 4557 715 4607 Α.
742 4555 766 4617 d)
786 4571 855 4610 corr.
874 4571 909 4611 ex
925 4555 1079 4623 ,111111ιί0111ί
1098 4558 1131 4608 A.
1145 4588 1178 4597 —
1199 4557 1218 4621 ¹)
1238 4554 1390 4610 videnum.
1410 4561 1450 4610 18.

1194 4753 1399 4761 ———..

544 4968 608 5032 80.
644 4966 770 5030 Eisdem
803 4966 957 5032 inedicibas
991 4966 1174 5045 mandatur,
1205 4972 1359 5049 quotenus
1393 4969 1493 5032 eidem
1514 4967 1658 5034 Jolrunui
1687 4969 1819 5034 chrier'
1847 4966 1926 5032 dicti
1948 4971 2051 5050 Bepcr

545 5071 583 5134 dr.
614 5071 781 5153 Bopardia
817 5071 855 5133 dc
889 5073 1078 5135 ccrrmnicatu
1110 5076 1140 5135 ct
1167 5073 1351 5156 praebenda
1388 5074 1420 5137 in
1453 5071 1584 5136 ecclesia
1623 5073 1826 5153 Hupardensi
1862 5074 2051 5139 uocantibus

540 5174 706 5256 procidere
724 5179 901 5256 promerent.
940 5176 992 5250 ,l).
1017 5175 1104 5258 apsel
1134 5175 1376 5252 Villoninouane,
1399 5179 1438 5242 A.
1462 5178 1503 5255 d,
1523 5178 1600 5241 IIII
1616 5198 1686 5242 non.
1712 5177 1849 5258 Anpnsti
1871 5199 1901 5241 a.
1922 5178 2049 5259 primo!

1112 5282 1225 5344 hbrnui
1248 5286 1284 5344 ut
1306 5282 1341 5346 in
1361 5304 1391 5346 n.
1417 5286 1467 5347 79.

605 5363 631 5416 X

604 5433 629 5485 Χ

588 5503 645 5556 .Χ.

1316 5456 1413 5538 Apud
1445 5457 1681 5527 l’illamnoouni,
1704 5459 1790 5521 1342
1813 5455 1952 5537 Auprssti
1973 5461 2003 5522 2.

649 5642 795 5698 (lamentis
824 5642 860 5696 vl
888 5644 910 5695 Α
940 5643 1208 5713 11811131143311.
1233 5649 1291 5711 3111,
1320 5644 1354 5697 de
1381 5647 1545 5713 praebendis
1572 5646 1730 5702 vacantibus
1758 5645 2049 5716 (11113-11131.

550 5730 607 5782 lao'
627 5744 652 5781 n.
671 5734 730 5782 267.

1192 5856 1395 5868 ...n—..-
