5184 7050
547 864 591 930 42

544 1095 578 1136 ac
602 1079 707 1136 iurium
731 1084 760 1136 et
783 1075 1032 1149 pertinenciarum
1054 1075 1253 1149 predictorum
1278 1081 1307 1133 ot
1331 1073 1522 1134 defendentes
1547 1074 1697 1133 inductum
1720 1091 1754 1132 ac
1786 1072 1929 1133 facientes
1962 1075 2055 1148 ipsum

544 1183 589 1241 rel
612 1182 722 1240 dietum
744 1187 967 1255 procuratorem
989 1199 1043 1253 pro
1067 1181 1134 1253 ipso
1154 1181 1192 1237 ad
1216 1180 1297 1253 illud,
1322 1187 1354 1238 ut
1377 1185 1422 1237 est
1445 1181 1545 1253 moris,
1561 1180 1675 1238 admitti
1692 1174 1840 1253 [,sibiqoe
1862 1211 1902 1218 -
1924 1195 2054 1251 respon-

545 1284 626 1340 deri‘
650 1288 683 1340 ut
708 1286 740 1340 in
765 1303 793 1339 n.
819 1275 870 1360 dl,
888 1303 946 1343 non
970 1284 1158 1343 obstantibus
1181 1283 1315 1342 omuibus
1339 1283 1530 1357 supradictis,
1546 1279 1627 1356 [seu
1642 1282 1674 1337 si
1691 1280 1833 1355 prefatis
1849 1284 1994 1355 episcopo
2013 1314 2053 1322 -

545 1389 744 1444 mencionem‘
767 1391 800 1443 ot
826 1388 857 1442 in
881 1406 911 1442 a.
936 1385 985 1464 6),
1008 1388 1241 1447 contradictores
1264 1389 1443 1446 auctoritate
1466 1383 1600 1461 nostra⁰)
1623 1392 1680 1446 otc.
1725 1382 1764 1446 D.
1788 1388 1825 1446 ut
1847 1400 1872 1446 a.

649 1553 797 1609 Clementis
816 1553 853 1607 VI
873 1555 897 1606 Α
916 1555 958 1623 lja
978 1555 1032 1621 (59)
1052 1553 1071 1606 f.
1090 1558 1131 1618 50,
1151 1553 1185 1606 de
1204 1553 1367 1607 canonicatu
1387 1554 1438 1607 sub
1458 1552 1651 1621 expectatione
1678 1552 1853 1620 praebendae
1871 1569 1917 1621 qn.
1936 1552 2055 1606 aa:V.

546 1648 595 1695 149
614 1642 633 1695 f.
652 1645 693 1694 56¹
713 1659 739 1694 n.
755 1648 811 1694 123.
825 1672 858 1680 -
873 1640 989 1709 Registr.
1009 1641 1153 1694 Gisbertus
1173 1640 1263 1705 Brom,
1283 1639 1436 1693 Bullorium
1454 1640 1631 1694 Traiectense
1651 1640 1661 1691 l
1682 1656 1753 1692 num.
1776 1646 1850 1694 1032.
1870 1671 1902 1679 —
1930 1642 1953 1708 π)
1974 1639 2054 1694 deest

544 1729 572 1782 in
591 1731 633 1793 A,
653 1728 744 1797 suppl.
762 1730 798 1781 ab
818 1729 930 1782 editore.
958 1729 981 1793 1·)
1002 1728 1125 1795 sequitur
1143 1727 1330 1793 ,collacionis‘,
1350 1726 1398 1781 sed
1419 1727 1599 1780 cancellatum
1618 1729 1651 1780 Α.
1679 1729 1700 1792 τ)
1720 1727 1842 1794 sequitur
1855 1727 2055 1796 ,appellacione

545 1815 700 1884 postposita
719 1814 934 1883 compescendo‘,
954 1815 1004 1869 sed
1023 1814 1204 1868 cancellatum
1223 1816 1255 1867 Α.
1275 1846 1308 1854 -
1329 1816 1349 1881 ¹)
1376 1815 1403 1866 in
1429 1814 1630 1883 supplicatione
1649 1814 1699 1868 sub
1722 1830 1794 1867 num.
1814 1820 1847 1867 74
1865 1813 1942 1868 nulla
1960 1813 1991 1866 fit
2009 1829 2055 1867 ex-

545 1918 642 1971 pressa
660 1903 762 1955 mentio
781 1902 814 1956 de
834 1902 1052 1971 supplemento.
1072 1906 1092 1968 ²)
1111 1901 1155 1955 hic
1175 1910 1203 1955 et
1220 1902 1248 1953 iu
1267 1900 1392 1955 formulis
1419 1900 1598 1969 sequentibus
1627 1901 1728 1968 ubique
1746 1900 1989 1970 ,supplementum‘
2006 1916 2054 1968 po·

545 1989 663 2042 nendum
683 1998 726 2043 est
744 1989 804 2042 loeo
824 1988 983 2057 ,prebenda‘
1002 1995 1050 2043 aut
1068 1988 1256 2054 ,canonicatus
1275 1996 1302 2041 et
1322 1986 1478 2054 prebenda‘.

548 2416 606 2481 tt.
633 2414 709 2479 (lam
732 2415 881 2482 Jolronac
904 2414 1034 2479 Hema'ci
1056 2415 1135 2477 dicti
1165 2416 1267 2496 Beycr
1305 2414 1343 2478 dc
1374 2414 1540 2497 Bopordr‘o
1574 2416 1778 2498 dispeusator
1806 2435 1902 2497 super
1934 2415 2057 2495 irrepu-

752 2518 1221 2600 laritolc,qru1mincurrcrol,
1253 2523 1339 2583 cerlo
1363 2518 1511 2600 beneficio
1536 2520 1651 2583 iniuste
1673 2517 1842 2583 reticendo.

590 2657 648 2779 ..ξ
1318 2708 1413 2792 Apud
1443 2707 1683 2784 Villenmooom,
1707 2712 1793 2773 1342
1817 2710 1955 2790 depasti
1977 2715 2008 2775 2.

646 2902 685 2966 Ι).
709 2900 730 2965 i.
753 2900 902 2977 lohanni,
932 2903 1007 2964 nato
1031 2899 1060 2964 d.
1083 2899 1105 2966 f.
1130 2899 1260 2965 Hemioi
1284 2900 1360 2966 dicti
1384 2900 1489 2981 Beyer
1511 2899 1551 2964 de
1574 2900 1744 2982 llopardia,
1779 2901 1900 2980 militis,
1936 2901 2053 2966 clerico

544 3006 751 3071 Treuerensis
774 3004 920 3082 dionesie,
951 3022 976 3069 s.
1001 3010 1060 3067 etc.
1085 3003 1200 3067 Matris
1223 3004 1358 3070 ecclesie
1381 3005 1510 3085 copiosa
1540 3005 1721 3085 benignitas
1747 3023 1902 3087 personas
1924 3007 2053 3089 generis

545 3110 713 3175 nobilitate
736 3127 774 3172 ac
796 3109 869 3173 aliis
885 3109 1038 3172 virtutum
1061 3112 1094 3172 et
1104 3108 1275 3189 probitatis
1291 3109 1414 3174 meritis
1426 3106 1655 3190 fidedignorum
1680 3108 1848 3175 affirmatis
1859 3110 2055 3177 testimoniis

544 3212 689 3295 preditus
711 3211 901 3293 quandoque
923 3211 1126 3292 prerogativa
1148 3212 1255 3291 gracie
1278 3211 1429 3292 specialis
1452 3211 1581 3289 attollit,
1606 3213 1653 3277 eis
1670 3212 1860 3294 quandoque
1876 3213 2055 3278 liberaliter

546 3315 756 3394 concedendo,
780 3334 842 3396 que
864 3316 949 3397 rigor
971 3333 1133 3381 sacrorum
1156 3333 1311 3379 canonum
1334 3315 1506 3380 interdicit.
1553 3316 1636 3381 Sane
1659 3335 1717 3399 pro
1739 3322 1832 3399 parte
1855 3322 1912 3383 tua
1934 3318 2054 3399 peticio

545 3422 637 3485 nobis
660 3420 801 3486 exhibita
825 3420 1016 3498 continebat,
1048 3421 1132 3501 quod
1154 3427 1190 3484 tu
1221 3420 1296 3483 olim
1320 3421 1351 3483 in
1376 3420 1668 3485 vicesimosecundo
1699 3421 1796 3487 etatis
1818 3424 1873 3485 tue
1896 3439 1980 3486 anno
2003 3421 2053 3485 vel

546 3527 631 3591 circa
645 3525 735 3589 illum
751 3526 943 3590 constitutus
958 3524 1189 3606 parrochialem
1202 3525 1371 3590 ecclesiam
1391 3525 1423 3588 in
1439 3525 1620 3607 Dyepurcb‚
1635 3524 1889 3607 Maguutineusis
1905 3527 2054 3605 diocesis,

546 3629 628 3696 alias
651 3630 709 3694 tibi
743 3630 893 3693 canonice
916 3628 1074 3706 collatam,
1105 3629 1256 3712 recepisti
1287 3634 1321 3693 et
1343 3647 1414 3693 eam
1443 3647 1501 3709 per
1532 3633 1669 3709 quatuor
1699 3648 1798 3698 anuos
1827 3631 1960 3697 tenuisti
1984 3632 2054 3698 sine

546 3734 788 3815 dispensacione
811 3733 929 3814 aliqua,
961 3734 1061 3797 eciam
1092 3733 1132 3796 ad
1156 3752 1264 3799 sacros
1288 3733 1415 3798 ordines
1438 3752 1499 3797 uon
1522 3737 1695 3814 promotus,
1726 3733 1849 3800 fructus
1870 3736 2054 3816 percipiens

547 3856 585 3901 ex
608 3838 729 3916 eadem,
764 3856 801 3901 ac
825 3837 939 3902 deiude
970 3838 1002 3901 in
1024 3838 1187 3902 Bunneusi
1218 3841 1250 3902 et
1273 3836 1476 3919 Hugardensi
1507 3838 1660 3916 ecclesiis,
1696 3838 1894 3905 Coloniensis
1917 3844 1950 3904 et
1973 3838 2054 3903 Leo-

547 3942 667 4007 diensis
679 3942 861 4020 diocesium,
875 3943 1080 4006 canonicatus
1092 3948 1125 4007 et
1141 3942 1320 4024 prebendas
1336 3941 1417 4006 alias
1433 3943 1493 4006 tibi
1510 3943 1660 4006 canonice
1676 3947 1709 4007 et
1724 3943 1904 4008 successive
1919 3943 2054 4010 collatos

546 4046 697 4128 recepisti
709 4052 742 4110 et
753 4065 808 4112 eos
824 4065 887 4110 una
899 4065 968 4110 cum
981 4046 1067 4112 dicta
1079 4047 1272 4129 parrochiali
1298 4046 1434 4111 ecclesia
1446 4065 1504 4128 per
1520 4046 1601 4112 alios
1614 4052 1752 4128 quatuor
1763 4044 1862 4112 annos
1873 4049 2008 4113 tenuisti
2021 4055 2053 4113 et

547 4157 638 4216 tenes
649 4150 783 4231 pacifice
799 4156 832 4214 et
848 4152 968 4232 quiete,
981 4149 1104 4217 fructus
1120 4154 1153 4215 et
1168 4149 1313 4216 redditus
1336 4151 1484 4215 similiter
1499 4151 1678 4233 percipiens
1694 4171 1732 4216 ex
1749 4152 1878 4229 eisdem,
1895 4152 1997 4216 eciam
2013 4152 2053 4216 ad

547 4252 649 4318 dictos
661 4254 788 4318 ordines
800 4274 861 4318 uon
873 4261 1045 4337 promotus.
1061 4255 1167 4331 Quare
1182 4273 1239 4334 pro
1252 4260 1344 4335 parte
1356 4259 1413 4318 tua
1425 4254 1487 4320 fuit
1498 4256 1589 4321 nobis
1601 4254 1765 4321 humiliter
1779 4256 2004 4338 supplicatum,
2017 4262 2053 4323 ut

547 4356 714 4437 providere
730 4358 788 4422 tibi
812 4363 845 4422 ct
866 4359 965 4424 statui
982 4363 1037 4422 tuo
1053 4357 1226 4438 superbiis
1242 4356 1281 4421 de
1298 4363 1452 4439 oportuno
1468 4358 1608 4423 remedio
1625 4359 1835 4440 dignaremur.
1860 4359 1926 4426 Nos
1942 4360 2051 4442 itaque

546 4459 691 4525 volentes
706 4479 873 4541 personam
885 4466 973 4525 tuam
986 4462 1026 4525 de
1038 4461 1204 4526 nobilitate
1217 4462 1343 4543 generis
1355 4468 1387 4526 ct
1399 4463 1570 4543 probitatis
1590 4464 1712 4528 meritis
1725 4464 1808 4545 apud
1822 4482 1878 4528 nos
1897 4464 2051 4547 multipli-

548 4565 627 4629 citer
639 4565 890 4631 commendatam
902 4565 1082 4632 huiusmodi
1095 4571 1222 4630 tuorum
1238 4568 1422 4631 meritorum
1439 4568 1571 4632 obtentu
1588 4571 1621 4632 et
1633 4567 1891 4632 consideracione
1907 4587 1933 4632 c.
1947 4569 1980 4632 in
1994 4568 2049 4634 ch.

546 4667 568 4733 l.
591 4687 621 4732 u.
645 4668 811 4748 lobannis,
834 4671 919 4752 regis
941 4671 1071 4734 Boemie
1095 4669 1238 4750 illustris,
1262 4691 1319 4753 pro
1343 4677 1385 4749 tc,
1410 4671 1525 4735 dilecto
1550 4671 1665 4735 clerico
1689 4676 1722 4737 et
1744 4670 1894 4735 familiari
1918 4690 1986 4752 suo,
2018 4674 2050 4737 in

547 4772 607 4836 hac
622 4777 715 4854 parte
731 4774 895 4839 humiliter
910 4775 1131 4857 supplicantis,
1143 4774 1168 4854 ¹)
1190 4776 1394 4857 prerogativa
1410 4776 1517 4856 gracie
1539 4777 1688 4855 prosequi
1706 4783 1737 4840 ct
1749 4776 1868 4840 favoris
1882 4780 2051 4859 tecumque

547 4894 643 4958 super
665 4877 828 4957 premissis
850 4877 1098 4944 misericorditer
1110 4897 1204 4959 agere
1227 4880 1259 4942 in
1282 4879 1343 4942 hac
1366 4884 1467 4961 parte,
1492 4898 1614 4943 ornnem
1638 4879 1766 4945 inlamie
1783 4887 1816 4947 ct
1838 4881 2051 4948 inhabilitatis

546 4986 663 5058 notam,
687 4999 782 5061 quam
806 5000 843 5045 ex
867 4983 1032 5064 premissis
1062 4983 1233 5062 incurristi,
1269 4983 1308 5047 de
1340 4983 1514 5064 apostolice
1544 4986 1716 5065 potestatis
1746 4985 1945 5066 plenitudiue
1976 4987 2051 5050 abo·

547 5084 648 5150 lemus
663 5089 759 5165 teque
775 5087 938 5165 premissis
961 5105 1022 5151 non
1045 5087 1247 5152 obstantibus
1268 5087 1362 5169 plene
1385 5087 1592 5154 habilitarnus
1615 5107 1652 5152 ac
1675 5090 1733 5154 tibi
1745 5088 1868 5154 fructus
1891 5088 2051 5172 predictos

547 5187 587 5251 de
609 5188 742 5270 speciali
764 5191 872 5270 gracia
896 5190 1087 5254 renrittimus
1117 5194 1150 5255 et
1173 5189 1326 5257 donamus
1350 5196 1382 5255 ct
1406 5190 1558 5270 uolumus,
1590 5193 1673 5274 quod
1697 5193 1927 5276 parrochialem
1951 5194 2051 5259 eccle

547 5290 664 5373 siam²l
689 5310 725 5355 ac
750 5295 956 5360 canonicatus
972 5300 1005 5359 ct
1019 5295 1199 5376 prebendas
1209 5294 1234 5376 ³)
1257 5295 1418 5377 predictos
1429 5296 1561 5362 realiter
1583 5302 1616 5363 et
1628 5297 1667 5361 de
1679 5297 1764 5363 facto
1788 5297 1939 5364 dimittas.
1963 5298 2051 5363 Nulli

546 5414 621 5475 ergo
645 5402 704 5460 etc.
731 5397 767 5460 b.
793 5398 878 5478 apud
900 5398 1145 5478 Villamnouam,
1169 5400 1206 5464 A.
1232 5399 1272 5477 d,
1296 5400 1460 5466 111111011.
1485 5402 1621 5480 Augusti
1646 5421 1673 5466 a.
1697 5402 1808 5483 primo.

650 5565 797 5620 Clementis
816 5567 854 5621 Vl
874 5570 897 5621 A
917 5569 975 5639 Isth
996 5575 1050 5638 (ol)
1070 5568 1089 5623 l.
1107 5576 1156 5623 aot
1177 5587 1203 5625 n.
1222 5577 1281 5637 595,
1302 5570 1475 5626 diversarum
1495 5572 1643 5628 formarum
1663 5573 1840 5641 qu.14:ll.
1860 5580 1910 5627 ino
1928 5575 1947 5628 f.
1961 5581 2007 5629 321
2025 5592 2051 5628 n.

547 5659 605 5706 695.
626 5684 658 5692 -
680 5655 699 5718 ¹)
720 5653 885 5722 supplicatio
904 5655 957 5708 ista
975 5673 1029 5710 non
1049 5666 1092 5711 cst
1110 5666 1230 5726 reperta.
1250 5661 1270 5725 ²)
1290 5658 1352 5711 ride
1372 5674 1444 5712 num.
1464 5666 1504 5712 78.
1524 5693 1555 5700 -
1577 5663 1597 5727 ³)
1618 5661 1678 5715 ride
1697 5677 1770 5714 unm.
1790 5667 1822 5715 ld
1841 5669 1869 5714 ct
1887 5667 1928 5715 80.

1200 5843 1401 5851 -—-—-—-—
