5184 7050
1865 849 1927 916 oli

416 1054 537 1120 1272.
561 1053 706 1125 Arnesto,
731 1051 963 1137 archiepiscopo
987 1053 1004 1117 I
1010 1056 1152 1136 1000001,
1177 1056 1290 1118 iterum
1313 1055 1495 1134 conciudatur,
1512 1060 1548 1120 ut
1565 1056 1733 1122 Nicolaum
1750 1058 1928 1138 Laurentii,

564 1158 660 1222 ciuem
684 1159 871 1236 Bouianum,
896 1158 939 1222 od
962 1158 1085 1221 curium
1107 1157 1264 1221 destinari
1287 1156 1440 1223 0011000
1463 1159 1793 1243 cusiodiriprocuret.

1371 1297 1533 1377 Aoioiooe,
1557 1301 1644 1365 1350
1668 1298 1808 1382 Aupasti
1829 1303 1883 1367 18.

519 1439 558 1504 V.
588 1440 609 1504 1.
634 1439 781 1515 Ernesto,
813 1438 1051 1520 archiepiscopo
1085 1436 1246 1519 Pragensi,
1277 1456 1302 1500 s.
1335 1444 1395 1502 etc.
1441 1438 1598 1529 Salvatori
1628 1445 1745 1518 nostro,
1782 1442 1835 1523 qui
1869 1443 1927 1506 ad-

412 1561 528 1609 versus
562 1543 731 1608 eeclesiam
765 1562 854 1607 suam
888 1547 1038 1620 sanctam,
1073 1560 1167 1623 quam
1201 1541 1287 1606 solus
1326 1541 1394 1623 ipse
1432 1541 1576 1606 fundavit
1615 1550 1647 1607 ot
1686 1545 1777 1624 rexit,
1817 1551 1928 1626 portas

413 1647 508 1713 inferi
532 1647 698 1729 prevalere
721 1666 782 1710 non
805 1646 890 1724 sinit,
913 1645 1036 1726 gracias
1059 1644 1193 1726 agimus,
1216 1646 1300 1727 qnod
1324 1645 1393 1727 ipse
1416 1645 1505 1710 illurn
1528 1645 1627 1711 lilium
1650 1646 1764 1727 Belial,
1780 1649 1928 1731 nequicie

413 1760 548 1835 patrem,
571 1750 737 1817 Nicolaum
762 1750 940 1828 Lamencii,
972 1749 1071 1813 civem
1105 1748 1279 1814 Romanum
1310 1750 1522 1831 perniciosum
1558 1752 1668 1833 ntique
1701 1771 1738 1817 ac
1772 1754 1928 1834 nocivum,

413 1858 471 1939 qui
506 1865 616 1921 eontra
649 1855 781 1920 eandem
812 1854 980 1919 eeclesiam
1011 1858 1043 1917 et
1074 1850 1168 1918 fidem
1191 1853 1378 1919 catholicam
1401 1854 1502 1919 multa
1525 1874 1657 1921 erronea
1680 1856 1811 1939 pollutis
1834 1857 1927 1923 labiis

415 1961 635 2043 imprudenter
658 1977 818 2037 evomens,
842 1977 899 2041 per
922 1978 949 2022 v.
974 1957 994 2022 1.
1020 1976 1048 2021 0.
1072 1957 1252 2037 seruandi,
1275 1957 1470 2037 SabinensiS,
1494 1964 1570 2023 tnnc
1592 1959 1679 2024 tituli
1703 1961 1804 2026 sancti
1827 1961 1927 2027 Marci

414 2066 593 2150 presbyteri
618 2063 797 2141 cardinalia,
820 2063 921 2144 primo
944 2068 978 2126 et
1000 2062 1231 2143 subsequenter
1247 2063 1276 2126 b.
1294 2081 1333 2126 m.
1352 2063 1510 2143 anibaldi,
1534 2065 1779 2130 Tusculanensis
1803 2067 1928 2150 episco-

413 2189 538 2255 porum,
562 2171 592 2234 in
617 2169 681 2234 illis
702 2169 849 2251 partibus
878 2173 954 2232 tunc
986 2168 1071 2232 sedis
1105 2166 1279 2249 apostolice
1313 2165 1498 2249 legatorum,
1522 2169 1710 2249 sentencias,
1746 2189 1807 2253 que
1842 2169 1929 2235 nulla

418 2293 549 2359 0000000
564 2273 784 2357 appellaoione
800 2291 954 2354 suspense
970 2273 1001 2337 in
1018 2290 1084 2335 rem
1099 2271 1316 2336 transiverunt
1331 2272 1512 2351 iudicatam,
1536 2274 1652 2338 meruit
1674 2274 1714 2338 de
1733 2275 1837 2340 heresi
1855 2294 1924 2340 eon·

416 2381 593 2462 dampnari,
619 2399 675 2462 per
699 2400 724 2443 c.
749 2379 781 2442 in
806 2377 862 2442 ch.
887 2377 908 2442 1.
932 2398 962 2441 0.
987 2376 1106 2456 Κοι·011,
1129 2377 1214 2461 regis
1236 2376 1449 2442 Ronlanorum
1480 2377 1623 2458 illustris,
1655 2377 1840 2444 auxiliarem
1871 2399 1927 2462 po-

419 2486 557 2551 tenciam
581 2485 612 2548 in
636 2484 780 2550 manibus
809 2484 874 2547 tuis
904 2482 1092 2549 miraculose
1124 2480 1287 2547 conclusit.
1333 2482 1396 2549 Sed
1431 2488 1463 2548 et
1496 2488 1551 2548 tue
1585 2503 1711 2567 qnoque
1745 2484 1927 2551 devocionis

420 2591 619 2667 industriam,
654 2607 716 2670 que
750 2589 833 2652 cirea
866 2587 1101 2652 habitacionem
1135 2586 1668 2668 1001000101]000001000100001
1702 2608 1801 2671 suam,
1832 2609 1927 2672 quam

417 2694 508 2777 prius
531 2694 635 2757 eidem
657 2695 723 2775 regi
748 2693 778 2756 in
803 2693 931 2774 scriptis
953 2691 1138 2770 tradiderat,
1170 2692 1202 2756 in
1232 2692 1413 2757 testimonio
1442 2691 1571 2774 publico
1602 2693 1793 2759 iudicialiter
1823 2700 1927 2759 estor-

416 2799 575 2881 quendam
598 2803 632 2863 et
654 2798 836 2862 missionem
863 2797 932 2861 eius
955 2796 1056 2860 eciam
1079 2795 1237 2860 cautelam
1261 2795 1407 2862 adhibuit
1429 2797 1622 2880 diligentem,
1647 2818 1684 2864 eo
1706 2800 1927 2882 prosequimur

415 2904 614 2987 plenioribus
644 2904 827 2968 accionibus
856 2903 1034 2985 graciarum
1067 2920 1167 2984 eoque
1197 2901 1371 2967 attollimus
1395 2902 1498 2968 laudis
1521 2907 1669 2986 preconio
1693 2905 1839 2988 00010010,
1864 2923 1926 2987 quo

414 3011 448 3074 in
471 3009 530 3074 boo
553 3009 623 3088 deo,
647 3009 737 3072 nobis
761 3013 793 3072 et
816 3007 919 3072 eidem
942 3005 1077 3070 ecclesie
1099 3006 1225 3089 gracias
1248 3010 1280 3070 et
1303 3008 1470 3088 accepcius
1493 3009 1679 3091 obsequium
1701 3009 1871 3091 prestitisti
1894 3015 1927 3075 et

414 3225 471 3284 tuo
494 3218 672 3283 ministerio
695 3222 882 3300 reparatam,
907 3235 1000 3298 quam
1024 3215 1078 3280 ille
1100 3220 1314 3298 temptaverat
1336 3215 1508 3282 multifarie
1530 3216 1702 3300 multisque
1724 3219 1825 3283 modis
1852 3219 1925 3285 bac·

413 3331 510 3389 tenus
540 3324 738 3405 perturbare.
784 3321 939 3399 Quocirca
973 3319 1205 3385 fraternitatem
1228 3327 1315 3386 tuam
1339 3321 1528 3403 requirimus
1551 3327 1584 3385 et
1606 3322 1769 3387 hortamur
1791 3328 1925 3406 attente,

413 3448 473 3511 per
495 3427 669 3511 apostoliea
691 3428 749 3492 tibi
772 3428 891 3508 scripta
913 3426 1117 3508 precipiendo
1140 3426 1336 3505 mandantes
1360 3433 1517 3509 qnatenus
1540 3428 1675 3494 eundem
1694 3428 1859 3494 Nicolaum
1884 3431 1924 3494 ad

414 3553 474 3599 nos
497 3535 556 3598 sub
580 3533 651 3610 lida,
676 3538 745 3597 tnta
769 3537 802 3595 ct
825 3530 967 3611 diligenti
1003 3532 1147 3597 custodia
1181 3531 1343 3597 destinare
1376 3553 1537 3616 procures,
1574 3535 1713 3617 alioquin
1748 3555 1818 3601 curn
1853 3554 1925 3600 curn

413 3639 500 3704 omni
531 3637 657 3703 cautela
687 3636 786 3703 facias
816 3636 979 3716 custodiri,
1010 3638 1055 3702 ita
1086 3638 1170 3719 quod
1200 3638 1319 3702 nullius
1342 3640 1555 3721 surrepcionis
1578 3645 1634 3705 aut
1655 3639 1778 3706 fraudis
1801 3640 1924 3705 astucia

413 3742 466 3808 vel
492 3742 554 3807 alia
577 3743 629 3806 via
652 3741 796 3824 qualibet
818 3742 977 3807 libertatis
999 3741 1187 3808 beneficium
1210 3749 1432 3825 consequatur,
1455 3744 1670 3826 rescripturus
1693 3745 1783 3811 nobis
1798 3764 1856 3827 per
1873 3745 1926 3809 lit·

414 3847 1093 3931 1000010οε010111000100010100001010
1122 3848 1299 3930 premissis,
1330 3849 1565 3931 particulariter
1598 3855 1630 3914 et
1664 3849 1856 3931 distinete,·)
1890 3855 1923 3914 ut

413 3952 536 4018 eisdem
559 3952 676 4018 litteris
698 3954 762 4017 tuis
786 3952 904 4017 habitis
927 3959 982 4017 aut
1004 3971 1061 4034 pro
1085 3971 1122 4016 eo
1146 3953 1351 4018 conducendo
1374 3971 1485 4018 secure
1508 3954 1569 4018 buc
1590 3954 1712 4036 aliquos
1728 3953 1924 4019 destinemus

413 4062 473 4123 aut
494 4059 748 4124 transmittamus
769 4058 829 4123 tibi
852 4057 1013 4135 articulos,
1037 4075 1133 4137 super
1155 4058 1271 4138 quibus
1291 4058 1530 4140 inquisicionem
1546 4065 1634 4124 tuam
1650 4059 1786 4124 fonnare
1802 4059 1923 4141 poteris

413 4168 527 4229 contra
550 4163 662 4245 ipsum.
687 4162 836 4226 Ceterum
860 4161 900 4225 ad
924 4160 996 4237 alia,
1020 4179 1082 4243 que
1105 4159 1220 4242 prefati
1244 4162 1328 4243 regis
1351 4162 1483 4243 negocia
1506 4162 1742 4244 contingebant,
1759 4163 1848 4228 nobis
1865 4182 1923 4245 per

412 4268 445 4333 d.
462 4268 484 4332 1.
501 4266 714 4345 Fredericum,
731 4266 869 4348 priorem
888 4265 1071 4330 monasterii
1082 4262 1111 4351 b)
1134 4315 1225 4343 ....,
1244 4264 1458 4330 Cartnsiensis
1482 4267 1610 4345 ordinis,
1619 4270 1642 4346 ⁰)
1667 4317 1673 4330 .
1692 4316 1699 4329 .
1717 4317 1723 4330 .
1743 4317 1750 4330 .
1775 4268 1920 4347 diocesis,

413 4374 584 4438 nunccium
607 4378 706 4450 tunm,
730 4370 863 4458 latorem
887 4371 1095 4453 presencium,
1119 4390 1175 4453 pro
1190 4371 1237 4435 tui
1254 4375 1344 4453 parte
1361 4371 1472 4450 relata,
1489 4371 1546 4436 tibi
1564 4390 1620 4453 per
1635 4371 1770 4439 eundem
1786 4374 1923 4454 priorem

413 4482 569 4542 oretenus
593 4475 739 4541 duximus
763 4475 1026 4557 respondendum,
1050 4474 1133 4540 sicut
1149 4475 1218 4557 1000
1234 4475 1291 4540 tibi
1309 4476 1426 4540 clarius
1449 4474 1631 4558 explicabit.
1662 4477 1701 4541 Ι).
1725 4483 1761 4542 01
1783 4495 1808 4542 0.
1833 4478 1923 4563 [Aui-

411 4582 509 4646 nione
533 4580 592 4645 XV
615 4580 679 4646 kal.
703 4580 899 4662 Septembris
922 4600 949 4645 a.
974 4578 1079 4662 nono]
1098 4580 1122 4660 ¹)

519 4718 668 4773 Clementis
687 4716 775 4772 VI'V.
797 4725 845 4773 114
864 4724 944 4787 (secr.
964 4734 988 4773 a.
1008 4718 1058 4785 lx)
1077 4716 1095 4771 1.
1115 4721 1156 4771 84.
1168 4749 1200 4757 -
1214 4718 1280 4786 Reg.
1292 4718 1460 4787 Werunsky,
1475 4718 1613 4787 Excerpta
1632 4735 1656 4771 0.
1676 4723 1780 4771 201-
1794 4724 1817 4783 ⁸)
1830 4718 1922 4786 ,desti-

410 4810 489 4863 nare‘
513 4806 555 4872 V,
578 4822 648 4860 corr.
673 4807 708 4861 ab
733 4806 846 4862 editore.
875 4810 898 4872 Ι1)
925 4806 1050 4875 sequitur
1076 4806 1176 4860 lacuna
1195 4806 1222 4859 in
1241 4806 1272 4859 V.
1301 4808 1322 4872 ⁰)
1342 4806 1466 4874 seqnitur
1484 4806 1582 4860 100000
1600 4807 1628 4859 10
1648 4806 1679 4859 V.
1699 4838 1732 4846 -
1752 4809 1770 4868 ¹)
1790 4814 1820 4859 ut
1837 4805 1857 4860 1.
1875 4812 1921 4861 83:

409 4893 551 4963 Philippo,
570 4893 627 4961 regi
646 4893 788 4948 Francius.
1441 4899 1444 4905 '

1064 5000 1269 5014 --—..,

410 5202 533 5271 1273.
557 5200 663 5278 Aaou,
689 5200 901 5263 llomonomur
924 5204 953 5262 01
976 5198 1147 5264 Boberoioe
1168 5201 1289 5281 rupino,
1312 5199 1481 5283 supplicat,
1505 5204 1660 5282 qrroleruu
1682 5200 1795 5264 sibiet
1815 5200 1919 5280 fami·

767 5302 902 5367 lioribus
924 5303 991 5367 suis
1014 5304 1182 5369 marcellae
1202 5306 1329 5386 proiice
1352 5305 1569 5371 concedantur.

1369 5419 1532 5494 Auiuioue,
1558 5420 1642 5485 1350
1664 5417 1803 5498 Aepusa·
1823 5418 1876 5481 19.

515 5557 681 5642 Supplicat
703 5560 734 5625 S.
759 5559 795 5623 V.
820 5557 935 5622 devota
956 5557 1023 5621 11110
1053 5563 1160 5621 vestra
1191 5559 1290 5635 Anna,
1322 5558 1533 5623 Romanorum
1569 5562 1601 5622 et
1635 5556 1765 5621 boemie
1799 5555 1918 5637 regina,

407 5671 567 5751 quatenus
591 5664 661 5743 sibi,
686 5669 721 5727 ut
744 5664 775 5727 in
798 5661 943 5727 omnibus
966 5661 1044 5726 locis
1067 5681 1103 5726 ac
1127 5662 1226 5725 eciam
1249 5661 1336 5726 boris
1356 5667 1430 5726 ante
1447 5662 1530 5725 iliam
1546 5667 1579 5725 et
1596 5661 1627 5724 in
1643 5660 1721 5724 locis
1739 5658 1919 5724 interdictis

408 5771 517 5837 (livino
541 5770 676 5850 faeiat⁸)
700 5768 872 5846 celebrare,
897 5767 1071 5831 retrocedere
1095 5766 1276 5847 eliquamini,
1301 5773 1336 5830 01
1360 5767 1390 5829 10
1414 5766 1523 5831 forma.
