5184 7050
549 846 613 910 466

551 1050 639 1117 769.
664 1048 831 1127 auderico,
856 1048 1110 1130 adloquendum
1141 1049 1279 1112 (lauradi
1296 1049 1453 1113 uscarl-efai
1475 1048 1513 1112 de
1532 1047 1751 1128 Norimberpu,
1765 1048 1847 1131 (l)·)
1867 1044 2047 1129 presbytero

544 1152 788 1232 Baacberyeasis
820 1152 961 1230 decusis,
995 1157 1176 1216 reserantur
1208 1154 1253 1217 ud
1284 1153 1546 1236 supplicationem
1571 1151 1687 1229 Caroli,
1716 1151 1801 1232 repis
1828 1152 2045 1225 aomanorum,

543 1255 723 1338 beneficium
751 1277 820 1320 cum
854 1256 901 1320 cel
922 1256 991 1320 sine
1013 1277 1100 1333 curu,
1124 1261 1304 1321 consuetum
1327 1257 1366 1321 ub
1389 1256 1463 1320 olim
1486 1256 1609 1322 clericis
1631 1255 1849 1321 sacerdoribus
1874 1253 2041 1336 ussipncri,

543 1360 634 1425 cuias
648 1362 779 1438 fricatus
800 1363 843 1426 25
865 1382 947 1444 resp.
971 1364 1014 1426 18
1037 1381 1221 1425 usuram-um
1245 1360 1416 1442 arpentis.
1441 1365 1462 1424 t.
1487 1360 1518 1424 a.
1541 1359 1679 1424 calorem
1702 1379 1845 1424 annuum
1876 1378 1940 1422 noa
1970 1378 2044 1421 exce·

543 1463 631 1542 duat,
653 1464 683 1528 si
706 1464 787 1546 quod
809 1465 853 1529 ad
875 1464 1070 1529 collationem
1093 1463 1323 1547 archiepiscopi
1345 1463 1585 1546 Salaburpeusis
1606 1468 1712 1543 cacat,
1728 1463 1775 1528 oel
1790 1484 1862 1527 eum
1885 1462 2045 1527 cacat-erit.

708 1569 759 1646 ,D.
783 1567 939 1632 Aniciana
963 1570 996 1632 X
1013 1567 1078 1632 lul.
1103 1568 1284 1633 Decembris
1308 1590 1338 1633 α.
1361 1568 1491 1650 quantoe
1537 1569 1654 1632 Forma
1674 1572 1711 1631 ut
1732 1568 1766 1630 in
1790 1589 1820 1630 n.
1844 1572 1876 1632 2.

587 1784 695 1849 Gratis
718 1802 775 1866 pro
799 1783 867 1848 deo.
1452 1783 1614 1858 Aoiaioae,
1639 1785 1724 1849 1346
1747 1782 1935 1847 Novembris
1957 1787 2006 1846 22.

649 2025 797 2081 Clementis
815 2025 853 2079 VI
871 2027 904 2078 Α.
924 2026 975 2096 Vsa
995 2029 1050 2094 (87)
1069 2025 1086 2078 f.
1105 2026 1175 2091 343',
1193 2023 1228 2078 de
1246 2023 1387 2078 beneficiis
1406 2040 1468 2077 cunr
1488 2024 1530 2079 vel
1550 2025 1610 2079 sine
1628 2040 1695 2078 curs
1712 2040 1756 2091 qu.
1777 2029 1837 2076 5:
1851 2019 1884 2075 V.
1904 2027 1952 2076 174
1969 2024 1985 2075 l.
2000 2027 2038 2074 162

547 2129 573 2166 n.
593 2118 652 2166 316.
670 2143 704 2152 —
731 2117 754 2181 ³)
774 2113 951 2181 ,Neurberga‘
970 2115 1003 2166 A.
1040 2112 1094 2166 Cir.
1112 2111 1204 2166 Vatilc
1225 2112 1318 2165 Akten
1337 2127 1362 2165 n.
1385 2116 1458 2165 1099.

545 2723 635 2789 770.
658 2722 801 2790 Jobanni
823 2722 952 2786 Nicolui
981 2722 1019 2786 dc
1048 2720 1213 2787 Falkenuu
1240 2720 1426 2805 providetur
1455 2719 1494 2783 de
1523 2717 1667 2801 beneficio
1698 2738 1768 2781 cuni
1799 2717 1847 2780 cel
1878 2719 2028 2780 sincaere

540 2827 671 2891 vacanti
692 2827 739 2890 uel
761 2831 921 2906 vocaturo,
934 2827 978 2890 ad
997 2825 1192 2891 collationem
1210 2825 1427 2908 praeceptoris
1443 2824 1554 2888 domus
1568 2821 1737 2904 hospitalis
1760 2822 1868 2885 sanat
1889 2820 2030 2888 Jalumris

887 2930 1141 2998 Jarosolimituai
1162 2931 1198 2994 in
1222 2929 1349 2995 Oelsmr.
1373 2931 1490 2994 Forma
1511 2932 1547 2991 ut
1569 2927 1604 2990 ia
1625 2948 1655 2990 a.
1679 2930 1710 2991 2.

587 3120 696 3186 Gratis
718 3139 777 3204 pro
800 3122 868 3185 deo.
1449 3117 1613 3192 Aniciana,
1636 3119 1724 3182 1346
1748 3117 2001 3181 Numeriem.

647 3339 685 3403 D.
709 3338 730 3402 f.
755 3337 893 3403 Johanui
916 3337 1039 3402 Nicolai
1062 3339 1101 3402 de
1126 3337 1315 3415 Walkenau,
1332 3336 1447 3401 elerico
1470 3334 1746 3401 Wratislauiensis
1769 3334 1917 3412 diocesis,
1941 3353 1964 3398 s.
1986 3337 2034 3396 etc.

544 3442 760 3524 Sudragancia
781 3444 840 3507 tibi
864 3443 977 3507 merita
1000 3444 1167 3525 probitatis
1191 3494 1198 3507 .
1224 3494 1230 3506 .
1255 3493 1262 3506 .
1289 3493 1295 3505 .
1331 3441 1483 3506 Volentes
1506 3442 1615 3524 itaque
1637 3440 1696 3504 tibi
1719 3459 1749 3521 p.
1775 3440 1795 3504 i.
1819 3458 1860 3503 m.
1885 3445 1907 3503 t.
1931 3454 2035 3502 necnon

544 3547 802 3614 consideracione
832 3568 858 3612 c.
890 3548 922 3612 in
945 3548 1002 3613 Ch.
1027 3548 1048 3613 f.
1072 3568 1102 3613 n.
1136 3548 1255 3625 Karoli,
1287 3546 1499 3611 Romanorum
1529 3545 1615 3628 1·er
1644 3544 1788 3622 illustris,
1818 3545 1912 3610 nobis
1942 3547 2036 3625 pirate

543 3669 641 3733 super
662 3651 721 3717 hoc
743 3652 906 3718 humiliter
927 3653 1148 3734 supplicantis
1171 3672 1200 3734 g.
1224 3651 1244 3716 f.
1270 3649 1511 3727 s,be11eficium
1533 3650 1788 3715 ecclesiasticum
1812 3668 1884 3713 cum
1906 3666 1979 3713 cura
1998 3642 2037 3708 rel

543 3757 611 3821 sine
634 3776 720 3835 eura,
744 3763 929 3821 consuetum
953 3758 991 3820 ab
1014 3757 1089 3820 olim
1113 3756 1236 3820 clericis
1260 3755 1458 3819 secularibus
1477 3755 1641 3835 assignari,
1659 3754 1749 3817 cuius
1770 3752 1904 3830 fructae,
1921 3772 1945 3815 r.
1962 3757 1992 3814 et
2004 3770 2036 3831 p„

543 3861 571 3926 si
594 3880 664 3924 cum
687 3880 771 3939 cura,
795 3862 1057 3942 vigintiquinque,
1081 3862 1108 3924 si
1132 3880 1207 3924 vero
1230 3861 1299 3924 sine
1330 3877 1406 3922 cura
1428 3859 1534 3934 fuerit,
1566 3858 1674 3922 decem
1706 3863 1739 3920 et
1761 3862 1832 3920 octo
1857 3855 2038 3919 marcharum

543 3967 667 4047 argenti
699 3984 724 4029 s.
755 3973 777 4029 t.
809 3966 839 4029 d.
870 3965 1009 4029 valorem
1040 3984 1178 4029 annuum
1208 3983 1270 4028 non
1301 3964 1466 4040 excedant,
1497 3962 1537 4027 ad
1562 3962 1589 4026 d.
1614 3961 1635 4026 f.
1661 4011 1667 4024 .
1695 3961 1920 4042 precentoris
1943 3959 2039 4023 domus

545 4068 713 4149 hospitalis
737 4071 838 4133 saneti
862 4070 1016 4134 Jolrarmis
1039 4069 1289 4133 lerosolinritani
1314 4069 1344 4131 in
1369 4066 1498 4144 Oelsna,
1522 4064 1797 4128 Wratislaniensis
1821 4064 1967 4141 diocesis,
1989 4060 2039 4126 eol·

541 4173 705 4251 lacionem,
730 4193 827 4255 prov,
851 4193 933 4255 pros
959 4194 1016 4238 seu
1040 4193 1069 4254 q.
1094 4194 1121 4237 a.
1146 4172 1175 4235 d.
1199 4173 1373 4254 pertinens
1407 4171 1434 4234 si
1457 4170 1541 4251 qnod
1564 4175 1657 4233 vacat
1679 4168 1718 4231 ad
1741 4186 1889 4248 precene,
1912 4168 1961 4232 rel
1982 4185 2039 4231 cun

543 4279 801 4343 vacaverit...
828 4329 834 4341 .
857 4278 1083 4343 conferendum
1114 4278 1203 4342 tibi.
1229 4328 1234 4339 .
1260 4328 1266 4339 .
1293 4327 1299 4339 .
1325 4275 1353 4339 d.
1387 4294 1414 4338 a.
1447 4291 1645 4338 reservamus
1677 4323 1747 4337 ...
1775 4292 1799 4351 .;
1832 4292 1897 4339 nou
1928 4274 2038 4337 obstan·

542 4382 628 4445 tibus
652 4433 659 4445 .
683 4433 690 4445 .
716 4432 723 4444 .
748 4434 755 4446 .
781 4388 836 4446 aut
859 4381 943 4462 qnod
967 4381 1085 4445 dmlum
1115 4381 1172 4444 tibi
1208 4379 1247 4442 de
1278 4378 1431 4443 beneficio
1463 4377 1679 4442 eeclesiastico
1712 4395 1782 4441 curn
1809 4396 1889 4442 eura
1912 4378 1961 4442 vel
1983 4376 2039 4441 sine

543 4505 629 4561 eura,
653 4487 833 4566 pertinente
856 4485 896 4548 ad
921 4484 1123 4549 collusionem
1149 4483 1198 4547 rel
1223 4484 1494 4563 presentncionem
1519 4482 1547 4545 d.
1572 4482 1593 4545 f.
1618 4532 1625 4545 .
1647 4532 1654 4545 .
1673 4480 1801 4563 plebani
1825 4482 1931 4563 plebis
1953 4479 2040 4546 saneti

543 4590 705 4670 Stephani,
729 4590 930 4654 Patauiensis
954 4589 1098 4666 diocesis,
1123 4607 1180 4668 per
1204 4593 1330 4651 nostras
1354 4586 1487 4665 litterae,
1513 4587 1543 4649 in
1567 4586 2039 4669 eafor·1na,secundu1nquam

543 4712 600 4774 pro
622 4694 816 4774 panperibus
840 4693 964 4757 clericis
987 4692 1212 4757 beneficiandis
1235 4697 1311 4755 tune
1328 4692 1523 4773 scripsimus
1539 4709 1597 4771 per
1619 4709 1677 4754 nos
1696 4690 1755 4754 tibi
1771 4709 1953 4770 concessas,
1968 4707 2040 4755 man·

544 4798 687 4862 darimus
711 4797 878 4878 provideri,
904 4803 936 4861 et
959 4799 1134 4861 earundem
1157 4796 1336 4861 litterarum
1360 4797 1468 4878 vigore
1491 4796 1531 4859 de
1554 4802 1710 4876 perpetua
1739 4795 1922 4876 capellania
1944 4793 2041 4860 altaris

545 4902 710 4965 duodecim
735 4902 959 4983 apostolorum,
984 4901 1038 4964 siti
1063 4902 1092 4963 in
1117 4900 1252 4963 ccclesia
1277 4901 1378 4963 saneti
1404 4900 1558 4981 Stephani
1582 4899 1782 4976 Viennensis,
1820 4900 1907 4965 dicte
1931 4897 2040 4965 Potoni-

544 5006 629 5070 ensis
654 5006 799 5082 diocesis,
824 5011 988 5088 spectante
1011 5006 1052 5069 ad
1076 5005 1279 5068 collacionem
1305 5004 1381 5067 dieti
1404 5004 1542 5086 plebani,
1566 5003 1625 5067 tibi
1649 5003 1810 5085 provideri
1835 5004 1951 5081 fecisti,
1968 5003 2041 5066 euius

544 5112 777 5191 possessionem
802 5130 862 5174 non
883 5131 917 5173 es
934 5116 969 5173 ut
985 5111 1104 5173 asseris
1128 5114 1304 5185 assecutus
1322 5110 1396 5190 quin
1415 5110 1507 5172 irnmo
1524 5108 1686 5172 detinetur
1702 5125 1759 5189 per
1776 5107 1874 5173 olium
1892 5113 2040 5190 occupata.

545 5215 697 5279 Volumus
722 5220 836 5293 antem,
861 5215 944 5295 quod
969 5233 1091 5278 exnunc
1114 5214 1174 5277 iuri
1197 5214 1227 5277 in
1244 5213 1369 5295 prelata
1393 5213 1570 5295 capellania
1591 5212 1650 5277 tibi
1671 5211 1911 5293 quomodolibet
1936 5228 2043 5292 compe·

543 5321 633 5397 tenti,
658 5324 752 5400 prout
775 5319 814 5382 ad
838 5318 896 5381 boe
926 5324 958 5382 te
982 5323 1095 5399 sponte
1126 5318 1280 5394 obtulisti,
1313 5318 1439 5381 omnino
1473 5318 1586 5381 cedere
1617 5317 1768 5393 tenearis,
1801 5318 1952 5399 quodque
1974 5316 2043 5379 dieta

545 5424 662 5500 littere,
686 5443 743 5505 per
767 5441 845 5503 qum
868 5423 925 5485 tibi
951 5424 989 5487 de
1013 5422 1165 5488 beneficia
1189 5423 1443 5498 ecclesiastice-r
1476 5441 1546 5485 eum
1577 5439 1655 5485 cura
1677 5421 1728 5485 rel
1753 5421 1823 5485 sine
1847 5441 1934 5498 cura,
1961 5418 2043 5502 perti·

544 5526 674 5607 nenteb)
698 5529 737 5591 ml
762 5527 964 5591 collacionem
988 5528 1039 5592 vel
1063 5528 1334 5609 presentariouem
1359 5527 1436 5590 dicti
1468 5526 1603 5607 plebani,
1635 5524 1856 5590 mandarimus
1886 5522 2042 5608 provideri,

544 5639 577 5697 et
600 5651 769 5714 processus
793 5632 892 5696 babiti
916 5651 971 5712 pro
996 5651 1032 5695 eo
1056 5629 1320 5714 [pe1·]⁰)easdem
1344 5650 1380 5694 ac
1404 5648 1591 5712 quecunque
1608 5628 1682 5693 inde
1698 5634 1809 5693 secuta
1833 5629 1952 5695 nullius
1970 5628 2044 5693 dein·

542 5755 618 5820 ceps
642 5736 781 5801 existemt
803 5736 926 5800 roboris
949 5735 1000 5799 vel
1025 5736 1174 5800 momenti
1177 5784 1270 5799 .....
1285 5736 1324 5798 D.
1349 5735 1507 5799 Aninione
1531 5733 1559 5797 X
1582 5732 1644 5799 kal.
1671 5734 1862 5800 Decembris
1884 5753 1914 5799 a.
1938 5735 2044 5819 quinta.
