5184 7050
613 857 675 924 138

612 1063 671 1128 sub
696 1063 787 1127 cuius
807 1062 945 1127 dominio
961 1063 1129 1145 temporali
1146 1062 1270 1144 reliqua
1286 1062 1442 1128 medietas
1459 1063 1600 1128 civitatis
1615 1062 1757 1128 eiusdem
1780 1063 1813 1126 in
1833 1061 1945 1127 eadem
1962 1060 2118 1127 Vasconis

613 1167 818 1232 consistentis
848 1185 906 1247 pro
937 1167 1072 1230 indiviso
1103 1167 1263 1231 existebat
1293 1172 1387 1247 prout
1411 1167 1529 1245 existit,
1562 1186 1596 1232 se
1620 1168 1661 1231 ad
1685 1167 1842 1230 inradiam
1865 1173 1898 1230 et
1921 1166 2118 1230 consulatum

610 1271 739 1338 restitui
767 1270 978 1350 supradictos‘
998 1319 1006 1334 .
1025 1321 1032 1336 .
1108 1326 1111 1332 ,
1135 1318 2118 1336 ....................................

717 1377 796 1457 [Hie
819 1380 935 1435 litteris
959 1382 1110 1436 incertum
1135 1382 1179 1435 est
1203 1380 1442 1435 instrumentum
1466 1379 1611 1446 notariis,
1635 1381 1687 1435 ubi
1710 1376 1863 1456 eliciturus:
1895 1422 2119 1440 .........

616 1480 738 1562 „Igitur
761 1498 833 1544 curu
857 1479 940 1542 inter
964 1479 1049 1544 cives
1072 1483 1105 1542 et
1127 1478 1327 1542 habitatores
1352 1479 1426 1542 ville
1449 1478 1562 1544 Vasati
1586 1498 1624 1543 ex
1648 1497 1712 1543 uua
1734 1485 1827 1560 parte
1850 1485 1883 1543 ot
1912 1478 2119 1544 reverendum

613 1582 644 1646 in
668 1582 795 1647 Christo
818 1588 943 1663 patrem
966 1587 999 1646 et
1022 1582 1191 1660 dominum,
1216 1579 1376 1645 dominum
1400 1581 1635 1666 G[alhardum]‚
1659 1582 1711 1648 dei
1734 1582 1839 1663 gracia
1866 1582 2062 1664 episcopum,
2083 1599 2119 1644 ac

612 1687 683 1752 eius
706 1687 882 1768 capitulum
905 1685 1084 1751 vasatense
1107 1704 1145 1748 ex
1170 1684 1272 1749 altera
1295 1684 1393 1750 fuerit
1416 1691 1486 1750 orta
1517 1685 1651 1750 litiatoria
1675 1685 1851 1767 questionis
1874 1690 1908 1749 et
1938 1684 1979 1748 de
2009 1685 2120 1749 rrraiori

614 1791 696 1855 iuter
719 1789 822 1854 dictas
845 1793 955 1871 partes
978 1788 1195 1852 verisimiliter
1217 1787 1442 1854 torruidaretur
1466 1807 1632 1870 supereo,
1657 1789 1741 1871 quod
1764 1787 1840 1852 dicti
1866 1788 1952 1854 cives
1976 1793 2010 1852 et
2031 1787 2121 1852 babi-

611 1899 735 1959 tatores
758 1894 908 1958 dicebant
930 1912 964 1958 se
988 1892 1087 1960 fuisse
1111 1898 1144 1957 et
1167 1910 1238 1956 esse
1261 1893 1352 1971 bene,
1369 1895 1453 1958 iuste
1469 1899 1502 1958 et
1521 1893 1662 1977 legitime
1685 1911 1743 1975 per
1766 1890 1921 1955 illustrem
1945 1891 2121 1975 principem

613 1997 774 2062 dominum
796 2015 904 2079 regem
926 1997 1066 2074 Boemie
1089 2001 1165 2060 tunc
1188 1997 1455 2064 locumtenentem
1479 1998 1510 2061 in
1533 1998 1681 2078 partibus
1700 1995 1858 2061 Vasconie
1881 1995 2003 2059 domini
2022 1997 2120 2059 nostri

613 2101 809 2166 Francorum
829 2101 925 2182 regis
950 2101 991 2164 ad
1015 2101 1136 2164 iuratos
1159 2104 1192 2164 et
1215 2100 1415 2165 consiliarios
1438 2107 1471 2166 et
1494 2120 1601 2166 eorum
1625 2099 1732 2165 officia
1754 2099 1922 2165 restitutos
1949 2147 2120 2165 .......

613 2206 728 2270 Actum
750 2205 813 2271 fuit
834 2204 894 2268 hoc
917 2205 951 2269 in
973 2203 1057 2268 dicto
1081 2203 1174 2268 choro
1199 2204 1334 2270 ecclesie
1357 2204 1551 2270 cathedralis
1574 2205 1762 2270 vasatensis
1778 2203 1830 2268 die
1846 2203 1988 2267 secunda
2003 2204 2120 2267 mensis

612 2309 712 2388 lunii,
737 2326 819 2372 anno
843 2307 960 2371 ‹loruim
984 2306 1151 2371 millesimo
1174 2309 1398 2372 trecentesimo
1422 2308 1664 2389 quadragesimo
1706 2355 2118 2376 ...............

718 2516 757 2580 D.
781 2516 866 2598 apud
889 2514 1132 2593 Villamnouam,
1157 2515 1194 2578 Α.
1219 2515 1260 2594 d,
1284 2515 1342 2580 XV
1366 2515 1430 2580 kal.
1454 2516 1591 2599 Augusti
1615 2535 1643 2580 a.
1668 2514 1816 2580 secundo.

720 2703 866 2758 Clementis
889 2703 926 2757 Vl
945 2705 968 2755 Α
988 2703 1043 2773 Illo
1063 2703 1118 2770 (lt)
1138 2703 1156 2759 l.
1175 2707 1287 2756 84—85'
1308 2711 1335 2757 et
1359 2705 1410 2770 86',
1436 2703 1469 2756 dc
1494 2702 1614 2769 indultis,
1639 2704 1790 2771 privilegiis
1815 2710 1842 2756 et
1867 2703 2118 2772 dispensationibus

615 2806 660 2860 qur.
681 2796 706 2844 2.
724 2791 755 2843 ln
774 2790 805 2843 V.
829 2796 877 2843 159
895 2789 956 2843 loco
976 2789 1068 2842 debito
1088 2806 1142 2841 non
1161 2795 1269 2858 poterat
1288 2789 1411 2843 inveniri.

614 3307 706 3374 226.
730 3305 894 3371 conatum
917 3305 954 3369 de
977 3307 1126 3372 Budweis
1146 3311 1176 3369 ct
1193 3307 1306 3370 Petras
1323 3306 1360 3369 de
1378 3307 1537 3371 Dionnnto
1551 3306 1744 3390 supplicant,
1760 3311 1915 3389 quatenus
1929 3308 1975 3371 eis
1991 3306 2118 3372 licerrtr'a

690 3411 877 3475 concedatur
900 3410 1108 3494 Sepulchrum
1135 3411 1333 3476 Domiur'cuur
1356 3415 1386 3472 et
1408 3411 1475 3475 alio
1498 3410 1568 3475 loca
1594 3413 1711 3476 Terrae
1733 3411 1870 3476 *sannae
1891 3410 2055 3475 nudandi.

1420 3585 1516 3669 Apud
1547 3584 1894 3661 Villonruovum,1343
1917 3583 2002 3652 Julo'
2023 3587 2076 3650 25.

637 3774 640 3778 ’
719 3762 907 3845 supplicant
938 3761 968 3825 S.
992 3760 1029 3825 V.
1055 3759 1215 3825 Corradus
1249 3760 1384 3840 Nicolay
1416 3759 1455 3823 de
1485 3760 1643 3840 Budwoys
1673 3764 1707 3824 et
1737 3761 1852 3826 Petrus
1882 3759 1921 3823 de
1951 3759 2119 3839 Dionanta

618 3866 761 3931 canonici
792 3865 929 3929 ecclesie
952 3864 1054 3929 sancti
1085 3864 1229 3944 Dyonisii
1253 3863 1450 3941 Leodiensis,
1474 3869 1642 3944 quaterna,
1666 3882 1736 3928 cum
1759 3864 1821 3945 ipsi
1844 3881 1883 3927 ex
1906 3881 2006 3928 causa
2028 3864 2119 3929 dero·

615 3969 715 4033 rionis
731 3987 801 4033 cum
814 3968 938 4033 duobus
954 3966 1175 4045 familiaribus,
1188 3985 1267 4047 quos
1283 3967 1400 4030 adhoc
1416 3966 1603 4049 elegerint·)
1623 3974 1655 4032 et
1680 3967 1921 4045 nominaverint,
1941 3967 2121 4050 sepulcrum

583 4114 586 4119 -
614 4072 804 4137 ‹lerninicum
827 4078 860 4136 rt
883 4074 947 4136 alia
970 4072 1040 4135 loca
1062 4071 1160 4136 Terre
1183 4072 1299 4136 Sancte
1316 4071 1508 4151 inpartibus
1531 4071 1749 4135 ultramarinis
1774 4071 1905 4135 visitare
1928 4069 2120 4148 desiderent,

615 4174 785 4258 dignemini
809 4177 856 4240 cis
879 4176 1045 4241 licenciam
1068 4176 1222 4256 impertiri
1246 4176 1337 4239 iuxta
1360 4174 1492 4240 formam
1515 4177 1547 4239 in
1569 4175 1689 4240 talibus
1713 4180 1905 4239 consuetam.

719 4280 792 4345 Fiat
826 4298 924 4343 causa
958 4279 1139 4344 devocionis
1173 4285 1205 4343 et
1239 4281 1511 4361 peregrinaciouis
1545 4279 1711 4343 dumtaxat
1741 4278 1775 4342 R.
1823 4280 1867 4343 Et
1896 4298 1926 4361 q.
1949 4284 1972 4343 t.
1998 4297 2022 4344 s,
2049 4299 2077 4345 a.
2101 4279 2120 4343 l.

616 4384 689 4447 liat
711 4383 748 4448 R.
762 4384 784 4465 ¹)
823 4383 860 4447 D.
886 4383 970 4465 apud
994 4383 1239 4460 villambonam,
1262 4383 1300 4446 Α.
1325 4382 1366 4461 d.,
1390 4383 1469 4449 Vlll
1493 4383 1556 4447 kal.
1582 4384 1719 4464 Augusti
1742 4402 1770 4446 a.
1795 4383 1943 4449 secundo.

720 4572 869 4626 Clementis
889 4572 924 4625 Vl
942 4571 960 4625 S
978 4572 1034 4641 nra
1053 4573 1092 4640 (a)
1116 4571 1134 4624 l.
1156 4576 1213 4624 luo.
1233 4599 1265 4607 —
1293 4572 1315 4637 ι)
1335 4569 1480 4640 ‚eligerint‘
1499 4570 1524 4623 S.
1546 4601 1570 4609 -
1588 4573 1608 4637 ¹)
1628 4571 1738 4625 litterae
1756 4571 1826 4625 istae
1843 4584 1897 4623 non
1911 4576 2122 4641 suntrepertae.

615 5089 708 5155 227.
730 5086 905 5162 Jooaunes,
928 5106 985 5150 reu
1007 5085 1187 5161 Bobeuu'ae,
1206 5084 1378 5168 supplicat,
1394 5090 1548 5168 quatenus
1565 5106 1634 5149 cana
1651 5085 1788 5149 Hearico
1803 5082 1961 5166 quondum
1976 5080 2123 5149 Heualinr‘

988 5190 1026 5254 de
1048 5191 1132 5274 Lipa
1155 5210 1252 5273 saper
1274 5189 1401 5269 defectu
1423 5190 1539 5255 aetatis
1561 5189 1767 5274 dispensetur.

1387 5361 1485 5446 Apud
1515 5362 1753 5437 terraneolam,
1777 5363 1862 5427 1343
1886 5360 2026 5444 nunu
2047 5364 2078 5429 a.

720 5539 887 5621 Supplicat
910 5538 940 5603 S.
964 5538 1002 5603 V.
1027 5538 1251 5602 devotissimus
1274 5537 1295 5601 f.
1321 5557 1348 5602 v.
1373 5535 1546 5615 iohannes
1571 5555 1625 5601 rex
1653 5538 1792 5616 boemie,
1816 5540 1975 5617 quatenns
2005 5536 2067 5601 sibi
2088 5535 2118 5600 in

616 5660 783 5724 personam
807 5641 1007 5706 dilectissimi
1032 5642 1080 5706 sui
1105 5640 1245 5719 Hernici,
1271 5643 1412 5705 cairouici
1437 5642 1617 5723 l‘ragcnsis
1642 5643 1708 5705 uati
1732 5641 1888 5722 qucrndam
1912 5639 2058 5705 Henslini
2082 5638 2118 5702 de

613 5746 704 5828 Lipa
737 5748 864 5811 baronis
894 5747 983 5826 regnu
1016 5746 1156 5823 ltoemie,
1187 5744 1359 5826 specialem
1390 5745 1528 5827 greciam
1559 5745 1724 5822 facientes,
1756 5740 1860 5826 super
1875 5741 2002 5810 ‹lefectu
2026 5743 2117 5809 etatis
