5184 7050
547 835 608 899 702

547 1042 711 1121 Clementi,
736 1042 831 1123 digna
855 1040 906 1104 dei
930 1040 1133 1122 providencia
1155 1044 1358 1105 sacrosancte
1374 1040 1513 1105 Romane
1529 1047 1562 1104 et
1578 1040 1768 1105 universalis
1784 1040 1921 1103 ecclesie
1937 1058 2054 1104 summo

545 1146 696 1230 pontifici,
721 1145 888 1225 hruestus,
912 1145 1180 1227 archiepiscopus,
1208 1145 1450 1229 Praedwegyus,
1484 1144 1631 1223 decenne,
1664 1144 1825 1223 Sdeslaus,
1858 1145 2055 1223 scolasticus,

546 1257 580 1318 et
602 1250 775 1333 capitulum
798 1250 933 1316 ecclesie
953 1251 1124 1332 Pragensis
1149 1251 1265 1332 pedum
1293 1250 1402 1315 oscula
1419 1250 1591 1314 beatorum.
1617 1250 1744 1314 Dudum
1760 1249 1791 1316 S.
1807 1248 1846 1315 V.
1863 1251 2055 1332 Pragensem

544 1356 712 1421 ecclesiam
734 1356 766 1419 in
789 1354 1093 1436 archiepiscopalem
1116 1361 1150 1420 et
1172 1355 1400 1420 monasterium
1424 1353 1690 1419 Luchomuslense
1713 1356 1936 1420 canonicorum
1969 1374 2058 1437 regu·

544 1461 658 1526 larium
681 1460 801 1524 ordinis
824 1460 1127 1525 Premonstratensis
1150 1461 1182 1524 in
1206 1459 1376 1524 ecclesiam
1400 1460 1617 1524 cathedralem
1640 1459 1790 1542 erigendo
1816 1460 1968 1542 providit,
1992 1464 2054 1523 sta·

546 1565 608 1631 tuit
631 1571 663 1629 et
686 1565 827 1629 decrevit
849 1565 953 1629 eidem
976 1565 1113 1629 ecclesie
1136 1570 1169 1629 et
1192 1565 1392 1646 episcopatui
1422 1583 1480 1646 pro
1511 1566 1630 1629 diocesi
1662 1564 1925 1629 Luchomuslensi
1957 1570 2058 1629 certas

546 1676 653 1752 partes
676 1669 753 1735 cleri
776 1673 809 1733 et
832 1670 1049 1748 ecclesiarum,
1075 1668 1145 1751 plus
1168 1669 1272 1733 eidem
1296 1669 1432 1734 ecclesie
1456 1670 1685 1748 adiacencium,
1711 1671 1750 1735 de
1766 1670 1919 1753 Pragensi
1936 1674 1970 1734 et
1986 1669 2058 1735 Olo

548 1775 691 1841 mucensi
714 1774 894 1839 diocesibus
918 1773 1125 1856 deputandae,
1150 1774 1189 1837 de
1212 1774 1328 1855 quibus
1351 1793 1409 1856 ego
1433 1779 1465 1839 et
1488 1773 1660 1855 capitulum
1683 1774 1818 1840 ecclesie
1833 1794 1905 1840 mee
1920 1794 1958 1841 ac
1974 1793 2059 1839 rere

545 1879 663 1944 rendus
697 1883 790 1962 pater
824 1884 856 1942 et
891 1878 1035 1943 dominus
1069 1878 1241 1956 lohannes,
1277 1880 1455 1961 episcopus,
1491 1886 1524 1944 et
1555 1880 1729 1959 capitulum
1754 1879 1967 1944 Olomncense
1990 1898 2058 1944 cum

545 1983 719 2048 reverendo
742 1988 834 2064 patre
859 1983 983 2047 domiuo
1007 1982 1161 2062 Johaune,
1186 1984 1346 2065 episcopo,
1371 1989 1404 2047 et
1434 1984 1576 2065 capitulo
1608 1983 1872 2049 Luchomuslensi
1906 1983 2058 2048 hacteuus

546 2088 746 2171 nequivimus
770 2088 970 2153 concordare.
994 2088 1086 2153 Nunc
1109 2093 1216 2153 autem
1241 2090 1474 2154 interueniente
1494 2090 1696 2154 serenissimo
1712 2089 1856 2171 principe
1872 2093 1907 2153 et
1924 2089 2058 2165 domino,

548 2193 672 2258 domiuo
689 2193 818 2272 Karolo,
836 2193 1047 2257 Romanorum
1064 2198 1097 2257 et
1112 2194 1241 2258 Boemie
1256 2212 1343 2276 rege,
1361 2194 1535 2259 concordes
1554 2193 1667 2273 effecti,
1691 2194 1722 2260 S.
1745 2193 1783 2258 V,
1808 2212 1870 2258 una
1895 2213 1966 2258 cum
1991 2213 2059 2275 pre-

548 2299 641 2363 dictis
665 2299 799 2363 dominis
823 2299 981 2380 episcopis
1005 2303 1037 2361 et
1060 2299 1209 2380 capitulis
1233 2300 1390 2365 instanter
1414 2304 1446 2364 et
1469 2300 1631 2363 humiliter
1654 2299 1880 2381 supplicamus
1903 2304 2059 2380 quatenus

549 2402 633 2467 dicte
649 2403 784 2467 ecclesie
797 2402 1055 2468 Luchomuslensi
1072 2422 1128 2484 pro
1142 2403 1260 2467 diocesi
1276 2404 1490 2486 subscriptum
1508 2404 1626 2468 clerum
1644 2409 1676 2467 et
1693 2404 1852 2485 populum,
1865 2404 2056 2468 monasteria

548 2512 582 2572 et
604 2507 819 2588 parrochiales
843 2506 1006 2584 ecclesias,
1031 2525 1100 2570 cum
1124 2506 1281 2570 universis
1305 2527 1413 2574 eorum
1437 2511 1559 2573 iuribus
1583 2515 1615 2573 et
1639 2510 1854 2590 pertinenciis,
1875 2510 1907 2573 in
1924 2514 2058 2591 quatuor

551 2611 764 2694 infrascriptis
798 2611 1004 2676 decanatibus
1039 2611 1314 2678 archidiaconatus
1348 2614 1562 2691 Gradicensis,
1597 2633 1667 2679 mee
1704 2613 1874 2695 Pragensis
1913 2612 2058 2690 diocesis,

551 2717 751 2794 constitutas,
776 2716 912 2781 situatas
935 2721 1032 2797 atque
1054 2718 1142 2794 sitas,
1167 2718 1314 2796 limitare,
1339 2720 1542 2798 incorporare
1567 2719 1800 2800 imperpetuum
1824 2718 1997 2799 dignemini
2027 2722 2058 2782 et

552 2821 652 2897 unire,
686 2821 851 2885 videlicet:
891 2821 923 2883 iu
958 2821 1112 2885 decanatu
1147 2821 1379 2901 Chruduneusi,
1415 2823 1491 2886 dicti
1530 2822 1804 2887 archidiaconatus
1841 2822 2056 2899 Gradicensis,

552 2927 778 2991 monasterium
794 2922 821 3007 ⁸¹)
846 2925 877 2988 in
893 2925 1121 3001 Podalaschitz,
1139 2927 1284 2990 abbatem
1302 2931 1335 2991 et
1350 2931 1536 2992 coniventem
1554 2928 1664 3009 viginti
1681 2945 1888 3008 personarum
1904 2927 2058 3002 obtinens,

548 3030 671 3096 ordinis
705 3030 804 3094 sancti
827 3029 1005 3108 Benedicti,
1030 3034 1062 3093 et
1086 3031 1311 3094 monasterium
1335 3032 1367 3096 in
1391 3031 1568 3110 Caeaarntz,
1594 3032 1787 3095 abbatissam
1812 3035 1844 3094 et
1870 3037 2058 3095 conventum

551 3135 661 3198 decem
684 3150 890 3215 personarum
915 3133 1069 3209 obtinens,
1094 3134 1214 3198 ordinis
1246 3133 1487 3216 Cystercicnsis,
1518 3142 1551 3201 et
1574 3137 1799 3200 monasterium
1824 3134 2058 3200 cruciferorum

554 3238 585 3303 in
609 3237 789 3303 Purdawitz
814 3237 853 3301 de
875 3237 1057 3320 penitencia
1079 3239 1119 3303 ad
1136 3238 1269 3304 Sanctos
1285 3240 1437 3304 Mentires
1454 3246 1487 3304 et
1502 3241 1533 3304 in
1550 3242 1665 3323 oppido
1683 3240 1834 3305 Chrudun
1850 3239 2058 3320 parrochialis

555 3343 692 3407 ecclesia
707 3347 740 3407 et
756 3341 868 3407 domus
887 3341 1020 3407 fratrum
1037 3343 1276 3408 Predicatornm
1292 3344 1373 3407 etin
1389 3344 1549 3409 suburbiis
1568 3345 1711 3409 eiusdem
1728 3345 1836 3426 oppidi
1853 3342 2058 3426 parrochialis

550 3448 686 3512 ecclesia
709 3452 819 3511 sancte
843 3446 956 3511 Crucis
980 3453 1012 3511 et
1036 3447 1236 3530 infrascripta
1261 3448 1475 3530 parrochiales
1499 3450 1634 3513 ecclesie
1657 3456 1690 3513 et
1713 3450 1745 3513 in
1768 3450 1880 3513 eodem
1905 3449 2058 3513 decanatu

550 3553 686 3619 situata:
714 3554 815 3618 sancti
839 3552 939 3617 Marci
963 3553 1143 3632 Roslawitu,
1167 3552 1284 3631 dolata,
1309 3555 1502 3638 LepyowitZ,
1527 3556 1745 3637 Tryebussicz,
1770 3554 1956 3630 Ghlnmech,
1979 3572 2058 3617 nora

553 3657 665 3722 civitas
696 3658 879 3723 Porduwicn
915 3658 1030 3722 ibidem
1066 3678 1135 3722 cum
1170 3658 1258 3723 liliali
1281 3659 1463 3736 Tanchaad
1487 3658 1676 3735 Hostowica,
1703 3658 1891 3736 Cneranuta
1918 3660 2057 3735 Dassica

550 3762 722 3841 Morawan,
746 3763 916 3843 Slepoticz,
942 3762 1143 3839 Crostowica
1168 3763 1297 3844 Tyneta,
1324 3764 1528 3842 Ywanowicn,
1552 3765 1742 3844 Troyawicz,
1769 3762 1894 3840 Sestoh,
1921 3763 2055 3845 Caphcz.

549 3867 708 3945 Honrricr,
732 3867 872 3944 Rossira,
898 3868 1061 3932 Podlasicn
1086 3887 1156 3930 cum
1180 3868 1266 3931 liliali
1292 3869 1465 3947 (llrrasticr,
1499 3869 1672 3943 Costclecr,
1707 3868 1857 3944 Celetaw,
1891 3867 2056 3947 Campnicr

548 3990 618 4035 cum
642 3971 731 4035 filiali
755 3973 794 4035 ad
819 3978 961 4035 sanctum
985 3974 1160 4049 Nicolaum,
1186 3974 1303 4050 Slassa,
1328 3973 1456 4054 Woyrh,
1485 3975 1666 4052 Byoterrau,
1700 3973 1809 4051 Spera,
1842 3973 2055 4047 Sunnenbcrh,

549 4076 668 4155 Slatyu,
694 4077 867 4159 Snyclnicn,
892 4078 1092 4160 Lyeyborita,
1117 4079 1285 4157 Bopanorr,
1313 4079 1458 4161 Corripis,
1484 4078 1675 4154 Chirhatow,
1700 4077 1906 4152 Pochowrad,
1940 4078 2056 4153 Stolan,

551 4180 752 4254 Moraschitu,
778 4181 895 4258 (hostel,
921 4182 1134 4258 Hermaustat,
1160 4183 1288 4263 Mytow,
1314 4183 1534 4261 Hostalon'ica,
1559 4184 1705 4264 Scoyecr,
1729 4184 1866 4264 Straton,
1892 4189 1924 4246 et
1953 4185 1983 4247 iu
2008 4185 2056 4247 de·

554 4289 667 4348 cauata
702 4285 841 4349 liutensi
879 4288 908 4349 in
944 4287 1058 4367 oppido
1094 4288 1255 4351 hltarnnta
1290 4288 1497 4367 parrochialis
1528 4289 1663 4352 ecclesia
1688 4307 1756 4349 com
1781 4287 1868 4350 liliali
1893 4295 1926 4351 et
1951 4290 2055 4352 doum

553 4389 686 4452 fratrum
710 4390 868 4453 hliuorum
904 4397 936 4453 et
971 4391 1173 4471 infrascripto
1208 4392 1421 4471 parrochiales
1453 4392 1587 4455 ecclesie
1611 4410 1668 4473 per
1691 4392 1826 4455 eundem
1851 4392 2054 4457 ‹locerauatunm

552 4493 768 4569 Wratislauia,
794 4493 944 4569 Radhost,
969 4495 1148 4571 Huhersch,
1182 4496 1347 4577 Platynitn,
1381 4497 1547 4576 llryedira,
1584 4497 1712 4579 Hclyra,
1748 4496 1858 4559 [lobna
1893 4517 1964 4559 cum
1988 4498 2055 4571 lilia,

550 4597 708 4680 Hostetyu
744 4617 812 4660 curn
849 4597 912 4661 iilia
948 4599 1116 4679 Sampricr,
1153 4599 1300 4676 Polotita,
1334 4600 1504 4668 Subnrersa
1541 4601 1675 4664 ccclesia
1706 4601 1900 4676 Hcrmauita,
1934 4600 2055 4674 Helota,

551 4702 704 4782 Sluprritr,
729 4703 926 4778 Brestoa'itr,
952 4701 1174 4778 hlladoschom
1199 4705 1354 4784 limyrae,
1373 4705 1525 4785 llutaepn,
1544 4705 1670 4777 blatan,
1689 4705 1881 4780 Kirrrhori'itr,
1901 4706 2055 4777 Boridom,

552 4808 729 4883 Borschicz,
761 4807 905 4888 Srcpnik,
940 4807 1084 4873 Pharaia.
1118 4808 1232 4871 lineum
1267 4810 1421 4889 superior,
1457 4811 1572 4873 therua
1604 4809 1883 4884 inl'er·io1·,Laran,
1909 4810 2056 4892 lllynsrh,

550 4910 649 4986 Rana,
677 4913 788 4975 banca,
813 4912 1018 4992 Scaepanos,
1041 4913 1210 4988 Jorroaica,
1246 4915 1355 4989 linitas,
1390 4913 1555 4989 llhrlalicr,
1587 4914 1813 4989 lcrrsclanrica,
1846 4915 2055 4987 (lamonitaka,

552 5014 737 5092 Sirratnuia,
770 5021 802 5079 ct
835 5017 865 5079 in
897 5015 1052 5079 ‹lecrrrrath
1085 5017 1240 5079 Policunsi
1267 5018 1296 5078 iu
1322 5017 1437 5097 oppido
1463 5019 1613 5100 l‘olytrha
1639 5019 1846 5099 parrochialis
1871 5020 2008 5083 ecclesia
2030 5025 2056 5079 cl

553 5119 732 5199 subscripto
756 5120 889 5183 ecclesie
914 5120 1054 5184 ciusdem
1080 5121 1270 5184 decanatus:
1307 5122 1492 5185 Strnrnnsna
1528 5141 1596 5185 rrum
1621 5122 1686 5184 lilia
1711 5123 1898 5200 liataualliS,
1925 5123 2055 5206 Vygcsd,

552 5223 730 5301 (lircowica,
756 5225 956 5289 Lutherbach
981 5244 1050 5288 cunr
1075 5224 1138 5288 lilia
1171 5227 1311 5301 Strinitz,
1345 5225 1556 5290 hblratisuilla
1588 5246 1655 5289 cum
1688 5226 1752 5289 lilia
1783 5227 2054 5299 Tlreodoriciuilla,

552 5327 779 5407 Cuncrendorl',
805 5329 929 5411 Bystrcl
955 5349 1024 5392 cum
1048 5328 1111 5393 lilia
1136 5331 1282 5412 Tyrpiua,
1308 5330 1523 5407 Pulclrcrfons,
1549 5331 1714 5408 Choronia,
1741 5332 1945 5408 hioraschitz,
1967 5332 2052 5395 laris·

552 5432 632 5508 dori,
657 5433 826 5514 Kirlsprun
851 5454 921 5497 crun
945 5433 1007 5497 filia
1032 5434 1063 5496 in
1088 5434 1279 5513 Bluruenoa,
1305 5436 1515 5503 lcrrubeudorf,
1541 5437 1672 5515 llarryna
1697 5455 1765 5499 cum
1801 5436 1866 5499 tilia
1901 5436 2054 5505 Roluoarm,

554 5537 766 5614 hlbcrtinilla,
785 5546 816 5602 et
833 5540 864 5601 in
885 5539 1038 5602 clccanatu
1056 5539 1302 5604 lantscroncusi
1320 5541 1350 5602 irr
1367 5539 1482 5620 oppido
1499 5541 1674 5603 latrrtscron
1690 5539 1900 5621 parrochialis
1928 5541 2055 5604 ecclesia

551 5649 580 5705 et
599 5643 778 5722 subscripta·
795 5642 1010 5722 parrochiales
1026 5644 1159 5707 ecclesie
1177 5645 1318 5707 riualem
1336 5644 1525 5706 ‹lecruratusz
1543 5644 1703 5721 Tribocis,
1722 5644 1893 5722 lnrrlrouia,
1916 5645 2051 5709 'Palaisk-

553 5747 631 5823 ‹hu-s,
657 5747 879 5828 liunygswcld,
897 5747 1079 5823 'l'ribon'ica
1097 5748 1241 5824 Ititorria,
1260 5747 1519 5824 ll'illrelrnsncrd,
1538 5749 1710 5828 linapdorl',
1731 5749 1884 5826 liilrental,
1904 5751 2052 5813 l‘uutrcn·
