5184 7050
1923 851 1987 916 42¹1

483 1060 509 1113 ia
533 1057 711 1132 episcopum
736 1064 765 1116 ct
784 1064 956 1133 pastorem,
979 1079 1086 1116 eurota
1110 1065 1137 1116 ct
1161 1059 1474 1116 autmintatrociooem
1498 1061 1598 1132 ipsius
1621 1060 1741 1116 ecclesie
1764 1062 1827 1119 riht
1855 1063 1887 1116 iu
1918 1063 1984 1134 opi·

478 1163 640 1220 ritualibus
675 1168 703 1219 et
737 1166 958 1237 temporalibus
991 1164 1252 1237 comortilteudo“;
1281 1182 1361 1236 pars
1394 1166 1509 1219 omissa
1544 1167 1576 1218 ut
1611 1165 1644 1217 in
1679 1183 1762 1225 outo.
1796 1156 1886 1245 474}
1932 1159 1979 1223 Ac

479 1262 706 1345 subsequenter
738 1262 892 1342 volentes,
922 1269 958 1328 ut
988 1264 1090 1328 cidem
1121 1263 1258 1327 ecclesie
1283 1261 1540 1327 Lutbomuslensi
1563 1267 1650 1326 certa
1681 1264 1786 1343 pars⁰)
1819 1264 1858 1328 de
1891 1263 1985 1328 dictis

479 1363 677 1432 Olomucensi
694 1373 728 1431 et
745 1367 895 1449 ngensi
912 1368 1101 1445 diocesihus,
1133 1367 1281 1432 adiacens
1312 1366 1415 1431 eidem
1447 1365 1582 1430 ecclesie
1605 1366 1872 1445 Lnthomuslensi,
1897 1367 1985 1431 iuxta

477 1470 684 1536 intencionem
706 1478 847 1537 nostram
870 1472 1051 1537 huiusmodi
1085 1472 1301 1553 assignaretur
1329 1470 1459 1535 realiter
1491 1472 1586 1535 certis
1609 1469 1723 1536 finibus
1747 1470 1979 1553 distinguenda,

476 1574 540 1651 tibi,
563 1573 610 1639 fili
633 1576 732 1641 abhas
754 1578 939 1641 monasterii
970 1577 1229 1653 Breunouiensis‚
1260 1580 1292 1640 et
1324 1575 1375 1639 dd.
1400 1574 1430 1640 li.
1456 1626 1463 1640 .
1488 1624 1495 1638 .
1519 1575 1626 1639 abbati
1648 1576 1833 1640 monasterii
1857 1576 1888 1639 in
1911 1577 1983 1655 Zar,

477 1678 643 1760 Pragensis
673 1680 820 1759 diocesis,
853 1700 891 1746 ac
914 1732 953 1745 ..
986 1682 1105 1746 decano
1135 1679 1271 1746 ecclesie
1306 1679 1537 1756 Olomucensis,
1573 1681 1612 1744 de
1647 1698 1779 1761 quorum
1814 1680 1982 1760 probitatis

477 1781 631 1849 industria
661 1784 832 1866 specialem
864 1786 895 1849 in
925 1786 1050 1850 domino
1080 1783 1228 1849 fiduciam
1261 1785 1459 1866 gerebamus
1493 1803 1551 1865 per
1588 1783 1667 1848 alias
1701 1789 1825 1849 nostras
1860 1783 1983 1849 litteras

476 1887 686 1953 commisimus
709 1894 742 1953 et
765 1889 909 1954 dedimus
932 1891 964 1954 in
986 1890 1153 1967 mandatis,
1184 1893 1220 1953 ut
1250 1893 1286 1952 tu
1318 1894 1350 1952 et
1382 1888 1442 1969 ipsi
1474 1887 1523 1951 vel
1555 1887 1616 1952 duo
1649 1894 1788 1952 vestrum
1811 1889 1851 1953 ad
1874 1894 1983 1973 peltes

477 1989 543 2054 illas
566 1991 693 2057 sublato
716 1993 883 2059 dilationis
905 1994 1067 2059 obstaculo
1091 1993 1301 2076 personaliter
1324 1992 1523 2071 aecedentes,
1547 1993 1668 2056 vocatis
1692 1994 1980 2076 ..archiepiscopo

476 2101 536 2158 et.
560 2147 569 2160 .
593 2096 798 2163 Olomutensi
821 2117 858 2163 ac
882 2150 889 2163 .
915 2148 921 2161 .
946 2098 1204 2163 Luthomuslensi
1228 2097 1397 2180 episcopis,
1420 2101 1495 2161 tunc
1520 2096 1631 2174 electo,
1660 2096 1813 2179 predictis
1838 2117 1875 2163 at
1898 2100 1984 2181 capi·

475 2198 548 2264 tulis
571 2200 714 2282 ipsarum
737 2202 943 2268 ecclesiarum
966 2207 999 2267 et
1020 2203 1102 2282 aliis,
1134 2203 1188 2284 qui
1219 2201 1374 2266 evocandi
1405 2207 1520 2279 essent,
1549 2200 1588 2264 de
1611 2202 1758 2283 predicta
1781 2208 1868 2268 terta
1891 2207 1982 2285 parte

476 2322 511 2367 ex
542 2303 637 2369 dictis
668 2305 872 2372 Olomutensi
904 2312 936 2371 et
965 2308 1116 2389 Pragensi
1147 2306 1326 2371 diocesibns
1357 2304 1614 2369 Luthomuslensi
1645 2305 1780 2370 ecclesie
1815 2306 1982 2372 adiacente

475 2409 569 2473 tertis
591 2407 710 2475 finibus
743 2416 779 2476 ut
808 2413 1003 2493 premittitur
1036 2411 1259 2493 distinguenda
1293 2415 1326 2474 et
1356 2409 1459 2473 eidem
1490 2408 1624 2474 ecclesie
1658 2410 1759 2474 eciam
1792 2411 1981 2493 assignanda

475 2531 594 2579 necnon
617 2514 658 2579 de
680 2516 834 2596 eeclesiis,
858 2517 1075 2601 dignitatibus,
1100 2515 1325 2598 personatibus
1348 2519 1382 2578 et
1404 2513 1517 2578 oiliciis
1540 2533 1577 2578 ac
1599 2513 1671 2578 aliis
1693 2512 1857 2579 beneficiis
1880 2514 1982 2579 eccle·

476 2618 622 2696 siasticis,
657 2639 719 2703 qne
753 2621 785 2685 in
818 2627 910 2704 parte
945 2622 1089 2705 predicta
1123 2620 1226 2685 eidem
1260 2618 1397 2683 ecclesie
1430 2617 1686 2684 Lutbomuslensi
1721 2624 1756 2683 ut
1790 2619 1984 2700 premittitur

476 2723 666 2805 assignanda
689 2726 874 2805 consistunt,
891 2745 928 2791 ac
944 2727 983 2790 de
999 2727 1139 2810 ipsorum
1161 2726 1268 2789 valore
1291 2728 1325 2788 et
1347 2723 1387 2787 de
1410 2723 1660 2788 circumstantiis
1683 2743 1720 2788 at
1742 2722 1813 2788 aliis
1836 2724 1982 2789 omnihus

475 2832 505 2889 et
526 2826 662 2912 singulis
685 2829 851 2909 universis
883 2848 945 2912 que
975 2836 1068 2895 erant
1097 2831 1130 2893 in
1159 2829 1277 2893 talibus
1300 2827 1503 2905 attendenda,
1534 2845 1631 2911 super
1664 2828 1779 2910 quihus
1803 2833 1927 2892 vestras
1949 2833 1983 2894 et

474 2931 644 2997 cuiuslibet
665 2939 807 2998 vestrum
830 2934 1043 2999 conscientias
1078 2933 1286 3010 oneravimus,
1317 2930 1498 3018 omnihus&
1532 2932 1701 3015 diligencia
1723 2937 1756 2997 et
1778 2931 1982 2998 solicitudine

474 3034 634 3115 adhibitis,
667 3054 731 3119 que
760 3054 857 3120 super
886 3036 948 3101 hiis
978 3036 1156 3102 adhibende
1186 3036 1299 3115 forent,
1330 3039 1520 3103 anctoritate
1546 3044 1656 3103 nostra
1680 3056 1738 3103 vos
1762 3037 1975 3102 informaretis

474 3144 504 3203 et
524 3158 575 3219 ea,
598 3158 662 3223 que
685 3159 742 3224 per
764 3141 1020 3206 informationem
1043 3142 1222 3206 huiusmodi
1245 3142 1313 3207 lore
1337 3142 1428 3207 utilia
1450 3146 1483 3206 et
1506 3143 1655 3207 decencia
1678 3161 1733 3224 pro
1757 3141 1976 3225 assignatione

474 3249 503 3306 et
524 3243 735 3310 distinctione
758 3245 936 3311 huiusmodi
967 3245 1123 3311 iaciendis
1154 3246 1349 3328 reperiretis,
1379 3263 1439 3327 per
1468 3246 1711 3310 instrumentum
1741 3245 1902 3327 publicum
1928 3245 1980 3311 vel

473 3345 595 3413 litteras
629 3353 762 3428 vestras,
796 3350 909 3433 sigillis
941 3350 1058 3415 vestris
1091 3352 1237 3428 munitas,
1272 3351 1427 3415 dictarum
1460 3349 1639 3415 litterarum
1662 3356 1840 3416 nostrarum
1863 3350 1978 3415 seriem

474 3453 679 3533 continencia,
703 3453 797 3534 clare,
821 3454 960 3519 dilucide
983 3459 1016 3537 et
1038 3460 1149 3536 aperte
1172 3453 1262 3518 nobis
1293 3459 1327 3518 et
1353 3454 1495 3537 predicte
1518 3454 1587 3519 sedi
1611 3454 1766 3519 curaretis
1790 3453 1979 3538 quantocius

474 3556 610 3623 fideliler
631 3559 789 3639 intimare,
812 3565 848 3624 ut
871 3579 967 3642 super
989 3560 1052 3625 hiis
1075 3565 1163 3625 certa
1178 3566 1211 3625 et
1226 3560 1404 3625 indubitata
1423 3559 1647 3625 inlonnacione
1670 3565 1821 3643 suscepta
1844 3559 1885 3624 ad
1908 3579 1979 3642 pre·

474 3660 589 3727 dietam
611 3670 739 3744 partem
761 3664 864 3729 eidem
887 3666 1021 3731 ecclesie
1045 3665 1303 3731 Lutbomuslensi
1319 3672 1354 3730 ut
1369 3664 1564 3748 premittitur
1586 3664 1807 3747 assignandam
1831 3669 1863 3728 et
1879 3665 1979 3728 eciam

475 3764 728 3850 distinguendam
752 3769 894 3834 consulte
925 3775 959 3834 et
990 3770 1136 3835 celeriter
1166 3770 1393 3851 procederetur
1422 3788 1480 3851 per
1509 3768 1743 3850 providenciam
1774 3769 1858 3833 dicte
1884 3768 1979 3846 sedis,

474 3872 723 3937 contradictores
760 3876 952 3939 auctoritate
989 3879 1098 3939 nostra
1135 3874 1354 3956 appellatione
1389 3873 1566 3956 postposita
1600 3873 1839 3956 compescendo,
1877 3877 1979 3939 testes

473 3976 581 4053 etiam,
598 3977 652 4058 qui
668 3976 773 4043 forent
787 3979 950 4055 nominati,
967 3979 994 4042 si
1010 3997 1045 4043 se
1061 3980 1178 4060 gracia,
1195 3979 1267 4044 ollio
1283 3979 1333 4043 vel
1350 3979 1463 4043 timore
1479 3975 1714 4055 subtraherent,
1733 3996 1789 4060 per
1813 3995 1977 4043 censuram

472 4080 718 4147 ecclesiasticam
748 4083 964 4165 appellatione
995 4084 1171 4166 postposita
1202 4084 1358 4166 cogeretis
1387 4081 1515 4146 veritati
1542 4082 1758 4147 testimonium
1792 4080 1977 4163 perhibere;

471 4203 530 4248 non
552 4186 710 4264 obstante,
725 4187 753 4251 si
767 4186 925 4268 aliquibus
948 4188 1156 4252 communiter
1178 4186 1227 4251 vel
1250 4189 1378 4253 divisim
1393 4207 1412 4251 a
1425 4186 1501 4251 sede
1525 4185 1669 4268 predicta
1692 4190 1778 4250 esset
1808 4185 1973 4267 indultum,

473 4289 554 4370 quod
576 4290 734 4372 interdici,
757 4292 908 4374 suspendi
931 4291 981 4356 vel
1005 4293 1269 4358 excommunicari
1299 4311 1360 4357 non
1391 4296 1522 4373 possent
1545 4309 1602 4372 per
1624 4290 1749 4354 litteras
1773 4290 1975 4372 apostolicas,

472 4410 531 4458 non
554 4393 710 4460 iacientes
733 4395 858 4478 plenam
880 4403 914 4461 et
936 4416 1118 4478 expressam
1134 4417 1171 4463 ac
1186 4398 1226 4461 de
1248 4398 1344 4461 verbo
1369 4396 1562 4461 adverbum
1586 4395 1625 4460 de
1649 4395 1771 4460 indulto
1794 4394 1975 4461 huiusmodi

474 4499 677 4578 mencionem,
700 4505 795 4582 prout
824 4501 857 4564 in
886 4501 1039 4584 predictis
1069 4503 1187 4566 nostris
1210 4502 1326 4567 litteris
1349 4501 1473 4582 plenius
1496 4499 1713 4581 continetur.¹)
1751 4499 1868 4565 Verum
1892 4501 1976 4581 quia,

472 4602 553 4667 sicut
575 4621 677 4686 nuper
699 4604 906 4686 displicenter
928 4606 1119 4687 accepimus
1154 4603 1270 4686 prelati
1301 4605 1400 4669 abbas
1424 4604 1500 4667 dicti
1522 4604 1705 4668 monasterii
1728 4605 1759 4668 in
1782 4604 1845 4668 Zar
1868 4609 1901 4668 et
1922 4604 1977 4668 de·

472 4724 568 4770 canus
592 4707 671 4774 adeo
695 4714 810 4773 extunc
833 4728 871 4788 ex
896 4709 992 4774 certis
1015 4709 1121 4773 causis
1138 4713 1170 4772 et
1185 4709 1419 4790 impedimentis
1443 4708 1600 4790 prepediti
1624 4713 1657 4773 et
1679 4709 1826 4790 occupati
1848 4708 1978 4773 luerunt

471 4816 502 4874 et
524 4810 629 4876 adhuc
651 4812 802 4892 existunt,
832 4813 918 4894 quod
947 4813 1160 4896 predictormn
1184 4814 1366 4878 executioni
1391 4832 1451 4878 non
1474 4817 1648 4894 potnerunt
1677 4812 1843 4877 intendere
1874 4831 1976 4895 neque

472 4920 612 4995 mssunt,
627 4933 686 4980 nos
708 4916 964 4982 desiderabiliter
986 4917 1183 4997 affectantes,
1200 4924 1244 4995 ut,
1261 4937 1323 5000 que
1347 4937 1404 4998 per
1427 4935 1483 4980 nos
1507 4917 1547 4981 ad
1571 4916 1668 4981 divini
1691 4917 1825 4981 nominis
1848 4915 1975 4981 laudern

472 5024 503 5081 et
524 5018 667 5102 gloriam,
691 5021 918 5086 exaltationem
942 5021 1026 5101 fidei,
1050 5023 1148 5087 divini
1179 5023 1283 5088 cultus
1316 5026 1517 5103 sugnentnm
1545 5026 1577 5085 et
1600 5022 1776 5086 animarum
1800 5020 1976 5103 profectum

471 5122 640 5190 salubriter
661 5132 736 5190 sunt
758 5127 895 5208 incepta,
912 5126 1027 5193 ellectu
1050 5126 1169 5191 salubri
1194 5134 1227 5191 et
1246 5127 1341 5190 celeri
1362 5127 1589 5208 compleantur,
1606 5132 1639 5189 et
1654 5130 1819 5208 sperantes
1835 5125 1974 5205 indubie,

471 5228 550 5307 quod
575 5228 641 5308 illa,
665 5248 727 5311 que
748 5231 838 5295 vobis
862 5233 1095 5311 committimus,
1119 5232 1289 5296 studebitis
1314 5229 1426 5295 effectu
1447 5229 1570 5295 solicite
1592 5230 1851 5313 promptitudinis
1871 5236 1903 5295 et
1919 5230 1974 5293 do·

470 5332 606 5398 votionis
628 5335 744 5416 exequi
766 5333 905 5400 fideliter
936 5342 968 5399 et
998 5336 1181 5417 prudenter,
1214 5336 1401 5401 discretioni
1431 5342 1538 5400 vestre
1568 5354 1626 5417 per
1658 5333 1832 5417 apostolica
1856 5335 1976 5417 scripta

475 5439 697 5504 committimus
722 5446 755 5504 et
777 5440 973 5517 mandamus,
1003 5442 1093 5504 vohis
1124 5440 1346 5505 nichilominus
1377 5442 1407 5504 in
1439 5441 1556 5504 virtute
1586 5438 1771 5503 obedientie
1793 5439 1976 5504 districtius

472 5539 679 5625 iniungentes,
714 5551 872 5625 quatenus
905 5563 961 5608 vos
991 5546 1041 5608 vel
1073 5546 1135 5610 duo
1166 5551 1307 5609 vestrum
1337 5543 1376 5607 ad
1408 5551 1516 5626 partus
1549 5542 1619 5606 illas
1650 5542 1774 5607 sulalato
1810 5543 1975 5608 dilationis
2046 5550 2050 5558 '

474 5645 635 5714 obstaculo
669 5649 880 5730 personaliter
913 5650 1110 5727 accedentes,
1146 5650 1338 5712 auctoritate
1369 5654 1486 5725 nostra,
1522 5648 1640 5710 vocatis
1672 5645 1910 5730 archiepiscopo
1941 5653 1975 5712 et

470 5751 625 5835 episcopis
649 5771 688 5816 at
711 5753 849 5834 capitulo
874 5752 1065 5834 supradictis
1089 5759 1121 5816 et
1143 5752 1224 5829 aliis,
1249 5753 1303 5832 qni
1328 5751 1446 5814 fuerint
1468 5751 1631 5829 evocandi,
1663 5771 1760 5832 super
1782 5753 1973 5817 <excecatione
