5184 7050
668 825 734 893 306

667 1031 865 1111 ordinarunt,
895 1031 980 1115 quod
1010 1049 1120 1096 omnes
1149 1031 1273 1113 priores
1303 1036 1338 1096 31
1357 1031 1460 1114 magis
1488 1031 1632 1114 provecti
1653 1048 1805 1114 proceres
1826 1029 1996 1113 hospitalis
2023 1029 2170 1106 eiusdem,

665 1135 699 1202 in
728 1135 851 1203 eisdem
882 1135 1060 1203 cismarinis
1093 1135 1239 1217 partibus
1261 1135 1483 1214 consistentes,
1514 1141 1712 1215 vocarentur,
1746 1140 1783 1200 ut
1812 1135 1914 1217 prima
1944 1133 1998 1202 (113
2028 1134 2171 1200 instantis

665 1240 786 1307 mansis
802 1239 922 1324 Aprilis
931 1240 957 1323 ¹)
980 1239 1066 1323 apud
1084 1238 1251 1306 Arelatum
1273 1257 1346 1304 cum
1368 1239 1416 1305 eis
1439 1239 1652 1322 personaliter
1672 1239 1866 1306 interessent
1886 1239 2068 1318 tractaturi,
2088 1237 2171 1304 audi·

665 1345 742 1426 turi,
764 1345 880 1412 tacturi
902 1349 937 1410 et
958 1343 1155 1427 completuri,
1181 1343 1266 1427 quod
1288 1362 1346 1428 pro
1369 1343 1489 1410 honore
1510 1363 1548 1409 ac
1570 1344 1710 1410 utilitate
1732 1345 1810 1410 dicti
1832 1343 2002 1428 hospitalis
2025 1349 2060 1408 et
2081 1361 2170 1425 nego

666 1451 788 1517 ciorum
808 1448 991 1516 huiusmodi
1012 1447 1187 1531 expediens
1209 1448 1382 1513 videretur.
1407 1447 1486 1513 Cum
1502 1453 1608 1514 autem
1631 1449 1694 1532 ipsi
1716 1448 1757 1515 de
1778 1450 1898 1515 nostris
1920 1447 2122 1514 consciencie
2142 1452 2170 1511 et

666 1554 867 1638 beneplacito
889 1555 949 1620 tibi
971 1554 1110 1636 dirigant
1131 1554 1216 1618 sicut
1237 1551 1452 1618 intelleximus
1475 1571 1572 1636 super
1593 1552 1654 1619 hoc
1672 1555 1792 1637 scripta
1814 1571 1883 1631 sua,
1906 1551 2099 1618 discrecioni
2121 1556 2168 1616 tue

667 1679 725 1743 per
747 1658 924 1743 apostolica
946 1654 1068 1742 scripta
1090 1658 1209 1723 virtute
1231 1657 1417 1722 obediencie
1447 1657 1628 1723 districcius
1651 1657 1842 1741 iniungendo
1864 1656 2064 1735 mandamns,
2097 1674 2168 1738 qua·

664 1768 759 1829 tenus
781 1763 822 1828 ad
844 1762 929 1828 diem
951 1767 984 1828 31
1006 1762 1109 1828 locum
1138 1761 1299 1844 predictos
1322 1761 1410 1826 iuxta
1432 1766 1575 1827 tenorem
1598 1761 1785 1840 litterarum,
1808 1780 1867 1844 per
1888 1761 2034 1843 prefatos
2056 1759 2167 1825 locum·

664 1873 827 1934 tenentem
856 1873 890 1933 et
919 1867 1101 1933 visitatores
1134 1866 1192 1931 tibi
1225 1883 1323 1948 super
1355 1864 1416 1931 hoc
1446 1865 1649 1945 directarum,
1673 1866 1829 1932 interesse
1863 1864 2079 1948 personaliter
2113 1884 2166 1930 nou

667 1976 852 2056 postponas,
876 1971 923 2037 sic
944 1989 1042 2054 super
1070 1969 1133 2036 biis
1155 1968 1318 2034 humiliter
1341 1975 1375 2035 et
1396 1968 1571 2036 efficaciter
1599 1971 1771 2053 pariturus,
1800 1969 1886 2052 quod
1909 1969 1950 2034 de
1972 1975 2122 2052 prompta
2140 1976 2168 2035 et

667 2076 783 2142 devota
804 2075 991 2142 obediencia
1013 2075 1124 2158 pocius
1148 2073 1358 2140 commendari
1381 2075 1495 2140 merito
1519 2075 1635 2154 valeas,
1667 2095 1760 2157 quam
1783 2074 1823 2139 de
1847 2073 2079 2153 inobedientia,
2113 2093 2167 2156 que

666 2180 836 2265 presertim
858 2180 891 2245 in
913 2180 1073 2262 religiosis
1094 2178 1187 2244 valde
1217 2185 1368 2245 censetur
1397 2180 1596 2260 execrabilis,
1620 2180 1767 2263 redargui
1790 2178 1841 2243 vel
1863 2179 1981 2261 puniri.
2027 2179 2068 2244 1).
2092 2184 2127 2244 31
2145 2198 2166 2245 s.

670 2285 842 2371 [Aninione
864 2284 927 2350 llll
949 2284 1012 2350 kal.
1037 2284 1233 2367 Septembris
1256 2302 1284 2349 a.
1308 2284 1437 2368 quarto]
1446 2284 1481 2366 ²).

770 2391 852 2456 Item
873 2390 907 2455 in
929 2409 958 2456 3.
981 2408 1021 2455 m.
1047 2389 1076 2454 d.
1099 2390 1121 2455 i.
1145 2388 1238 2455 Gallo
1267 2389 1308 2454 (13
1330 2388 1490 2468 Lembert,
1520 2389 1619 2471 priori
1650 2388 1812 2454 domorum
1842 2389 1974 2454 Boemie
2004 2387 2165 2470 hospitalis

666 2496 768 2562 sancti
789 2493 945 2561 iohannis
966 2493 1227 2560 Jerosolimitaui.

769 2683 918 2740 clementis
934 2684 974 2739 Vl
992 2685 1024 2738 V.
1044 2689 1093 2738 133
1118 2682 1355 2752 (secr.a1V)n.
1374 2687 1424 2738 303
1444 2687 1549 2738 31311.
1568 2713 1602 2722 -
1621 2683 1642 2749 ¹)
1663 2687 1729 2737 1313
1747 2681 1852 2752 Aprilis
1872 2687 1895 2735 1.
1933 2681 1954 2749 Ι)
1974 2682 2053 2737 utin
2071 2682 2103 2736 ll.
2123 2687 2164 2736 131

666 2787 740 2828 auru.
760 2777 818 2826 m.

666 3329 760 3398 616.
782 3327 945 3407 Nicotaus,
968 3326 1180 3394 cancellarius
1202 3328 1365 3409 Ladoor'cv',
1386 3329 1470 3410 (3913
1487 3327 1656 3410 Uogarv'oc,
1672 3325 1842 3411 supplicat,
1859 3331 2015 3410 33313333
2029 3327 2163 3397 Jobosm

664 3431 831 3498 Bertltoldv‘
852 3432 890 3497 (13
913 3431 1203 3509 wasconicam
1221 3431 1359 3498 Arnoldc‘
1380 3432 1418 3497 de
1440 3432 1575 3498 Strselce
1596 3436 1627 3497 31
1642 3431 1804 3497 Fridcrv'co
1819 3431 1976 3497 Fridcrv’cr'
1997 3431 2036 3497 de
2056 3433 2164 3497 Viam

1153 3539 1191 3604 de
1213 3539 1306 3603 certia
1326 3538 1444 3620 gratiis
1462 3538 1680 3622 provideatur.

1567 3727 1729 3803 333333,
1751 3731 1838 3793 (313
1862 3728 2125 3811 33333311.

770 3937 937 4021 Supplicat
951 3939 983 4005 S.
1000 3938 1037 4004 V.
1061 3938 1196 4004 devotus
1218 3944 1325 4004 orator
1347 3943 1455 4003 vester
1477 3936 1639 4016 Nicolaus,
1663 3955 1769 4003 comes
1792 3934 1914 4018 capelle
1929 3941 1962 4000 et
1978 3938 2167 4004 secretarius

664 4042 871 4110 cancellarius
894 4042 1091 4108 devotissimi
1114 4043 1134 4107 1.
1153 4063 1181 4107 v.
1198 4043 1316 4108 domini
1340 4043 1502 4122 Lodouici,
1525 4044 1611 4126 regis
1627 4042 1767 4126 Ungarie
1790 4041 1934 4120 illustris,
1958 4040 2034 4107 olim
2050 4044 2166 4108 electus

664 4148 800 4214 ecclesie
824 4147 1007 4213 Coloconsis
1023 4194 2165 4215 ...........................................

767 4358 849 4424 ltem
872 4356 1030 4440 supplicat
1058 4357 1143 4422 idern
1166 4356 1327 4434 Nicolaus,
1358 4360 1516 4437 quatenus
1539 4356 1600 4420 sibi
1623 4356 1758 4420 similem
1788 4356 1926 4438 graciam
1950 4356 2115 4438 faciatis·)
2137 4356 2166 4420 irr

663 4479 831 4544 personam
854 4461 963 4527 dilecti
986 4461 1036 4527 sui
1059 4461 1186 4544 nepotis
1208 4461 1362 4526 Johannis
1385 4459 1550 4524 Bertboldi
1571 4459 1610 4525 (13
1626 4460 1781 4541 Wylkow,
1805 4459 2082 4525 Wratislauiensis
2104 4460 2166 4524 dio

663 4567 756 4644 cesis,
790 4566 830 4630 de
854 4567 1039 4631 canonicatu
1063 4571 1096 4630 31
1119 4565 1281 4648 prebenda
1307 4583 1343 4627 ac
1366 4564 1531 4646 dignitate,
1566 4569 1739 4645 personatu
1771 4582 1828 4627 seu
1858 4562 1963 4629 cilicio
1993 4582 2065 4629 cnm
2095 4583 2213 4630 cura..-

662 4670 713 4736 vel
735 4671 806 4736 3133
829 4690 915 4749 cura,
939 4670 1125 4735 vacantibus
1147 4668 1199 4734 vel
1222 4670 1383 4733 vacaturis
1405 4668 1437 4732 in
1460 4667 1597 4733 ecclesia
1618 4667 1899 4746 Transiluaniensi,
1929 4687 2003 4733 curn
2025 4674 2233 4751 accepta‘·

661 4775 753 4841 cione
775 4780 836 4840 etc.
859 4779 1018 4857 utsupra,
1041 4774 1276 4852 nonobstante,
1300 4772 1384 4855 quod
1403 4772 1487 4837 idem
1501 4772 1665 4837 Johannes
1688 4772 1720 4836 in
1736 4772 1897 4838 Waciensi
1920 4777 1955 4837 et
1974 4772 2218 4848 Posouieusi.

661 4879 890 4962 Strigoniensis
920 4879 1068 4956 diocesis,
1102 4877 1247 4943 ecclesiis
1277 4876 1481 4941 canonicatus
1511 4881 1545 4941 et
1567 4876 1746 4957 prebendas
1776 4876 1918 4942 noscitur
1947 4876 2104 4956 obtinere,
2137 4882 2226 4940 er:

662 5002 734 5049 cnm
756 4983 829 5048 31113
851 5002 914 5049 333
936 4982 1138 5049 obstantibus
1160 4987 1194 5046 et
1215 4980 1368 5046 clausulis
1391 4980 1555 5063 oportunis
1578 4986 1612 5045 et
1635 4980 1859 5045 executoribus
1882 4987 1917 5045 ut
1939 4997 2049 5062 supra.

765 5088 840 5152 Fiat
862 5086 899 5151 R.

765 5194 846 5257 ltern
877 5190 1039 5274 supplicat
1071 5189 1155 5254 idern
1186 5188 1346 5266 Nicolaus,
1381 5193 1538 5269 quatenus
1571 5188 1689 5253 dilecto
1721 5207 1778 5253 suo
1810 5187 1944 5253 Nicolao
1966 5188 2101 5254 Aruoldi
2130 5188 2191 5252 de

661 5296 805 5375 Strelicz,
829 5295 1106 5362 Wratislauiensis
1129 5294 1266 5359 diocesis
1287 5297 1471 5372 memorate,
1499 5310 1592 5375 quern
1616 5293 1647 5358 S.
1670 5293 1708 5356 V.
1732 5298 1876 5374 ternpore
1898 5292 2117 5359 cardinalatus
2138 5294 2184 5357 in

660 5400 810 5467 clericum
838 5405 1006 5483 receperat
1035 5397 1288 5476 commensalem,
1323 5397 1459 5463 similem
1482 5415 1540 5480 per
1562 5397 1666 5462 omnia
1696 5398 1836 5479 graciam
1866 5396 1976 5463 facere
1998 5391 2175 5481 dignemini

659 5510 696 5570 nt
718 5523 816 5587 supra
838 5505 878 5570 de
901 5505 1057 5587 dignitate
1079 5503 1130 5569 vel
1154 5507 1327 5585 personatu
1350 5519 1408 5566 seu
1430 5502 1535 5567 officio
1559 5520 1630 5565 cum
1653 5520 1730 5565 cura
1752 5500 1802 5564 vel
1826 5501 1895 5565 sine
1920 5519 2007 5581 cura,
2038 5507 2169 5567 vacante

659 5609 710 5673 vel
741 5615 891 5674 vacaturo
922 5610 955 5674 in
986 5607 1122 5673 ecclesia
1144 5607 1302 5688 Agriensi,
1338 5624 1409 5669 cum
1439 5606 1662 5687 acceptacioue
1697 5612 1768 5682 etc,
1803 5623 1865 5670 non
1895 5607 2054 5684 obstante,
2089 5601 2162 5687 quod

661 5713 748 5777 dicta
770 5714 807 5777 V.
832 5715 863 5780 S.
887 5714 1012 5796 prefato
1045 5712 1177 5778 b'icolao
1199 5710 1239 5775 de
1263 5710 1449 5776 canonicatu
1481 5710 1541 5774 sub
1571 5710 1798 5790 expectacione
1827 5709 1991 5791 prebende
2022 5715 2158 5776 vacaure
