5184 7050
2441 851 2544 914 90(
2555 857 2570 907 l
3859 846 4037 898 Praha

2568 1080 2628 1134 p.
2676 1078 2832 1119 ecce.
2877 1062 3073 1134 Prag.,
3123 1079 3171 1119 c.
3223 1079 3279 1134 p.
3327 1077 3482 1118 ecce.
3545 1079 3598 1119 s.
3646 1060 3891 1136 Georgii
3944 1058 3949 1105 Ι

2573 1151 2634 1206 in
2682 1153 2877 1208 castro
2922 1149 3095 1221 Prag.
3145 1148 3287 1208 239.
3943 1160 3949 1237 j

2446 1283 2528 1293 -
2579 1251 2920 1311 Hostislaus
2965 1270 3023 1311 n.
3072 1271 3171 1325 qu.
3214 1252 3566 1311 veemilonis
3614 1240 3889 1327 (Wscmi-
3945 1240 3950 1305 ἶ

2568 1336 2748 1415 lonis)
2797 1340 2889 1415 de,
2937 1357 2985 1398 c.
3036 1356 3171 1413 exp.
3220 1359 3276 1415 p.
3314 1356 3468 1400 ecce.
3500 1340 3699 1413 Prag.,
3747 1357 3798 1398 c.
3835 1357 3891 1412 p.

2575 1442 2730 1486 ecce.
2780 1445 2827 1485 a.
2877 1425 3116 1502 Georgii
3163 1428 3221 1485 in
3265 1433 3460 1486 castro
3506 1427 3704 1501 Prag.,
3735 1427 3888 1499 pleb.
3946 1414 3951 1447 ¹

2574 1532 2729 1574 ecce.
2778 1531 2824 1572 s.
2873 1510 3026 1572 Galli
3073 1515 3134 1572 in
3164 1515 3381 1573 Maiori
3432 1513 3686 1574 Civitate
3717 1513 3893 1587 Prag.

2459 1735 2521 1744 —
2577 1704 2608 1763 P
2633 1705 2881 1780 (Plaga),
2929 1706 3238 1764 Ladislaus
3283 1706 3374 1777 de,
3409 1723 3457 1764 c.
3493 1721 3625 1777 exp.
3660 1723 3713 1777 p.
3741 1722 3895 1764 ecce.

2577 1793 2850 1851 Albensis
2939 1791 3379 1866 Transilvanae,
3474 1810 3523 1851 c.
3608 1809 3663 1865 p.
3741 1807 3895 1850 ecce.

2576 1878 3020 1953 strigoniensis,
3070 1896 3119 1938 c.
3172 1896 3301 1952 exp.
3367 1898 3424 1952 p.
3473 1886 3531 1937 et
3577 1878 3732 1953 dign.
3783 1886 3893 1938 etc.

2579 1982 2732 2025 ecce.
2782 1967 3192 2025 waradiensis
3239 1968 3385 2040 518,
3437 1968 3582 2027 586.

2445 2109 2520 2119 —
2580 2078 2925 2138 Civitas:
3021 2081 3165 2146 364,
3243 2080 3391 2152 474,
3472 2080 3619 2153 642,
3707 2079 3893 2151 1052,

2580 2167 2771 2239 1439,
2824 2167 3008 2240 1440,
3059 2162 3567 2241 (metropolitana)
3617 2166 3764 2226 845.
3810 2194 3895 2203 -

2574 2251 2877 2327 ampliatio
2928 2253 3051 2311 eius
3103 2254 3292 2326 1439,
3346 2254 3512 2313 1440
3557 2271 3614 2326 p.
3667 2254 3786 2311 741
3839 2255 3898 2308 et

2578 2342 2722 2398 742.
2757 2371 2838 2379 -
2887 2339 3170 2399 suburbia
3209 2342 3356 2400 650.
3404 2340 3717 2413 praeurbia
3751 2337 3899 2410 368,

2575 2428 2722 2499 374,
2772 2428 2914 2487 375.
2967 2458 3048 2466 -
3096 2425 3320 2484 denarii
3383 2428 3710 2501 Pragenses
3770 2425 3892 2484 367

2575 2531 2632 2586 p.
2683 2515 2828 2573 218.
2874 2543 2961 2554 —
3024 2514 3371 2572 collectores
3435 2528 3698 2571 camerae
3756 2529 3896 2584 apo·
3947 2528 3952 2549 ¹

2577 2599 2843 2675 stolicae,
2910 2600 3123 2674 clerus,
3203 2601 3473 2674 populus,
3536 2601 3779 2674 decima,
3844 2617 3895 2657 v.
3948 2560 3952 2633 ¹

2581 2687 2690 2746 sub
2737 2702 2878 2746 voce
2924 2688 3212 2746 Diocesis.

2665 2791 2966 2867 Domus,
3044 2792 3214 2849 viae
3290 2797 3445 2849 etc.:
3509 2792 3636 2864 agri
3696 2790 3897 2861 hospi·
3950 2792 3953 2797 '

2576 2880 2922 2937 talariorum
2985 2877 3451 2947 (cruciferorum
3510 2894 3639 2936 cum
3699 2873 3895 2952 stella)
3949 2888 3953 2957 ς

2586 2966 2751 3024 1440
2816 2984 2872 3038 p.
2925 2966 3067 3024 743.
3131 2966 3255 3038 agri
3316 2966 3682 3036 leprosorum
3733 2964 3898 3023 1440
3949 3014 3953 3053 Ι

2573 3071 2633 3125 p.
2684 3054 2826 3112 743.
2876 3053 3176 3111 balneum:
3242 3049 3514 3109 Henzlini
3578 3051 3649 3109 de
3705 3048 3897 3108 Pruks
3950 3078 3954 3113 ;

2581 3140 2748 3198 1440
2793 3158 2849 3213 p.
2900 3141 3042 3198 743.
3105 3138 3344 3197 domus:
3408 3137 3658 3212 Kaczca,
3718 3137 3897 3196 vidua
3949 3150 3954 3225 Ι
4012 3142 4078 3151 -

2579 3225 2651 3284 de
2698 3225 3028 3297 MontibuS,
3071 3225 3343 3284 Johlinus
3408 3225 3602 3282 dictus
3653 3224 3895 3297 Tasuer‚

2579 3313 2779 3386 Popco
2813 3312 3075 3387 institor,
3106 3312 3402 3370 Henricus
3425 3311 3679 3385 lapicida
3706 3312 3896 3369 dictus
3950 3374 3954 3379 ·

2579 3398 2832 3474 Zeyden,
2904 3400 3167 3473 Weluar,
3214 3400 3398 3457 Pesco
3447 3399 3611 3456 miles
3666 3398 3737 3456 de
3786 3397 3897 3471 Vy·
3949 3402 3954 3473 j

2580 3489 2759 3546 socan
2785 3493 2845 3545 et
2867 3484 3022 3545 filius
3048 3485 3310 3557 magistri
3338 3485 3661 3545 Sdenconis
3708 3490 3895 3544 astro·
3950 3500 3954 3561 j

2579 3576 2717 3647 logi,
2784 3574 3048 3633 Jeclinus
3117 3572 3284 3631 faber
3352 3573 3545 3632 dictus
3604 3571 3895 3643 Tursmid‚
3949 3573 3953 3584 '

2585 3663 2750 3719 1440
2816 3679 2869 3732 p-
2939 3662 3081 3720 743.
3129 3658 3318 3718 forum
3365 3676 3574 3717 novum
3627 3661 3793 3718 1440
3840 3677 3894 3731 p.
3950 3663 3954 3696 ἱ

2581 3748 2724 3805 743.
2773 3748 2980 3805 hortus
3025 3747 3380 3806 Judaeorum
3439 3748 3599 3804 1440
3646 3764 3702 3819 p.
3753 3747 3895 3804 743.
3950 3779 3955 3834 Ι

2581 3833 2907 3908 hospitale:
2955 3833 3181 3892 Johlini
3213 3833 3422 3892 Jacobi
3461 3834 3625 3892 1440
3657 3851 3716 3905 p.
3754 3834 3895 3891 743.
3951 3839 3956 3914 j

2582 3921 2733 3978 muri
2796 3920 3070 3995 civitatis,
3137 3926 3337 3993 portas
3399 3937 3445 3978 a.
3507 3919 3795 3979 Johannis
3842 3925 3900 3976 et

2584 4026 2631 4064 S.
2678 4006 2957 4079 Procopii
3006 4013 3420 4066 connectentes
3457 4008 3622 4065 1440
3664 4024 3718 4078 p.
3756 4008 3897 4064 743.

2582 4094 2960 4167 pabulatores
3011 4095 3175 4153 1440
3238 4113 3289 4166 p.
3360 4096 3501 4153 743.
3563 4101 3802 4164 portae:
3851 4109 3897 4149 e.
3954 4127 3958 4132 -

2581 4181 2892 4254 Johannis,
2954 4197 3002 4238 a.
3065 4181 3341 4253 Procopii
3409 4180 3573 4238 1440
3633 4198 3690 4251 p.
3755 4180 3898 4237 743.
3955 4241 3957 4248 ,

2584 4268 2694 4335 via,
2744 4283 2890 4340 quae
2936 4267 3125 4325 adhuc
3170 4275 3444 4339 remanet,
3495 4270 3551 4323 et
3585 4284 3732 4339 quae
3766 4266 3899 4323 olim

2586 4355 2884 4413 dividebat.
2947 4369 3121 4428 agros
3184 4356 3551 4427 leprosorum
3611 4355 3684 4411 ab
3747 4353 3902 4426 agris

2584 4441 3098 4513 hospitalariorum
3151 4442 3317 4499 1440
3364 4460 3418 4514 ι).
3466 4440 3609 4499 743.
3660 4441 3753 4498 via
3800 4457 3903 4511 pu-
3954 4459 3960 4532 1

2588 4527 2760 4602 blica,
2808 4546 2954 4601 quae
3000 4533 3089 4585 est
3136 4545 3311 4600 penes
3375 4529 3602 4585 domum
3653 4526 3902 4600 Koyani,
3956 4579 3959 4584 .

2590 4616 2802 4672 iudicis
2851 4616 2920 4673 ae
2967 4598 3289 4673 Zehrovice
3340 4617 3505 4673 1440
3543 4601 3597 4687 ρ’.
3637 4615 3778 4672 743.
3816 4616 3905 4671 xia

2588 4702 2824 4775 publica
2883 4701 3166 4759 veniendo
3232 4717 3410 4774 usque
3481 4701 3553 4759 ad
3615 4701 3905 4773 hospitale
3957 4723 3961 4770 i

2593 4788 2812 4845 domini
2857 4788 3082 4846 Johlini
3113 4788 3344 4861 Jacobi,
3395 4787 3539 4845 civis
3570 4785 3906 4859 PragensiS,

2594 4876 2763 4933 1440
2812 4893 2865 4946 p.
2919 4876 3065 4933 743.
3114 4876 3227 4945 via,
3275 4890 3421 4947 quae
3483 4873 3669 4931 currit
3728 4890 3906 4944 penes
3958 4891 3961 4900 ·

2593 4962 2813 5018 curiam
2885 4961 3399 5033 hospitalariorum
3471 4959 3906 5018 Crucifcrorum

2592 5043 2746 5121 (cum
2781 5044 2998 5113 stella),
3046 5064 3212 5121 quam
3246 5048 3465 5105 habent
3504 5048 3658 5117 apud
3690 5063 3904 5103 eccam.

2591 5152 2634 5192 S.
2683 5134 2846 5191 Petri
2893 5135 2951 5191 in
3000 5132 3177 5192 Porio
3228 5136 3392 5193 1440
3442 5153 3495 5206 p.
3547 5136 3687 5191 743.

2679 5247 2942 5305 Cives:
2997 5246 3305 5304 Petzoldus
3369 5247 3438 5303 de
3479 5246 3655 5319 Egra,
3704 5245 3906 5314 laicuS,

2593 5341 2653 5390 et
2700 5349 2849 5390 uxor
2892 5333 3197 5392 Elisabeth
3247 5336 3390 5393 337.
3437 5332 3709 5390 Johliuus
3756 5331 3909 5404 Gey·
3959 5345 3962 5374 ³

2595 5420 2767 5477 noffel
2830 5429 2889 5478 et
2944 5437 3095 5477 uxor
3153 5422 3322 5478 Anna
3388 5421 3570 5478 1453.
3632 5418 3909 5477 Johlinus

2595 5506 2920 5578 (Joulinus)
2990 5507 3197 5566 Jacobi
3248 5508 3390 5575 240,
3447 5508 3610 5564 1440
3657 5522 3713 5576 1).
3765 5507 3906 5564 743.
3961 5579 3964 5590 ⁸

2601 5594 2894 5652 Henricus
2941 5594 3011 5651 de
3055 5595 3204 5653 Jcne
3251 5596 3394 5651 447.
3446 5592 3764 5651 Cathcrina
3808 5590 3910 5648 Jo-

2595 5681 2803 5738 hannis
2853 5682 2997 5738 340.
3055 5681 3306 5751 Kaczca,
3371 5680 3546 5736 vidua
3607 5679 3676 5735 de
3741 5676 3909 5734 Mon-
3961 5701 3964 5710 ·

2595 5769 2752 5826 tibus
2819 5770 2982 5825 1440
3045 5786 3100 5839 p.
3168 5770 3308 5825 743.
3374 5766 3673 5840 KoyanuS,
3735 5765 3908 5822 iudex
3960 5811 3964 5827 ,

4126 1059 4198 1118 de
4263 1045 4478 1119 Zehrov

4128 1147 4297 1205 miles
4386 1147 4457 1205 de

4126 1233 4326 1305 Popco
4370 1235 4478 1292 inst

4130 1320 4202 1378 de
4247 1321 4440 1380 Pruks

4133 1406 4266 1464 cida
4325 1408 4447 1467 367

4130 1493 4280 1552 nerii
4328 1494 4478 1564 (Rotl

4137 1582 4321 1640 1406.
4346 1580 4478 1639 Nic(

4135 1684 4310 1726 zaner
4356 1665 4478 1739 (Ro-

4134 1756 4283 1825 neti)
4330 1756 4475 1825 241,

4134 1858 4245 1900 ana
4286 1840 4473 1916 (Crist

4135 1927 4280 1986 kaus
4333 1934 4393 1986 et
4454 1947 4478 1986 u

4135 2014 4478 2075 Sleicheuka

4131 2103 4400 2161 Andreas
4448 2099 4478 2158 S

4134 2187 4407 2247 Jothus
4468 2210 4478 2244 (

4131 2274 4394 2333 Jeclinus
4462 2275 4478 2334 l

4136 2380 4190 2434 p.
4244 2365 4384 2422 743.
4435 2364 4478 2423 V

4135 2451 4206 2507 de
4253 2449 4478 2508 Vilhart

4135 2537 4328 2594 dictus
4373 2537 4478 2610 Zes

4135 2650 4180 2708 P
4201 2667 4229 2706 r
4245 2667 4278 2707 o
4299 2650 4366 2706 vi
4387 2667 4422 2706 u
4445 2667 4473 2707 c

4140 2751 4403 2795 camerae
4463 2754 4478 2793 ε

4133 2819 4387 2898 penice],
4434 2824 4478 2882 d«

4130 2911 4434 2970 Johannes

4139 2998 4324 3057 1107.
4371 2995 4438 3052 V.

4133 3109 4459 3169 Diocesi

4135 3202 4298 3256 certa
4366 3214 4478 3269 par:

4134 3285 4366 3358 mensis,
4438 3283 4478 3342 R

4137 3367 4471 3446 kronensis)

4135 3457 4364 3534 gnanda
4438 3461 4471 3516 7

4138 3547 4335 3617 hanni,
4397 3562 4478 3619 re!

4138 3635 4285 3705 219,
4358 3633 4478 3692 221

4139 3719 4444 3777 triennalis

4141 3807 4311 3879 primi
4374 3823 4478 3864 ann

4140 3895 4287 3952 203.
4355 3923 4434 3932 -

4135 3979 4393 4038 Thobias
4420 3976 4478 4055 [d

4141 4066 4469 4140 l‘ragensiS,

4142 4155 4365 4211 duabus
4414 4156 4478 4210 57

4147 4241 4286 4313 166,
4336 4241 4461 4298 364

4143 4346 4196 4399 p.
4251 4328 4394 4385 213.
4444 4358 4478 4365 -

4142 4432 4251 4486 que
4300 4430 4474 4470 sexus

4232 4526 4278 4581 l)
4299 4543 4334 4583 a
4355 4534 4374 4580 t
4397 4542 4429 4581 u
4451 4545 4478 4583 n

4143 4632 4197 4685 p.
4251 4614 4395 4685 703,
4449 4616 4478 4669 1

4229 4726 4273 4783 Ρ
4302 4742 4377 4782 re
4405 4725 4478 4781 sb

4145 4812 4214 4868 (le
4270 4812 4478 4870 Horae

4143 4917 4177 4954 n
4268 4915 4363 4970 qu.
4433 4897 4478 4955 J.

4146 4987 4290 5057 335,
4341 4987 4478 5052 (336

4146 5071 4432 5142 Litomysl

4147 5159 4293 5217 560.
4344 5158 4478 5217 Johz

4146 5263 4198 5317 p.
4250 5246 4393 5303 449,
4442 5245 4478 5304 t

4148 5333 4329 5404 burga
4365 5331 4478 5389 620

4148 5420 4217 5475 (10
4278 5418 4478 5476 Ῑῖ-αάῐὶί(

4149 5506 4325 5562 nidus
4373 5504 4478 5562 seh

4148 5593 4372 5650 ceslaus
4446 5609 4478 5648 n

4149 5683 4294 5736 305.
4363 5679 4478 5736 Joh

4152 5764 4478 5824 Bohuslaus
