5184 7050
1992 801 2059 889 545.

543 1012 663 1075 etatem
686 1008 793 1076 XXVI
817 1027 969 1074 annorum
992 1009 1044 1073 rel
1064 1009 1148 1074 circa
1162 1011 1373 1093 pervenisset,
1390 1008 1598 1092 parrochialis
1614 1007 1751 1074 ecclesia
1767 1010 1807 1074 de
1824 1008 2057 1091 Dudelinghen,

544 1114 689 1196 predicte
712 1114 920 1179 Treuerensis
942 1113 1090 1192 diocesis,
1115 1114 1176 1179 tuit
1198 1114 1260 1180 sibi
1282 1116 1384 1180 eciam
1407 1133 1465 1197 per
1488 1121 1638 1196 patronos
1661 1114 1761 1179 laicos
1792 1113 1916 1189 collata,
1941 1118 1973 1179 ct
1997 1114 2056 1178 luit

544 1218 630 1284 alius
653 1219 723 1283 eius
745 1219 871 1283 nonnae
893 1217 934 1282 ad
957 1218 1045 1283 illam
1066 1224 1271 1300 presentatus
1294 1217 1382 1283 etin
1410 1237 1448 1283 ea
1480 1218 1655 1295 institutus,
1692 1216 1875 1282 condicione
1909 1218 2055 1300 apposita

544 1342 604 1405 per
625 1328 737 1400 totum,
761 1327 856 1405 prout
879 1322 1055 1404 predicitur
1078 1324 1118 1387 de
1140 1323 1248 1406 priori,
1272 1342 1313 1389 ex
1336 1341 1399 1406 qua
1421 1323 1546 1388 fructus
1567 1340 1669 1405 usque
1693 1323 1733 1387 ad
1752 1322 1895 1387 valorem
1918 1341 2055 1387 annuum

545 1427 571 1493 C
595 1426 785 1492 florenorum
807 1427 878 1491 auri
901 1420 1001 1492 eciam
1024 1426 1179 1492 hactenus
1203 1447 1273 1494 cum
1296 1428 1370 1495 aliia
1393 1429 1538 1511 percepit
1560 1434 1593 1493 at
1612 1427 1746 1504 levavit;
1770 1430 1804 1490 et
1820 1425 1945 1490 denium
1963 1445 2055 1491 cano·

543 1532 672 1596 nicatus
694 1538 727 1596 ot
749 1531 914 1613 prebenda
936 1531 1072 1597 ecclesie
1095 1533 1379 1616 wissegradensis,
1403 1533 1572 1615 Pragensis
1595 1533 1742 1609 diocesis,
1766 1532 1894 1596 fuerunt
1918 1529 1978 1594 sibi
1998 1549 2056 1612 per

544 1635 632 1699 clarc
654 1637 805 1701 rnernnrie
829 1635 988 1700 dominum
1009 1635 1198 1714 lohannem,
1222 1655 1329 1719 regem
1353 1638 1491 1714 Boemia
1515 1642 1593 1703 tunc
1617 1637 1775 1701 dominnm
1805 1654 1904 1710 sirum,
1938 1634 2055 1709 collati,

544 1759 584 1804 ex
619 1741 736 1822 quibus
769 1741 893 1806 fructus
927 1759 984 1822 per·
1018 1745 1089 1806 octo
1123 1759 1222 1806 annos
1256 1742 1306 1806 vel
1331 1741 1565 1819 simulaverit,
1591 1740 1801 1807 ascendentes
1826 1739 1989 1804 aniruatim
2013 1740 2053 1802 aul

544 1843 635 1908 XXV
657 1844 804 1910 marchas
827 1845 950 1928 argenti
974 1844 1023 1910 vel
1047 1847 1141 1922 circa,
1165 1846 1308 1927 prelatas
1330 1845 1484 1911 ecclesias
1508 1851 1541 1910 et
1573 1865 1679 1910 carum
1717 1844 1876 1926 predictos
1910 1842 2055 1907 redditus

545 1948 751 2030 percipiendo
774 1953 808 2013 et
830 1949 1005 2027 retinendo,
1029 1955 1063 2014 et
1085 1948 1223 2014 nondum
1241 1968 1282 2026 ,se
1305 1950 1382 2016 fecit
1405 1949 1445 2014 ad
1476 1967 1584 2015 sacros
1615 1949 1743 2015 ordines
1773 1947 1960 2030 promereri,
1996 1966 2054 2009 nec

544 2053 622 2118 lecit
638 2053 848 2118 residenciam
866 2054 896 2118 in
914 2053 1021 2135 aliquo
1044 2054 1260 2135 predictorum
1284 2052 1517 2120 beneficiorum.
1541 2054 1658 2118 Verum
1682 2072 1753 2117 cum
1777 2053 1881 2117 dictus
1905 2049 2054 2115 Nicolaus

543 2175 629 2221 anno
653 2158 716 2222 ianr
739 2157 849 2238 elapso
872 2157 1032 2239 predictas
1056 2157 1136 2223 duas
1160 2158 1282 2240 priores
1306 2158 1493 2240 ecclesias)
1525 2157 1682 2222 dimiserit
1709 2176 1778 2221 cum
1802 2157 1927 2231 effectu,
1952 2153 2053 2218 hunri-

543 2260 620 2324 liter
643 2261 681 2325 V.
705 2264 736 2327 S.
761 2262 921 2344 supplicat
943 2263 1026 2328 idem
1049 2261 1198 2326 Nicolaus
1214 2267 1248 2327 et
1264 2261 1389 2339 devote,
1406 2266 1563 2343 quatenns
1580 2261 1775 2325 dominorum
1792 2277 1920 2325 snorum
1937 2257 2052 2322 intuitu

543 2384 616 2430 cum
652 2386 689 2430 eo
723 2367 866 2449 graciose
900 2373 932 2430 et
966 2366 1140 2432 liberaliter
1175 2367 1396 2449 dispensantes
1419 2367 1450 2431 in
1474 2366 1638 2449 premissis
1662 2384 1699 2430 ac
1722 2383 1845 2430 onmem
1870 2361 1997 2427 infamio
2022 2365 2055 2423 et

543 2469 756 2563 inhabilitatis
786 2477 903 2548 notam,
935 2490 1028 2554 quarn
1059 2489 1097 2535 ex
1129 2471 1293 2551 premissis
1324 2471 1465 2549 incurrit,
1496 2470 1535 2534 dc
1559 2468 1733 2550 apostolica
1756 2466 1928 2551 potcstatis
1951 2464 2054 2547 pleni·

540 2573 656 2640 tudine
679 2575 853 2651 abolentes,
886 2577 989 2658 ipsum
1011 2575 1182 2641 habilitare
1197 2575 1368 2657 dignemini
1385 2594 1421 2640 ac
1437 2576 1469 2639 in
1485 2575 1640 2656 integrum
1663 2575 1835 2640 restituere
1856 2572 1938 2636 sicut
1962 2569 2051 2651 prius

542 2678 732 2761 fructusque
752 2681 812 2745 sibi
828 2681 991 2746 remittere
1007 2680 1195 2757 antedictos,
1218 2679 1350 2744 terciam
1367 2697 1440 2744 voro
1457 2678 1626 2743 ecclesiam
1649 2696 1769 2742 necnon
1787 2676 2005 2741 canonicatum
2022 2677 2055 2736 et

542 2783 740 2865 prebendam
763 2785 925 2867 predictos
946 2784 1111 2868 premissis
1133 2802 1195 2849 non
1218 2783 1420 2850 obstantibus
1443 2783 1504 2849 sibi
1527 2781 1566 2847 de
1589 2800 1670 2847 novo
1697 2781 1849 2858 conferre,
1875 2797 1944 2843 cum
1969 2777 2054 2841 clau-

543 2887 636 2967 sulis,
661 2907 723 2953 non
747 2889 949 2955 obstantibus
972 2895 1006 2954 et
1028 2890 1251 2954 executoribus
1274 2889 1439 2971 oportunis
1463 2892 1523 2953 etc.
1547 2887 1638 2951 modo
1662 2885 1796 2951 meliori.

651 3018 866 3086 Habilitamus
889 3025 922 3086 et
945 3020 1005 3086 sibi
1029 3020 1069 3084 de
1092 3020 1187 3086 dictis
1210 3019 1395 3085 canonicatu
1419 3022 1453 3083 et
1475 3017 1639 3101 prebenda
1661 3021 1694 3081 et
1712 3016 1813 3082 tercia
1827 3014 1964 3081 ecclesia
1979 3031 2050 3096 pru·

543 3123 692 3188 videmus
717 3123 785 3206 R.¹)

652 3255 732 3319 Item
756 3256 926 3338 supplicat,
949 3261 1117 3338 quatenus,
1141 3256 1224 3338 quod
1247 3255 1375 3320 racione
1391 3253 1476 3319 dicte
1491 3253 1590 3318 tercie
1602 3249 1628 3332 l)
1652 3253 1796 3330 ecclesie,
1813 3272 1875 3334 quc
1891 3271 1949 3333 per
1965 3253 1997 3316 S.
2013 3251 2051 3314 ll.

543 3358 668 3439 petitm·
690 3359 837 3441 superius
859 3359 899 3424 de
922 3380 1003 3426 novo
1026 3360 1172 3437 conferri,
1196 3378 1257 3424 non
1279 3363 1428 3424 teneatur
1451 3359 1585 3423 servicio
1609 3356 1744 3438 predicti
1768 3358 1852 3439 regis
1876 3354 2050 3421 insistendo

543 3460 618 3527 hinc
641 3461 681 3526 ad
704 3460 832 3544 aliquod
856 3468 1038 3545 competens
1061 3469 1196 3545 tempus,
1221 3462 1260 3527 de
1283 3481 1346 3546 quo
1369 3461 1537 3529 sanctitati
1558 3461 1672 3527 Vestro
1695 3461 1864 3540 videbitur,
1889 3478 1923 3525 se
1946 3459 2052 3526 facere

543 3566 584 3630 ad
622 3565 749 3631 ordines
784 3584 892 3632 sacros
926 3568 1104 3650 promoveri
1137 3586 1196 3633 nec
1229 3568 1261 3632 in
1293 3586 1332 3632 ea
1360 3566 1571 3649 personaliter
1593 3566 1744 3643 residere,
1769 3570 1802 3630 et
1825 3565 1908 3647 quod
1931 3565 2053 3630 fructus

543 3669 673 3736 interim
695 3672 861 3754 percipere
884 3672 987 3753 possit
1008 3691 1048 3737 ex
1071 3690 1118 3750 ea,
1142 3671 1313 3755 dignemini
1336 3673 1440 3738 eidem
1462 3669 1628 3753 indulgere
1651 3676 1684 3736 et
1707 3688 1777 3735 cum
1801 3687 1838 3733 eo
1863 3668 2050 3751 dispensare

543 3782 606 3841 etc.
633 3781 797 3859 utsupra.

652 3906 725 3972 Fiat
748 3908 787 3974 ad
810 3908 981 3974 triennium
1000 3906 1068 3988 Rs)

652 4039 735 4103 ltem
757 4039 927 4121 supplicat,
951 4042 1109 4120 quatenus
1131 4036 1279 4116 labandi,
1303 4039 1458 4120 perpetuo
1481 4035 1599 4102 vicario
1622 4036 1756 4102 ecclesie
1782 4036 1991 4119 parrochialis
2015 4037 2054 4101 de

545 4142 784 4227 nudelinghen,
800 4142 1008 4209 Treuerensis
1028 4141 1174 4221 diocesia,
1190 4140 1337 4207 familiari
1354 4157 1421 4219 suo,
1438 4141 1478 4206 de
1495 4142 1680 4206 canonicatu
1697 4145 1729 4206 et
1745 4141 1906 4223 prebenda
1921 4145 2055 4206 vacante

542 4246 595 4312 vel
619 4251 772 4312 vacatma
796 4245 931 4313 ecclesie
953 4246 1056 4312 sancti
1080 4246 1244 4327 symconis
1266 4245 1474 4311 'lheuerensis
1497 4265 1567 4311 cum
1594 4246 1818 4328 acceptacione
1849 4252 1882 4311 et
1912 4245 2055 4313 clausula

541 4352 700 4418 anteferri
723 4356 783 4417 etc.
808 4356 963 4435 utsupra
986 4349 1358 4434 digneminiprovidere,
1381 4368 1444 4416 non
1474 4351 1631 4428 obstante,
1663 4351 1746 4432 quod
1776 4350 1951 4433 predictam
1985 4370 2054 4433 per·

540 4461 677 4541 petuam
699 4458 852 4523 vicariam
875 4457 1018 4521 noscitur
1040 4455 1193 4521 obtinere.

652 4587 726 4652 Fiat
748 4588 784 4652 R.

653 4721 734 4785 Item
757 4724 916 4801 quatenus
939 4719 986 4783 eis
1010 4717 1180 4801 dignemini
1204 4719 1367 4782 remittere
1389 4735 1531 4783 examen.
1556 4717 1630 4782 h'iat
1654 4716 1689 4781 n.

653 4851 695 4917 Et
718 4870 746 4932 q.
770 4856 794 4915 t.
818 4868 843 4915 s.
868 4869 897 4914 a.
921 4848 941 4914 l.
977 4849 1049 4914 Fiat
1071 4848 1107 4913 R.
1147 4848 1185 4913 D.
1211 4848 1368 4914 Aniciana
1390 4848 1434 4915 VI
1458 4848 1500 4914 id.
1524 4848 1709 4913 Decembris
1732 4867 1760 4911 a.
1784 4850 1883 4911 sexto.

654 5091 802 5147 Clementis
830 5090 869 5143 Vl
897 5089 924 5143 S.
953 5089 1018 5157 Vljl
1050 5092 1104 5154 (13)
1133 5090 1150 5143 l'.
1178 5091 1228 5143 73'.
1248 5120 1280 5128 -
1308 5095 1332 5157 ⁸)
1351 5088 1492 5157 ,ecclesias
1511 5088 1649 5144 acclesias‘
1668 5091 1693 5143 S.
1722 5087 1745 5152 bl
1765 5087 1855 5157 suppl.
1874 5105 1958 5157 supra
1976 5090 2003 5144 S.
2024 5121 2053 5128 —-

538 5187 559 5252 ¹)
584 5178 650 5235 uide
669 5194 742 5233 uum.
762 5183 822 5244 963,
841 5183 901 5245 969,
920 5181 979 5231 965.
1017 5178 1038 5243 ²)
1058 5175 1120 5230 ride
1139 5192 1211 5232 num.
1230 5182 1291 5231 666.
