5184 7050
1857 844 1922 911 435

415 1048 506 1115 727.
529 1046 720 1122 Ft'ibislans,
745 1046 930 1130 capellanus
955 1046 1071 1127 Caroli,
1095 1048 1130 1112 ln
1152 1069 1255 1130 repcrn
1280 1050 1493 1113 Ronoanornm
1516 1049 1613 1128 electi,
1644 1051 1814 1134 supplicat,
1846 1072 1924 1133 qua·

411 1156 505 1217 ternos
526 1151 590 1217 sibi
611 1151 650 1217 de
672 1151 937 1218 archidiaconatu
958 1151 1122 1233 Belinensi
1151 1153 1190 1217 de
1219 1172 1295 1216 novo
1322 1153 1531 1236 provideatur
1560 1159 1590 1218 et
1605 1160 1737 1235 suscites
1760 1156 1835 1220 inde
1856 1157 1923 1220 iam

986 1257 1127 1340 percepti
1147 1256 1363 1321 remittantur.
1912 1339 1916 1345 ,

1262 1434 1269 1463 ,
1384 1378 1545 1455 Avinionc,
1569 1381 1656 1445 1346
1682 1381 1826 1447 Octobris
1848 1386 1880 1447 2.

473 1673 475 1676 ψ
518 1622 682 1704 Significat
703 1623 734 1690 S.
758 1624 795 1688 V.
819 1623 953 1688 devotus
975 1628 1083 1687 orator
1106 1623 1305 1703 Pizibislaus,
1330 1624 1513 1706 capellanus
1544 1625 1736 1690 serenissimi
1770 1625 1923 1707 principis

413 1726 531 1791 domini
555 1726 675 1807 Kuroli,
699 1728 731 1793 iu
753 1747 861 1811 regem
896 1728 1109 1792 Romanorum
1143 1727 1245 1807 electi,
1281 1729 1403 1810 quod·)
1435 1730 1504 1811 ipso
1536 1731 1726 1794 aircnntate
1761 1729 1925 1794 cuiusdam

412 1831 530 1914 gracie,
554 1850 611 1914 per
633 1831 664 1899 S.
688 1832 726 1899 V.
750 1832 854 1897 eidem
879 1832 974 1911 lacte,
1006 1832 1297 1898 archidiaconatum
1328 1833 1530 1898 Beliuensem
1559 1834 1590 1898 in
1614 1834 1749 1899 ccclesia
1772 1835 1922 1917 Pragensi

412 1941 580 2000 assumtus
603 1936 665 2000 luit
687 1941 720 2001 et
744 1937 848 2018 ipsum
871 1937 934 2001 iam
956 1942 1031 2001 sunt
1053 1936 1128 2002 XVI
1151 1955 1277 2002 menses
1301 1941 1333 2002 et
1357 1937 1441 2002 ultra
1463 1938 1567 2002 tenuit
1589 1943 1622 2002 et
1645 1939 1795 2019 possedit,
1830 1944 1924 2021 prout

410 2039 517 2105 adhuc
539 2040 683 2123 possidet
706 2039 836 2122 pacifice
859 2045 892 2105 et
914 2041 1031 2123 quiete,
1063 2046 1096 2105 et
1124 2041 1356 2123 parrochialem
1380 2041 1547 2106 ecclesiam
1579 2043 1610 2106 in
1643 2043 1816 2120 Costolecn,
1842 2043 1917 2108 Pra-

411 2146 520 2228 gensis
543 2144 690 2223 diocesis,
706 2151 877 2228 propterea
898 2144 999 2210 libere
1022 2145 1192 2210 dimittens,
1217 2146 1442 2211 Verumtamen
1466 2165 1535 2210 cum
1552 2166 1592 2211 ex
1608 2146 1804 2228 quorundam
1818 2145 1922 2211 relatu

413 2249 618 2329 intellexerit,
642 2250 726 2332 quod
750 2250 853 2314 dictus
876 2249 1152 2315 archidiaconatus
1182 2269 1241 2331 per
1263 2251 1293 2316 S.
1318 2249 1356 2315 V.
1387 2251 1429 2314 sit
1459 2251 1642 2332 specialiter
1675 2257 1867 2329 reservatus,
1891 2257 1924 2316 et

413 2360 587 2437 propterea
610 2355 744 2433 dubitat,
761 2372 801 2419 ne
817 2356 934 2420 iniuste
951 2355 1070 2420 dictum
1092 2354 1382 2418 archidiaconatum
1404 2356 1569 2437 possideat
1591 2361 1624 2419 at
1638 2356 1761 2420 fructus
1784 2355 1924 2420 indebite

411 2460 572 2542 percipiat
594 2461 626 2525 in
649 2477 745 2541 grave
768 2459 944 2541 periculum
967 2464 999 2524 et
1023 2460 1127 2523 anime
1157 2477 1214 2523 sue
1238 2458 1479 2525 detrimentum:
1511 2478 1611 2542 quare
1638 2459 1797 2542 supplicat
1819 2460 1922 2525 eidem

413 2565 444 2631 S.
469 2564 508 2630 V.
531 2564 694 2629 humiliter
716 2568 750 2628 et
765 2564 879 2630 devote
901 2563 985 2628 idem
1001 2562 1203 2641 Prnibislsus,
1220 2568 1379 2645 quatenus
1402 2564 1462 2628 sibi
1492 2564 1665 2646 specialem
1676 2565 1822 2646 graciam
1844 2564 1923 2629 laci·

414 2673 517 2747 entes,
541 2669 580 2733 de
604 2668 689 2733 dicto
716 2667 984 2746 archidiaconatu,
1016 2669 1043 2733 si
1073 2669 1117 2733 sit
1138 2674 1331 2748 reservatus
1355 2669 1525 2746 dignemini
1561 2669 1728 2750 providere
1758 2673 1791 2733 et
1821 2669 1922 2734 eidem

413 2773 455 2838 de
481 2792 562 2838 noro
593 2772 746 2851 conterre,
781 2773 904 2838 fructus
938 2773 1038 2838 eciam
1067 2772 1141 2837 inde
1171 2777 1341 2855 perceptos
1372 2774 1583 2852 remittentes,
1618 2793 1679 2838 non
1713 2773 1921 2851 obstantibus,

411 2877 500 2960 quod
523 2877 606 2942 idem
628 2877 823 2943 Przibislaus
847 2877 878 2941 in
902 2877 1052 2959 Pragcnsi
1084 2877 1303 2942 canonicatum
1334 2882 1367 2942 et
1389 2879 1583 2961 prebendam
1617 2878 1752 2943 mediam
1781 2878 1841 2969 sub
1868 2896 1921 2942 ex·

412 2983 601 3065 loeotacione
631 2982 793 3066 prebende
827 2982 950 3064 integre
983 2986 1017 3045 et
1046 2983 1077 3046 in
1109 2981 1212 3046 sancti
1243 2982 1373 3064 Georgii
1405 2983 1551 3048 ecclesiis
1574 3003 1610 3048 ac
1633 2983 1665 3047 in
1688 2981 1811 3063 capella
1832 2981 1921 3063 regia

411 3087 563 3153 Omnium
586 3087 773 3153 Sanctorum
797 3087 894 3151 castri
910 3087 1079 3169 l‘ragcnsis
1102 3087 1307 3152 canonicatus
1330 3088 1451 3152 obtinet
1467 3092 1500 3152 et
1515 3088 1692 3179 prebendas
1709 3091 1827 3151 etcum
1849 3074 1921 3150 aliis

409 3210 475 3256 non
498 3191 699 3257 obstantibus
721 3196 759 3256 et
777 3190 929 3256 clausulis
952 3191 1125 3273 oportunis.
1570 3187 1572 3192 ’
1682 3190 1686 3196 ’
1745 3189 1768 3211 ”

518 3330 591 3395 Fiat
612 3329 650 3395 R.
685 3332 728 3396 Et
750 3350 780 3414 q.
803 3336 827 3397 t.
850 3349 875 3395 s.
899 3351 927 3396 a.
951 3330 972 3396 l.
997 3331 1070 3396 Fiat
1091 3331 1129 3396 R.
1164 3333 1203 3397 D.
1228 3331 1384 3396 Aninione
1407 3331 1452 3398 VI
1475 3351 1545 3396 non.
1570 3330 1718 3396 Octobris
1743 3350 1771 3395 a.
1795 3330 1915 3413 quinto.

518 3571 667 3628 Clementis
685 3573 723 3627 VI
741 3573 767 3627 S.
785 3571 838 3643 Vsa
857 3577 913 3644 (12)
932 3574 950 3627 l.
970 3575 1022 3628 lo'.
1041 3602 1074 3613 ..
1101 3575 1123 3639 Ι·)
1144 3572 1268 3642 sequitur
1285 3578 1365 3640 ,cum‘
1383 3572 1411 3628 in
1430 3574 1464 3640 S,
1484 3573 1591 3629 emend.
1609 3573 1643 3628 ab
1663 3573 1777 3628 editore.

1065 3839 1270 3847 *-

411 4166 507 4233 728.
531 4163 674 4240 Carolus,
696 4164 731 4230 ln
752 4186 856 4247 repern
879 4167 1094 4230 Romanorum
1115 4163 1230 4230 electus
1246 4185 1285 4230 ac
1300 4164 1471 4228 Bohemiae
1493 4182 1557 4237 rea,
1572 4163 1743 4248 supplicat,
1764 4163 1919 4256 quotenm

410 4268 556 4334 Arnoldo
577 4268 616 4332 dc
638 4268 750 4352 Aquis,
773 4268 855 4333 laico
878 4269 1060 4334 Leodtensis
1082 4269 1223 4349 diocesis,
1247 4269 1284 4333 de
1302 4267 1487 4352 praebenda
1508 4267 1620 4332 loricati
1645 4269 1795 4334 cethslere
1817 4269 1921 4337 sarach

411 4373 555 4440 &rvbttr'
581 4373 800 4452 Traiectensis,
823 4374 963 4438 eiusdem
985 4373 1127 4454 ducenis,
1149 4374 1180 4438 si
1202 4378 1305 4452 vacat,
1336 4372 1384 4437 vel
1413 4394 1483 4437 curn
1504 4373 1673 4451 romoalt,
1704 4373 1920 4460 provideatur.

415 4479 505 4557 ,ficet
528 4479 577 4543 R!
600 4514 644 4524 -—
668 4480 748 4542 Item
768 4482 925 4560 quotenus
947 4478 1090 4547 Johanni
1119 4478 1156 4542 de
1178 4478 1289 4561 Aonis,
1319 4477 1402 4543 laico
1431 4477 1569 4543 eiusdem
1597 4476 1738 4552 diocesis,
1769 4477 1808 4542 de
1825 4499 1920 4560 prae-

411 4582 517 4649 bendo
539 4581 654 4647 laicali
676 4582 710 4645 ln
732 4580 866 4646 ecclesia
894 4583 1000 4647 soordi
1024 4582 1129 4648 Cassii
1159 4582 1350 4658 Bnnnensta
1383 4581 1572 4648 Cbloniensis
1595 4580 1735 4655 ducale,
1766 4581 1796 4645 si
1817 4585 1920 4660 vacat,

414 4686 465 4752 vel
487 4706 559 4751 etun
580 4684 752 4760 amaverat,
771 4685 990 4769 provideatur.
1013 4687 1100 4761 ,nac
1122 4689 1172 4752 R.‘
1202 4724 1244 4732 —
1277 4687 1357 4750 Item
1386 4689 1541 4767 audenus
1572 4684 1708 4766 Riouino
1739 4682 1923 4767 Opponordc

416 4791 457 4856 de
479 4789 671 4855 canonicatu
693 4788 841 4854 ecclesiae
862 4790 1051 4856 Sanctorum
1075 4790 1294 4873 Apostolorum
1319 4789 1510 4854 Coloniensis
1525 4788 1581 4853 sul
1596 4787 1809 4872 expectatione
1825 4809 1922 4871 prae·

413 4895 538 4961 lendae
554 4894 772 4980 provideatur.
807 4893 893 4974 ,liat
923 4897 956 4959 Il
956 4946 1091 4960 .....
1122 4896 1165 4959 D.
1196 4894 1354 4959 Aninione
1391 4895 1438 4958 VI
1466 4915 1536 4958 non.
1571 4892 1712 4957 Octobris
1740 4913 1770 4956 a.
1792 4892 1921 4974 quinto!

1382 5082 1544 5161 neriae,
1567 5082 1655 5148 noro
1681 5081 1823 5148 octona
1844 5088 1877 5147 2.
1895 5059 1903 5155 ζ

520 5222 670 5278 Clementis
687 5221 727 5277 Vl
745 5223 773 5277 S.
793 5221 845 5290 Vsa
863 5225 917 5287 (tv)
936 5221 954 5275 i.
973 5228 1015 5276 lt.
