5184 7050
676 769 739 833 484

675 975 820 1056 partibus
843 975 987 1054 recipere
1017 978 1050 1037 et
1073 974 1104 1036 iu
1128 990 1235 1037 eorum
1267 972 1411 1053 quolibet
1441 972 1613 1037 oratorium
1645 992 1702 1038 seu
1733 973 1903 1038 ecclesiam
1936 991 2011 1038 cum
2043 991 2179 1053 caurpana

679 1083 712 1143 et
735 1078 913 1159 campanali
947 1097 984 1142 ae
1008 1076 1147 1141 claustro
1177 1081 1211 1140 et
1241 1076 1397 1141 cimiterio
1428 1095 1464 1141 ac
1496 1077 1640 1142 domibus
1672 1083 1704 1142 et
1735 1077 1806 1143 aliis
1837 1077 2034 1143 necessariis
2062 1075 2179 1144 officinis

676 1188 861 1248 construere
874 1180 1009 1265 [valeas]
1018 1184 1043 1262 ⁸)
1058 1181 1148 1244 iuxta
1163 1198 1283 1244 morem
1300 1181 1377 1244 dicti
1389 1181 1519 1259 ordinis,
1529 1181 1650 1263 absque
1662 1182 1838 1263 preludicio
1851 1182 1932 1247 iuris
1947 1179 2178 1263 parrochialim

676 1286 884 1352 ecclesiamm
899 1291 932 1349 et
948 1285 1120 1350 cuiuslibet
1136 1284 1242 1362 alieni,
1255 1284 1486 1349 constitucione
1501 1284 1522 1349 l.
1539 1304 1564 1348 r.
1578 1285 1735 1351 Bonilaoii
1751 1305 1835 1368 pape
1846 1285 1941 1364 VIII,
1954 1276 2179 1368 predecessoris

678 1392 786 1469 nostri,
810 1397 844 1455 et
867 1390 1012 1472 qualibet
1034 1389 1098 1453 alia
1122 1388 1279 1452 contraria
1301 1406 1364 1452 non
1387 1388 1544 1467 obstante,
1569 1387 1734 1454 clavooioui
1764 1395 1820 1456 tue
1849 1389 1981 1472 plenam
2006 1394 2040 1454 et
2063 1388 2177 1452 liberm

677 1496 869 1560 auctoritate
892 1494 1091 1576 presencium
1115 1492 1280 1557 licenciam
1311 1491 1491 1574 elargimur.
1526 1492 1613 1557 Nulli
1644 1511 1719 1575 ergo
1750 1499 1810 1558 etc.
1842 1498 1955 1558 nostre
1979 1492 2177 1558 concessionis

682 1598 853 1681 intringere
876 1603 936 1662 etc.
971 1598 1010 1662 D.
1035 1596 1192 1661 rluiuione
1215 1595 1248 1660 II
1270 1594 1335 1659 kal.
1361 1596 1545 1660 Decembris
1569 1614 1597 1659 a.
1621 1597 1740 1678 quinto.

784 1751 933 1807 Clementis
952 1751 989 1804 Vl
1008 1753 1041 1804 A.
1060 1751 1113 1808 Vl3
1133 1754 1233 1819 (tomum
1251 1751 1296 1817 33)
1314 1749 1333 1804 l.
1352 1751 1422 1817 216',
1437 1750 1470 1805 de
1490 1749 1604 1804 indultu
1623 1758 1674 1805 etc.
1693 1767 1737 1819 qu.
1751 1757 1767 1804 4
1779 1769 1813 1802 :
1826 1750 1859 1804 V.
1876 1757 1925 1805 1⁷4
1939 1750 1959 1805 f.
1974 1753 2036 1805 328'
2050 1767 2077 1806 n.
2090 1756 2145 1804 952.
2156 1781 2179 1790 -

678 1847 708 1909 ι)
730 1840 808 1896 deest
825 1840 853 1894 iu
873 1839 913 1907 V.‚
933 1837 1022 1908 suppl.
1042 1838 1075 1892 ab
1096 1836 1210 1894 editore.

1330 1998 1535 2009 ———-·

681 2243 771 2308 820.
794 2238 959 2317 Arcesius,
983 2237 1235 2321 arehiepiscopum
1260 2240 1442 2320 Prupercsis,
1465 2239 1636 2322 supplicat,
1667 2245 1824 2322 quatenos
1848 2238 2011 2303 [ladislao
2036 2240 2180 2320 quondm

683 2344 773 2411 Galli
795 2345 833 2410 de
864 2343 1082 2425 lf'ydelroioricz
1103 2343 1141 2406 de
1164 2345 1353 2432 crrrwm'eatu
1375 2349 1404 2408 et
1428 2344 1613 2427 praebendo
1638 2345 1670 2407 iu
1693 2343 1825 2409 ecclesia
1850 2343 2058 2409 (llornucensi
2079 2366 2184 2409 cacus

680 2448 765 2513 tibus
781 2448 998 2531 prouidentur.
1022 2446 1191 2529 Supplieul
1213 2447 1311 2512 etiam
1341 2448 1494 2512 Nicotaus
1517 2448 1556 2512 de
1578 2449 1800 2529 merseburgo,
1832 2452 1993 2528 gulatenus
2021 2447 2186 2513 Tacatua

596 2596 598 2598 -
680 2553 838 2636 quondum
870 2552 1009 2616 Martini
1038 2551 1076 2615 de
1106 2551 1320 2632 Lucemburgo
1353 2553 1557 2616 canonicatus
1588 2557 1618 2615 cl
1645 2540 1828 2634 praebenda
1861 2552 1896 2616 iu
1927 2551 2064 2616 ecclesio
2095 2551 2187 2616 sandi

1023 2651 1164 2719 desecas
1186 2656 1221 2719 in
1246 2657 1441 2741 Cbnflueulr'o
1463 2661 1613 2721 vacantes
1637 2659 1852 2735 conseruntur.

1615 2811 1778 2888 Aoiuioue,
1804 2815 1889 2878 1346
1913 2813 2103 2878 Decembris
2123 2820 2151 2879 2.

786 2987 951 3070 Supplicat
974 2988 1005 3054 S.
1030 2987 1066 3052 V.
1092 2987 1206 3052 devota
1230 2993 1378 3053 creatura
1401 2993 1508 3053 vestra
1533 2988 1698 3066 Amestus,
1731 2987 1995 3069 archiepiscopus
2020 2988 2188 3073 Pragensls,

684 3098 841 3176 quatenus
864 3093 924 3158 sibi
949 3094 981 3157 in
1003 3110 1171 3175 personam
1195 3093 1304 3156 dilecti
1328 3092 1486 3174 capellani
1510 3092 1559 3156 sui
1582 3092 1735 3170 Budisloi,
1770 3092 1837 3156 nati
1861 3091 2027 3174 quondam
2052 3093 2135 3160 Galli
2155 3092 2188 3156 de

683 3198 986 3276 Wissebomiewicz,
1010 3198 1180 3281 Pragensis
1204 3197 1349 3275 diocesis,
1374 3196 1547 3279 specialem
1570 3198 1708 3278 graciam
1727 3195 1894 3275 facientes,
1911 3196 2022 3262 eidem
2047 3197 2087 3262 de
2109 3216 2190 3262 rano

683 3305 788 3369 nicatu
812 3310 844 3369 et
867 3303 1029 3386 prebenda
1053 3302 1273 3368 Olomucensis
1297 3301 1442 3379 ecclesio,
1467 3301 1652 3365 vacantibus
1685 3302 1717 3364 iu
1747 3302 1834 3366 curlo
1865 3301 1897 3367 S.
1922 3300 1962 3366 V.
1985 3321 2049 3384 per
2071 3302 2189 3367 liberam

684 3410 933 3492 resignacionem
965 3408 1071 3473 clevoti
1100 3408 1121 3473 f.
1152 3427 1180 3472 r.
1213 3407 1369 3471 lobannis
1408 3406 1564 3488 quondam
1599 3405 1746 3488 Gregorii
1777 3406 1816 3470 de
1848 3406 1999 3484 Drazicz‚
2031 3406 2190 3490 Pragensis

685 3515 830 3593 diocesis,
866 3513 1008 3578 eiusdem
1042 3512 1176 3579 ecclesie
1210 3514 1353 3578 canonici
1387 3511 1586 3595 prebendati,
1628 3511 1659 3575 in
1692 3510 1838 3575 manibus
1872 3510 2133 3576 reverendissimi
2163 3510 2190 3574 in

686 3620 813 3685 Christo
835 3618 937 3700 patris
961 3623 994 3681 et
1016 3617 1132 3681 domiui
1157 3617 1321 3694 Guidouis‚
1346 3616 1430 3681 tituli
1462 3621 1570 3680 sancte
1603 3614 1721 3679 Coeilie
1744 3614 1926 3697 presbyteri
1950 3614 2135 3694 cardinalis,
2155 3613 2189 3677 de

685 3724 833 3788 mandato
858 3728 963 3787 restro
987 3722 1047 3786 sibi
1070 3723 1155 3787 facto
1179 3721 1306 3785 oraculo
1331 3722 1401 3785 viro
1425 3722 1511 3785 vocis
1534 3726 1647 3802 sponte
1670 3718 1796 3796 laetam,
1819 3719 1994 3800 dignemini
2018 3719 2186 3802 prouidere,

685 3848 746 3893 non
777 3829 933 3906 obstante,
965 3826 1050 3908 quod
1080 3827 1163 3890 idem
1194 3824 1365 3890 Budislaus
1396 3824 1497 3888 altare
1528 3829 1638 3888 sancte
1671 3821 1782 3888 Crucis
1812 3823 1844 3886 iu
1875 3822 2017 3888 ecclesia
2047 3823 2186 3907 Prageusi

687 3938 720 3997 et
743 3932 961 3997 canonicatum
992 3931 1050 3994 sub
1081 3931 1307 4012 expsectacione
1337 3928 1498 4011 prebende
1529 3930 1559 3993 iu
1590 3926 1726 3991 ccclesia
1757 3925 1925 4009 collegiata
1948 3928 2103 4009 Tynensi,
2125 3929 2188 3993 eu-

685 4038 792 4120 gensis
815 4036 960 4111 diocesis,
984 4036 1126 4098 noscitur
1149 4036 1302 4113 obtinere,
1326 4040 1359 4097 et
1383 4053 1453 4098 cum
1476 4032 1547 4096 aliis
1571 4030 1848 4096 nonobstantibus
1872 4035 1905 4094 et
1930 4031 2086 4096 clausulis
2108 4050 2188 4115 opor·

687 4142 773 4207 tuuis
796 4146 829 4204 et
852 4141 1084 4204 executoribus.
1743 4158 1745 4161 ·

791 4245 863 4309 Fiat
885 4245 922 4309 a.

793 4352 873 4414 Item
898 4349 1056 4431 supplicat
1079 4350 1109 4414 S.
1134 4349 1171 4413 V.
1202 4348 1336 4411 (leuatus
1367 4345 1549 4429 caprellauus
1580 4351 1686 4408 vester
1716 4344 1868 4408 NIcolaus
1899 4344 1939 4408 de
1968 4343 2187 4412 Luueulburcb.

688 4456 885 4521 ambasiator
915 4456 998 4533 regis
1029 4454 1250 4529 Romanorum,
1282 4456 1438 4532 ullatenus
1473 4451 1533 4513 sibi
1564 4450 1595 4513 iu
1629 4469 1795 4532 personam
1829 4447 2008 4513 Theobaldi
2044 4449 2188 4532 quondam

689 4560 818 4625 Martini
851 4560 890 4623 de
914 4558 1142 4636 Lucemburclr,
1178 4557 1403 4638 consanguinei
1435 4556 1493 4631 sui,
1529 4555 1701 4636 specialem
1731 4555 1869 4636 graciam
1898 4554 2068 4632 facientes¹
2100 4553 2189 4618 eidem

687 4663 869 4729 Theobaldo
901 4664 940 4727 dc
972 4664 1157 4727 carronicatu
1189 4668 1220 4726 et
1250 4662 1412 4743 prebemla
1443 4659 1577 4724 eccelesie
1612 4661 1712 4722 sarreti
1746 4658 1886 4724 Castoris
1918 4658 1950 4721 iu
1988 4657 2189 4731 Conlluenria

687 4770 895 4834 Treuereusls
919 4768 1065 4845 ‹licrcesis
1089 4767 1129 4831 ad
1154 4784 1285 4848 presens
1310 4766 1494 4829 vacantibus
1519 4765 1549 4827 iu
1573 4764 1661 4827 curia
1685 4764 1715 4828 S.
1733 4763 1770 4828 V.
1795 4779 1853 4845 per
1875 4760 2012 4827 liberam
2031 4762 2189 4846 resIgnaci-

688 4893 779 4937 onem
803 4873 904 4953 ipsius
927 4871 1059 4950 Nicolai,
1083 4872 1225 4935 eiusdem
1249 4869 1384 4933 ecclesie
1407 4868 1595 4951 prebendati
1620 4868 1772 4944 canonici,
1807 4867 1839 4930 iu
1862 4867 2013 4933 manibus
2037 4864 2188 4932 reuerendi

689 4978 719 5040 iu
744 4975 871 5042 Christo
896 4978 995 5058 patris
1020 4976 1136 5040 ‹loruiui
1162 4974 1327 5051 (luidonis
1352 4972 1437 5037 tituli
1461 4978 1570 5036 sarreia
1603 4973 1720 5036 Cecilie
1753 4972 1932 5054 presbyteri
1955 4972 2137 5048 cardinalis,
2158 4969 2190 5032 de

688 5083 835 5146 ulandato
859 5086 966 5145 restro
990 5082 1049 5144 sibi
1074 5082 1157 5145 fracto
1181 5077 1309 5143 oraculo
1333 5079 1403 5141 rire
1427 5078 1513 5141 vocis
1536 5082 1648 5158 sponte
1672 5077 1797 5154 factam,
1824 5075 1999 5156 dignemini
2025 5075 2189 5158 providere,

689 5187 930 5262 nonobstante,
956 5185 1039 5266 quod
1063 5184 1146 5248 idem
1177 5182 1379 5247 'l'beobaldus
1411 5184 1441 5247 iu
1473 5181 1607 5246 eccclesia
1638 5181 1791 5261 Prageusi
1823 5181 2047 5245 canonicatum
2078 5187 2111 5244 et
2131 5196 2190 5260 pre

689 5291 822 5354 bendum
853 5290 995 5353 noscitur
1025 5287 1177 5364 obtinere,
1210 5308 1280 5351 eum
1313 5287 1385 5351 aliis
1415 5305 1476 5350 nou
1509 5286 1710 5350 obstantibus
1742 5292 1774 5349 et
1804 5284 1956 5349 clausulis
1981 5284 2145 5366 oportunis
2164 5289 2189 5344 et

692 5395 928 5560 execulqlaltblll.
952 5496 995 5560 Et
1018 5515 1045 5575 q.
1064 5500 1086 5557 t.
1104 5512 1127 5557 s.
1145 5513 1173 5556 a.
1190 5493 1210 5556 l.
1235 5493 1307 5556 Fiat
1331 5493 1367 5555 R.
1392 5494 1430 5557 I).
1455 5493 1612 5556 ,luiuioue
1636 5492 1701 5557 llll
1726 5510 1796 5554 uon
1822 5491 2013 5556 Decembris
2036 5510 2065 5555 a.
2084 5491 2188 5572 quinto.

796 5648 945 5701 Clementis
966 5647 1046 5698 VIS.
1067 5646 1119 5711 t'ja
1140 5647 1194 5709 (1⁶2)
1215 5644 1232 5696 l.
1254 5650 1311 5696 120.
