5184 7050
516 1079 590 1144 Fiat
613 1080 645 1142 in
667 1079 752 1144 susm
774 1079 851 1144 dicti
875 1081 976 1143 sancti
1001 1079 1041 1143 dc
1066 1098 1128 1144 uno
1151 1098 1233 1144 anno
1256 1085 1289 1144 ct
1313 1099 1374 1144 una
1398 1081 1605 1162 quadragena
1625 1081 1698 1153 R.²)

516 1202 598 1266 Item
632 1202 803 1284 supplicat,
838 1202 922 1283 quod
957 1200 1060 1266 eidem
1094 1208 1129 1266 et
1156 1201 1306 1284 Heduigl,
1334 1201 1425 1266 uxori
1448 1220 1515 1281 sue,
1539 1203 1713 1267 concedere
1736 1205 1917 1286 dignemini,

413 1307 498 1388 quod
521 1325 631 1371 oormn
654 1306 818 1375 confessor
840 1324 895 1371 eos
918 1305 1085 1373 absolvere
1107 1305 1216 1371 valeat
1238 1306 1271 1370 in
1293 1307 1404 1371 mortis
1428 1305 1563 1372 articulo
1586 1324 1606 1371 a
1628 1307 1770 1389 peccatis
1793 1308 1919 1388 suis,ut

412 1410 581 1477 informa.

516 1516 590 1581 Fiat
612 1513 686 1596 Rs)
1191 1572 1193 1576 .

516 1620 598 1685 item
621 1619 792 1700 supplicat
815 1623 972 1701 quatenus
995 1619 1057 1685 sibi
1079 1620 1112 1683 in
1134 1636 1303 1701 personam
1326 1617 1434 1684 dilecti
1454 1620 1581 1703 nepotis
1597 1620 1646 1684 sui
1662 1618 1834 1702 Hyuconis,
1850 1620 1919 1700 nati

411 1723 530 1789 nobilis
553 1724 613 1788 viri
628 1722 806 1789 Wenteslai
823 1723 862 1788 de
878 1723 1100 1802 Itisseuburtb
1118 1722 1224 1788 clerici
1241 1723 1412 1806 Prageusis
1428 1723 1575 1802 diocesis,
1592 1722 1763 1804 specialem
1778 1723 1918 1806 graciam

411 1827 577 1907 iacientes,
601 1828 641 1891 de
664 1827 852 1892 canonicatu
876 1835 909 1892 ct
931 1829 1093 1909 prebenda
1116 1826 1251 1892 ecclesie
1274 1829 1443 1911 Prageusis
1477 1828 1665 1893 vacantibus
1696 1827 1746 1891 vel
1776 1828 1918 1910 proxime

411 1933 577 1998 vacaturis
599 1950 670 1998 curu
693 1933 917 2012 acceptacione
940 1936 973 1996 ot
996 1931 1141 1997 clausula
1165 1932 1317 1997 anteferri
1340 1932 1443 1997 eidem
1466 1930 1611 2015 Hyuconi
1645 1931 1816 2013 dignamini
1846 1951 1918 2014 pro·

411 2035 530 2115 videre,
555 2055 626 2100 curu
648 2037 793 2103 omnibus
817 2055 878 2101 non
901 2037 1103 2101 obstantibus
1126 2042 1159 2101 et
1181 2036 1333 2102 clausulis
1356 2037 1522 2118 oportunis
1545 2042 1578 2101 et
1600 2037 1833 2102 executoribus.

516 2166 591 2231 Fiat
611 2166 649 2230 R.
661 2164 687 2248 ⁴)
726 2167 807 2232 Item
831 2186 860 2248 q.
883 2172 906 2232 t.
931 2185 955 2232 s.
981 2187 1009 2232 a.
1034 2167 1054 2232 1.
1093 2167 1167 2232 Fiat
1189 2167 1225 2231 rt
1269 2167 1307 2232 D.
1332 2167 1489 2232 Aulaione
1512 2167 1621 2234 XVIII
1644 2168 1707 2234 kal.
1733 2168 1917 2233 Decembris

412 2290 442 2335 a.
467 2270 617 2337 secundo.

517 2461 667 2517 Clementis
686 2462 724 2517 VI
740 2461 760 2516 S
777 2461 829 2533 1111
852 2465 891 2532 (3)
910 2462 928 2516 1.
946 2463 999 2518 47'.
1017 2492 1050 2503 -
1071 2463 1091 2529 ¹)
1108 2461 1200 2517 litters
1216 2463 1272 2517 ista
1288 2478 1346 2516 nou
1364 2468 1406 2516 ast
1423 2468 1541 2531 reperta
1560 2466 1581 2529 1)
1599 2462 1671 2518 Vide
1688 2479 1715 2517 ιι.
1733 2467 1792 2515 261.
1812 2460 1917 2528 avide

411 2569 438 2606 ιι.
456 2555 517 2603 aas.
536 2552 558 2617 ⁴)
576 2548 670 2604 litters
686 2550 742 2606 ista
758 2565 813 2603 non
832 2556 875 2606 ast
891 2557 1011 2620 reperta

1064 2748 1224 2757 -----.ι..--
1251 2750 1267 2755 -

470 3074 562 3140 261.
591 3074 753 3139 Universos
775 3074 941 3140 ecclesiam
962 3076 998 3139 in
1020 3074 1184 3140 noma
1203 3065 1407 3140 ιίιίιαιιιίὸιι
1430 3073 1645 3156 indulgentiae
1666 3072 1859 3154 largiuntur.

456 3264 515 3388 fx'.
1318 3288 1481 3370 Asnam,
1504 3291 1590 3355 1343
1614 3287 1799 3354 Namara
1824 3290 1873 3353 ιι.

516 3506 685 3574 Universis
712 3506 832 3575 Gbristi
862 3505 1010 3574 fidelibus
1039 3513 1206 3593 presentes
1234 3509 1361 3575 iltteras
1391 3509 1584 3591 inspecturis
1614 3528 1638 3574 s.
1666 3514 1727 3574 etc.
1761 3507 1919 3592 Splendor

410 3618 546 3696 paterne
575 3611 685 3695 glorie,
715 3613 766 3693 qui
796 3636 850 3678 sua
879 3618 1015 3678 mnndum
1044 3619 1190 3678 illumiuat
1218 3619 1360 3679 ineffabili
1391 3619 1536 3693 claritate,
1565 3619 1615 3693 pia
1637 3625 1706 3679 rota
1729 3618 1858 3677 fidelium
1881 3619 1917 3677 de

412 3706 639 3766 clementissima
661 3707 754 3781 ipsius
777 3706 929 3765 maiestate
939 3703 966 3781 ⁸)
989 3708 1172 3780 sperancium
1195 3712 1265 3765 tunc
1286 3707 1426 3780 precipue
1449 3707 1574 3781 benigno
1596 3704 1697 3766 favore
1719 3706 1918 3780 prosequitur,

412 3829 477 3870 cum
500 3811 608 3868 devota
630 3811 760 3883 ipsorum
783 3809 932 3869 humilitas
955 3816 1123 3870 sanctorum
1144 3811 1283 3885 precibus
1305 3816 1336 3869 et
1357 3801 1509 3885 meritis⁸l
1532 3812 1697 3870 adiuvatur.
1743 3801 1918 3885 Cupientes

412 3908 521 3991 igitur,
544 3911 581 3971 ut
603 3906 740 3971 ecclesia
764 3908 795 3971 iu
818 3908 995 3988 Dubenetz,
1019 3909 1190 3991 Prageusis
1213 3909 1361 3987 diocesis,
1385 3926 1481 3990 quarn
1504 3910 1533 3974 d.
1555 3907 1577 3974 f.
1594 3907 1709 3975 nobilis
1734 3908 1784 3973 vir
1805 3906 1918 3989 Hynco

414 4011 454 4076 de
476 4010 620 4090 Nacbod‚
643 4011 722 4075 baro
745 4012 777 4075 iu
800 4029 897 4094 regno
912 4012 1052 4091 Boemie‚
1069 4012 1109 4077 ad
1125 4011 1276 4077 bonorem
1291 4018 1325 4077 et
1345 4011 1474 4078 laudern
1494 4013 1544 4078 dei
1562 4017 1594 4077 et
1609 4013 1711 4078 sancti
1728 4010 1918 4087 Ventislai⁶l

414 4115 555 4180 martiris
579 4115 666 4194 lacit,
690 4132 849 4197 quamque
868 4135 925 4198 pro
941 4118 1179 4181 sustentacione
1195 4115 1371 4182 sacerdotis
1386 4116 1481 4182 unios
1497 4122 1530 4181 et
1544 4117 1652 4182 clerici
1667 4116 1750 4182 sicut
1765 4116 1920 4182 asseritur

412 4219 564 4284 decenter
586 4217 718 4297 dotavit,
742 4219 889 4299 congruis
912 4218 1086 4285 honoribus
1108 4220 1339 4302 frequentetur,
1363 4233 1393 4286 et
1416 4234 1448 4286 ut
1470 4228 1581 4288 christi
1604 4227 1705 4286 fidelos
1725 4246 1759 4287 eo
1775 4227 1918 4286 libencius

410 4345 498 4388 causa
522 4326 691 4387 devocionis
714 4325 865 4386 confluant
886 4329 923 4387 sd
946 4330 1077 4405 eandem,
1101 4348 1158 4404 quo
1181 4348 1217 4389 cx
1241 4329 1297 4389 hoc
1321 4330 1451 4390 uberiori
1474 4331 1552 4391 dono
1576 4330 1693 4390 celestis
1718 4332 1818 4405 gracie
1849 4349 1918 4393 eon·

412 4432 565 4506 spexerint
580 4450 612 4491 se
628 4430 766 4506 refectos,
783 4432 818 4490 de
834 4433 1042 4506 omnipotentis
1059 4435 1105 4492 dci
1121 4434 1325 4494 misericordia
1347 4442 1378 4493 et
1400 4436 1551 4494 beatorum
1574 4435 1656 4494 Petri
1678 4441 1709 4495 et
1730 4435 1826 4510 Pauli,
1847 4453 1918 4509 apo·

411 4539 554 4596 stolorum
578 4537 652 4610 eius,
674 4538 853 4595 auctoritate
877 4536 979 4596 confisi
1003 4539 1136 4597 omnibus
1158 4557 1227 4597 vere
1250 4540 1450 4612 penitentibus
1474 4546 1504 4598 et
1527 4539 1679 4607 confessis,
1696 4541 1747 4613 qui
1766 4541 1918 4600 ecclesiam

410 4642 502 4713 ipsam
526 4640 557 4698 in
581 4641 629 4700 (lie
650 4641 822 4699 festivitatis
853 4642 983 4700 eiusdem
1013 4644 1107 4701 sancti
1137 4643 1282 4702 Ventislai
1314 4644 1417 4703 devote
1441 4643 1636 4718 visitaverint,
1658 4646 1807 4703 annuatim
1832 4662 1918 4702 unum

411 4762 518 4804 annum
534 4750 565 4802 et
580 4744 775 4818 quadraginta
790 4744 853 4803 dies
865 4747 900 4804 de
916 4746 1056 4805 iniunctis
1072 4747 1115 4804 eis
1130 4747 1306 4820 penitenciis
1329 4748 1561 4807 misericorditer
1585 4749 1760 4807 relaxamus.
1785 4743 1823 4807 D.
1841 4742 1918 4806 Aui-

410 4843 503 4907 uione
527 4840 638 4907 XVIII
662 4839 724 4905 kal.
749 4842 935 4907 Decembris
959 4863 988 4908 a.
1012 4845 1160 4909 secundo.

515 5082 666 5136 Clementis
685 5082 723 5135 Vl
741 5085 765 5136 Α
784 5084 839 5152 illd
860 5090 915 5153 (76)
934 5086 953 5140 t.
974 5090 1041 5155 113⁹,
1060 5088 1094 5143 de
1112 5088 1234 5155 indultis,
1253 5089 1405 5158 privilegiis
1427 5096 1455 5144 et
1473 5088 1727 5158 dispensationibus
1745 5105 1792 5156 qu.
1810 5093 1873 5140 6:
1886 5087 1920 5141 V.

412 5170 763 5223 real.31211.1445.-
790 5177 813 5236 ¹)
832 5189 900 5225 corr.
921 5190 954 5226 ex
973 5178 1150 5243 ‚magestatis‘
1168 5177 1202 5228 A.
1230 5176 1253 5239 Ι·)
1271 5191 1340 5229 corr.
1360 5192 1395 5229 cx
1414 5176 1526 5241 ,meritis
1546 5184 1574 5229 et
1592 5175 1729 5243 precibus‘
1747 5177 1781 5229 A.
1810 5180 1832 5239 t)
1849 5190 1919 5228 corr.

411 5257 438 5310 in
457 5256 581 5325 margine
600 5273 635 5311 ex
653 5256 786 5323 ‚Vetislai‘
805 5261 838 5312 Δ.
