5184 7050
543 817 613 885 450

648 1027 730 1091 Item
752 1042 810 1106 pro
835 1023 939 1100 Petro,
964 1028 1039 1088 nato
1063 1021 1221 1104 quondam
1251 1021 1339 1086 Petri
1370 1021 1409 1084 de
1440 1022 1540 1099 Luna,
1575 1019 1690 1085 clerico
1715 1021 1888 1101 Pragensis
1912 1021 2047 1101 diocesis,

545 1130 584 1195 de
606 1126 761 1193 beneficio
785 1125 1003 1191 ecclesiastico
1027 1144 1097 1189 cum
1121 1144 1197 1190 cura
1227 1124 1278 1189 vel
1301 1125 1369 1189 sine
1393 1144 1478 1203 cura,
1513 1129 1678 1207 spectante
1702 1126 1914 1191 communiter
1940 1127 2046 1192 001011-

543 1234 635 1298 01οἰ10
659 1232 700 1296 ad
724 1230 928 1296 collacionem
952 1235 1012 1294 etc,
1037 1230 1162 1294 abbatis
1185 1233 1219 1292 et
1243 1234 1416 1294 conventus
1447 1230 1630 1295 monasterii
1653 1230 1687 1294 in
1710 1228 1905 1309 Wellehard,
1942 1231 2048 1297 ordinis

546 1335 780 1413 Gleterciensis,
805 1334 1025 1400 olomucensis
1049 1333 1241 1413 diocesis.²⁰)

649 1459 731 1523 Item
754 1475 813 1540 pro
835 1456 981 1521 Iohanne
1006 1453 1135 1520 Caluels
1159 1455 1198 1520 de
1221 1454 1450 1538 Lucembnrgo,
1472 1455 1659 1540 presbytero
1682 1457 1895 1523 Treuerensis
1911 1457 2048 1536 diocesis,

546 1563 586 1627 de
609 1562 761 1627 beneficio
785 1560 1003 1625 ecclesiastico
1027 1578 1098 1623 cum
1121 1578 1197 1623 cura
1219 1562 1270 1626 vel
1294 1559 1363 1629 sine
1394 1577 1478 1639 cura,
1512 1565 1677 1642 spectante
1708 1562 1920 1627 communiter
1942 1562 2051 1628 001011-

547 1667 640 1732 visim
664 1667 704 1731 ad
728 1665 932 1730 collacionem
955 1669 1016 1728 etc.
1036 1665 1187 1746 magistre
1204 1669 1237 1727 et
1252 1667 1426 1728 conventus
1449 1665 1635 1729 monasterii
1657 1665 1754 1730 beate
1778 1665 1881 1730 Marie
1904 1666 1938 1730 in
1962 1666 2052 1732 Orreo

547 1771 766 1850 Treucrensis,
786 1769 906 1836 ordinis
923 1767 1024 1832 sancti
1040 1768 1211 1848 Augustini
1234 1772 1306 1847 etc,
1330 1786 1392 1832 000
1415 1768 1572 1846 01010010,
1596 1769 1680 1851 quod
1703 1770 1773 1851 ipse
1799 1768 1882 1834 alias
1905 1770 1938 1835 in
1962 1769 2051 1835 forma

547 1894 721 1959 pauperum
746 1874 786 1940 ad
810 1873 1013 1940 collacionem
1035 1874 1151 1955 prioris
1173 1873 1334 1954 prioratus
1367 1872 1405 1936 de
1428 1871 1646 1955 Vsildinghen,
1682 1873 1766 1939 dicte
1790 1874 1941 1954 diocesis,
1965 1875 2055 1956 impc-

549 1980 657 2057 travit,
682 1979 733 2044 cui
756 1979 862 2062 gracie
885 1978 1072 2043 renunciare
1096 1981 1146 2042 est
1168 1975 1354 2059 pai·atus‘²¹)

650 2103 731 2167 Item
755 2120 811 2184 pro
834 2081 979 2166 Iohanne
1004 2097 1142 2164 Conradi
1165 2098 1242 2163 dicti
1266 2099 1369 2165 Surda
1392 2100 1431 2163 de
1456 2098 1635 2178 Racovvink,
1657 2099 1773 2165 clerico
1796 2100 1970 2184 Pragensis
1992 2100 2052 2165 dio·

547 2207 639 2284 cesis,
664 2205 703 2271 de
726 2203 880 2270 beneficio
903 2203 1121 2269 ecclesiastico
1153 2222 1224 2267 cum
1255 2221 1331 2267 cura
1362 2202 1412 2277 vel
1444 2203 1513 2268 sine
1537 2222 1624 2282 cura,
1660 2208 1827 2286 spectante
1852 2205 2054 2269 communiter

545 2309 597 2376 vel
620 2309 746 2375 divisim
769 2308 810 2373 ad
833 2307 1037 2374 collacionem
1060 2314 1120 2374 etc.
1138 2306 1302 2391 prepositi,
1327 2307 1438 2373 decani
1454 2313 1488 2372 et
1504 2307 1635 2390 capituli
1658 2307 1794 2373 ecclesie
1816 2314 1931 2374 sancte
1948 2307 2051 2374 Crucis

548 2413 878 2499 Wratislauiensis.²²)

650 2536 730 2601 Item
753 2555 811 2619 pro
833 2536 965 2602 Nicolao
988 2534 1152 2601 Vincencii
1169 2535 1208 2599 de
1224 2534 1394 2615 Reithnau,
1419 2535 1534 2602 clerico
1553 2534 1722 2618 Pragensis
1739 2535 1888 2614 diocesis,
1906 2534 1947 2599 de
1962 2535 2050 2599 bene·

546 2639 617 2705 ticio
641 2640 859 2707 ecclesiastico
883 2659 953 2705 cum
977 2660 1053 2705 cura
1083 2638 1133 2704 vel
1157 2639 1226 2703 sine
1249 2658 1335 2718 cura,
1367 2645 1533 2721 spectante
1564 2641 1772 2705 communiter
1794 2637 1846 2704 vel
1870 2639 1998 2705 divisim
2018 2639 2053 2703 ad

547 2743 752 2810 collacionem
775 2750 835 2809 etc.
860 2745 985 2810 abbatis
1008 2747 1041 2808 et
1064 2747 1237 2809 conventus
1260 2745 1444 2809 monasterii
1475 2745 1507 2809 in
1538 2744 1657 2823 Insula,
1688 2744 1808 2809 ordinis
1832 2745 1939 2809 sancti
1961 2746 2055 2811 Bene-

549 2849 636 2928 dicti,
665 2850 749 2914 dicte
776 2848 966 2931 diocesis.²³)

653 2954 734 3018 Item
758 2972 815 3035 pro
838 2953 993 3031 Iohanne,
1010 2958 1085 3017 nato
1102 2952 1258 3034 quondam
1281 2951 1412 3017 Henrici
1430 2949 1469 3014 de
1485 2951 1658 3032 Krischavv,
1674 2953 1870 3033 subdiacono
1893 2952 2055 3036 Pragensis

548 3056 695 3136 diocesis,
720 3058 759 3124 de
781 3057 935 3123 beneficio
959 3057 1176 3122 ecclesiastico
1200 3073 1270 3119 cum
1294 3075 1371 3119 cura
1392 3054 1443 3119 vel
1467 3057 1536 3120 sine
1559 3076 1645 3137 cura,
1662 3063 1828 3141 spectante
1853 3059 2055 3123 communiter

550 3161 601 3226 vel
625 3162 751 3227 divisim
767 3162 808 3227 ad
825 3162 1027 3227 collacionem
1044 3167 1104 3226 etc.
1121 3161 1272 3242 episcopi,
1288 3160 1453 3242 prepositi,
1471 3161 1582 3225 decani
1598 3167 1631 3226 et
1646 3161 1776 3244 capituli
1800 3161 2054 3245 singulariumque

548 3268 769 3332 canonicorum
793 3266 927 3331 ecclesie
950 3267 1181 3344 I‘aotauiensis,
1213 3266 1315 3329 eciam
1346 3265 1373 3328 si
1396 3265 1429 3328 10
1453 3264 1589 3329 eeclesia
1612 3265 1813 3331 I’aetauiensi
1838 3267 1967 3346 existat,
1999 3285 2053 3330 nou

547 3372 694 3437 obstante
718 3372 779 3436 sibi
801 3373 908 3454 gracia
931 3371 970 3435 de
993 3370 1182 3454 parrochiali
1206 3368 1346 3434 ecclesia
1367 3369 1476 3451 oppidi
1499 3369 1805 3448 Ρ10010,Μ10000010
1830 3371 1979 3450 diocesis,
2002 3388 2053 3452 per

546 3475 679 3541 eandem
714 3476 744 3544 S,
780 3475 874 3557 lacta,
910 3495 972 3560 que
1006 3476 1109 3541 cidem
1144 3474 1268 3540 omnino
1303 3488 1351 3538 001
1385 3474 1516 3554 10011110,
1553 3493 1648 3557 quam
1681 3475 1784 3541 eciam
1816 3475 1980 3542 dimittere
2008 3480 2052 3540 est

550 3578 737 3663 pa1·atus.²⁴)

652 3687 733 3751 Item
756 3704 812 3767 pro
836 3685 986 3764 Hemico,
1010 3690 1084 3751 nato
1108 3684 1240 3750 Heurici
1265 3682 1680 3762 dictiVosvvinkel,cle1·ico
1705 3684 1965 3769 Osnabnrgensis
1987 3684 2046 3749 dio·

549 3792 673 3874 cesisf)
698 3791 737 3854 de
760 3788 914 3854 beneficio
938 3789 1154 3853 ecclesiastico
1186 3807 1255 3852 cum
1287 3807 1363 3851 cura
1392 3787 1442 3851 vel
1473 3788 1541 3853 sine
1569 3808 1654 3865 cura,
1677 3794 1844 3871 spectante
1867 3792 1910 3855 ad
1933 3789 2049 3856 collaci-

551 3915 642 3961 onem
667 3896 830 3959 abbatisse
853 3894 1007 3958 secularis
1031 3893 1164 3957 ecclesio
1187 3892 1434 3969 Heruordeusis,
1457 3893 1709 3958 Padebemeusis
1732 3893 1927 3974 diocesis.²³)

654 4018 736 4081 Item
758 4034 815 4098 pro
839 4015 1004 4097 Itodolpho
1027 4016 1111 4079 dicto
1128 4015 1167 4078 de
1183 4014 1291 4092 Horst,
1309 4013 1424 4078 clerico
1448 4014 1709 4079 blonasterieusis
1733 4016 1881 4096 diocesis,
1904 4018 1944 4082 de
1963 4018 2048 4082 1000-

552 4121 622 4186 licio
647 4119 864 4184 ecclesiastico
888 4139 958 4184 curn
982 4140 1058 4184 cura
1081 4119 1132 4183 vel
1155 4120 1223 4183 sine
1248 4138 1332 4197 cura,
1364 4123 1528 4199 spectante
1559 4120 1767 4185 conuuuniter
1792 4119 1844 4184 vel
1867 4120 1992 4186 divisim
2013 4119 2048 4184 ad

548 4225 752 4290 collacionem
776 4231 835 4289 etc.
861 4225 1012 4307 episcopi,
1037 4224 1200 4307 prepositi,
1225 4222 1348 4300 decani,
1373 4221 1563 4287 thesaurarii
1595 4229 1627 4287 et
1651 4224 1782 4307 capituli
1807 4231 1840 4291 et
1862 4226 2047 4309 singulorum

551 4330 773 4396 canonicorum
796 4329 931 4395 ecclesie
958 4327 1275 4409 blociasterierisis.²⁶)

650 4453 729 4517 item
760 4470 817 4532 pro
849 4451 984 4516 Ilodollo
1016 4452 1054 4516 de
1085 4451 1221 4530 Reclene,
1257 4450 1372 4515 clerico
1407 4450 1620 4515 Traiectensis
1651 4450 1798 4528 diocesis,
1831 4450 1872 4516 de
1903 4451 2045 4516 beneficio

546 4557 765 4621 ecclesiastico
790 4575 859 4619 cum
883 4575 959 4621 cura
982 4556 1031 4620 vel
1056 4556 1124 4620 sine
1148 4575 1234 4632 cura,
1252 4560 1416 4636 spectante
1433 4555 1639 4618 communiter
1655 4553 1704 4618 vel
1721 4554 1849 4619 divisim
1874 4557 1916 4621 ad
1932 4554 2047 4621 collaci-

546 4679 635 4724 onem
661 4665 719 4723 etc.
744 4662 910 4742 prepositi,
928 4662 1039 4725 decani
1057 4666 1090 4724 et
1106 4661 1239 4742 capituli
1260 4659 1395 4723 ecclesie
1413 4658 1665 4737 Dauantriensis,
1683 4658 1767 4723 dicte
1791 4660 1940 4740 diocesis,
1957 4661 2046 4724 eciam

546 4764 572 4828 si
596 4765 800 4829 canonicatus
824 4771 856 4829 et
880 4765 1042 4846 prebenda
1058 4785 1094 4829 ac
1111 4764 1366 4845 supplementum
1390 4762 1531 4825 eiusdem
1556 4764 1700 4841 ecclesie,
1722 4771 1912 4830 consuetum
1934 4773 2046 4830 tanturn

471 4934 473 4939 .
545 4869 706 4933 canonicis
730 4870 937 4949 prebendatis
961 4871 992 4933 in
1015 4870 1126 4933 eadem
1151 4868 1287 4932 ecclesia
1323 4868 1488 4948 assignari,
1521 4868 1638 4931 existat
1671 4873 1741 4945 etc,
1769 4887 1831 4932 000
1855 4870 2048 4934 obstantibus

545 4973 677 5036 statutis
702 4978 735 5035 01
758 4974 1042 5037 consuetudinibus
1060 4974 1160 5054 ipsius
1178 4971 1323 5049 ecclesie,
1349 4972 1516 5053 presertim
1541 4972 1656 5053 clavibus
1680 4977 1820 5051 cavetur,
1845 4973 1929 5056 quod
1953 4973 2047 5038 nullus

546 5075 801 5157 supplementum
825 5076 944 5142 habere
968 5077 1084 5156 valeat,
1109 5077 1169 5140 nisi
1195 5077 1366 5140 canonicus
1390 5082 1425 5140 ut
1449 5076 1645 5156 premittitur
1667 5076 1939 5161 prebendatusf')

648 5199 729 5263 Item
753 5217 808 5279 pro
834 5200 975 5264 Fridrico
999 5199 1152 5282 Murlinf)
1177 5199 1363 5281 presbytero
1387 5199 1631 5279 Bambergensis
1655 5199 1803 5279 diocesis,
1839 5201 1880 5265 de
1904 5201 2046 5268 beneficio

543 5301 762 5367 ecclesiastico
786 5323 856 5367 00ιο
881 5323 957 5367 eura
982 5303 1030 5367 vel
1054 5305 1123 5368 sine
1147 5323 1233 5382 cura,
1250 5308 1416 5384 spectante
1441 5302 1481 5365 ad
1505 5303 1711 5368 collacionem
1734 5310 1795 5369 etc.
1820 5305 2044 5389 archiepiscopi

550 5406 884 5488 Salczeburgensis.²'⁴‘)

648 5511 727 5574 11001
751 5530 806 5591 pro
830 5512 976 5575 10110000
1000 5513 1109 5576 tiacobi
1135 5512 1174 5574 de
1198 5512 1292 5587 Gora,
1311 5512 1426 5575 elerico
1441 5512 1718 5575 ll'ratislauiensis
1743 5512 1891 5593 diocesis
1908 5515 1947 5579 de
1963 5515 2046 5580 bene·

474 5619 479 5631 '
543 5613 613 5678 licio
640 5614 859 5679 aeclesiastico
894 5617 962 5679 0100
994 5637 1079 5693 eura,
1113 5624 1277 5696 spectante
1310 5617 1516 5679 eorumuniter
1548 5615 1596 5678 vel
1629 5616 1754 5680 ‹livisim
1786 5618 1828 5681 ad
1852 5618 2047 5684 collacionem

545 5727 603 5783 etc.
629 5721 782 5802 episcopi,
818 5721 930 5783 0100001
963 5728 993 5784 01
1026 5722 1157 5802 capituli
1189 5722 1324 5799 ecclesie
1357 5720 1631 5784 irratislauieosis
1656 5727 1727 5798 etc,
1762 5740 1825 5785 000
1849 5723 2007 5802 obstante,
2027 5723 2048 5786 si
