5184 7050
1868 865 1927 931 431

421 1069 513 1136 721.
537 1069 660 1143 Boura,
683 1068 811 1134 ducissa
835 1070 1064 1148 Normurm‘uc,
1097 1071 1291 1149 admonetur,
1321 1073 1476 1152 quotenos
1506 1091 1601 1153 super
1631 1075 1729 1134 morte
1748 1072 1857 1154 patris
1879 1072 1930 1138 sui

417 1172 589 1252 Jobouuis,
601 1172 685 1255 repis
696 1173 877 1253 Bolremioc,
890 1172 1063 1238 consoletur
1078 1178 1108 1237 et
1123 1172 1265 1238 ariorum
1282 1174 1350 1238 eius
1362 1174 1429 1258 piis
1445 1173 1590 1257 operibus
1606 1173 1760 1239 adiuvare
1769 1180 1930 1257 procuret.

1323 1347 1486 1423 avinione,
1509 1349 1597 1412 1346
1619 1347 1809 1431 Septembris
1833 1353 1885 1415 20.

526 1522 652 1587 Dilecto
667 1521 699 1585 in
716 1520 842 1587 Christo
866 1519 931 1587 filie
952 1520 1050 1587 nobili
1073 1521 1196 1587 muheri
1220 1522 1319 1600 Bone,
1336 1522 1464 1588 ducisse
1487 1522 1690 1587 Normannie.
1714 1521 1932 1605 Repleverunt

419 1626 630 1691 amaritudine
654 1627 822 1708 precordia
844 1627 959 1691 mentis
982 1631 1090 1691 nostre
1114 1644 1255 1691 rumores
1278 1625 1439 1708 lugubres,
1464 1627 1518 1708 qui
1542 1626 1581 1690 de
1605 1627 1741 1691 transitu
1765 1625 1849 1691 clare
1864 1646 1929 1691 me·

419 1729 520 1795 morie
541 1728 708 1808 iohannis,
732 1731 817 1812 regis
839 1731 979 1810 Boemie,
1002 1732 1156 1814 genitoris
1178 1731 1236 1810 tui,
1260 1730 1301 1795 ad
1323 1749 1381 1795 nos
1404 1731 1466 1795 hiis
1490 1730 1601 1796 diebus
1632 1731 1796 1813 preteritis
1819 1750 1928 1811 perve-

419 1840 545 1898 nerunt.
570 1833 733 1917 Siquidem
757 1834 831 1899 dum
853 1835 1072 1900 sinceritatem
1094 1835 1231 1916 ingentis
1254 1833 1436 1899 devocionis
1459 1839 1493 1899 et
1515 1831 1599 1912 fidei,
1631 1835 1746 1916 quihus
1773 1854 1828 1900 rex
1851 1836 1930 1917 ipse,

421 1937 497 2003 dum
519 1938 553 2002 in
575 1938 720 2004 humanis
742 1945 861 2022 ageret,
893 1958 969 2021 erga
992 1938 1085 2003 deum
1116 1944 1149 2003 et
1179 1944 1323 2004 sanctam
1352 1939 1524 2004 Romam
1554 1938 1724 2004 ecclesiam
1750 1939 1931 2022 prefulgere

419 2041 553 2120 studuit,
576 2042 746 2124 diligenter
768 2044 961 2107 attendimus
995 2047 1028 2107 et
1059 2042 1206 2125 specialis
1237 2042 1421 2109 dileccionis
1451 2042 1621 2123 vinculum,
1652 2044 1736 2126 quod
1767 2044 1929 2108 internos

420 2151 454 2210 et
477 2146 581 2228 ipsum
604 2164 710 2229 regern
733 2148 861 2230 vigebat
884 2152 917 2212 et
938 2147 1049 2230 viguit,
1066 2148 1166 2212 eciam
1189 2167 1259 2212 cum
1283 2166 1340 2212 nos
1363 2147 1497 2213 haberet
1519 2154 1621 2214 status
1645 2148 1784 2228 inferior,
1801 2148 1841 2212 ad
1864 2166 1929 2212 me·

419 2251 553 2315 moriam
575 2270 770 2330 revocamus,
794 2252 937 2334 prolecto
960 2251 1000 2315 de
1023 2252 1243 2316 subtractione
1265 2253 1346 2317 tanti
1377 2256 1410 2316 et
1432 2252 1506 2318 talis
1529 2251 1586 2318 lilii
1609 2253 1709 2318 nostri
1740 2257 1773 2317 et
1795 2253 1931 2317 ecclesie

419 2361 551 2436 tamque
574 2356 639 2420 cari
662 2356 754 2422 nobis
777 2357 983 2439 singulariter
1005 2357 1123 2421 doloris
1146 2357 1277 2421 materia
1301 2357 1389 2422 iuxta
1411 2356 1614 2440 fragilitatem
1634 2358 1770 2423 humane
1794 2358 1931 2424 condici-

420 2460 492 2525 onis
525 2461 673 2539 occurrit,
705 2461 762 2525 sed
793 2460 867 2525 dum
898 2459 991 2525 finem
1022 2460 1169 2525 universe
1204 2461 1307 2525 carnis
1338 2461 1563 2542 perpendimus
1594 2466 1627 2526 et
1656 2462 1696 2526 ad
1726 2461 1930 2528 mortalitatis

419 2564 523 2647 legem
545 2564 681 2631 humano
704 2565 854 2636 indictam
877 2566 995 2648 generi,
1012 2584 1031 2629 a
1047 2584 1110 2646 qua
1125 2583 1182 2630 nec
1203 2565 1366 2647 dignitatis
1389 2567 1564 2632 eminencia
1586 2586 1645 2631 nec
1668 2572 1738 2631 etas
1761 2585 1819 2631 nec
1836 2584 1930 2632 sexus

419 2688 612 2751 quemquam
634 2676 797 2749 excusant,
813 2670 1034 2735 meditationis
1049 2670 1149 2734 aciem
1169 2675 1399 2751 retorquemus,
1416 2670 1562 2752 planctus
1585 2671 1728 2736 videmus
1751 2671 1931 2738 huiusmodi

419 2775 481 2839 sub
504 2774 641 2839 racionis
664 2775 798 2856 imperio
821 2775 1019 2857 mitigandos.
1042 2775 1086 2839 Et
1108 2775 1183 2856 quia
1200 2780 1243 2853 te,
1260 2774 1377 2840 dilecta
1399 2775 1432 2839 in
1450 2774 1576 2840 Christo
1597 2775 1671 2855 lilia,
1687 2795 1751 2840 una
1766 2777 1930 2841 nobiscum

419 2877 462 2942 de
484 2879 574 2943 ohitu
597 2879 674 2943 dicti
698 2880 793 2960 regis,
817 2880 970 2962 genitoris
993 2879 1050 2958 tui,
1075 2878 1191 2943 doloris
1214 2880 1390 2945 acerbitate
1421 2898 1601 2961 respersam
1624 2881 1683 2946 tibi
1706 2882 1929 2962 compaciendo

419 2987 557 3065 paterne
580 2984 709 3066 pietatis
732 2983 898 3050 allectihus
922 2982 1179 3066 contemplamur,
1195 2988 1281 3048 tuam
1298 3003 1444 3066 rogamus
1467 2985 1671 3066 prudenciam
1695 2986 1782 3050 etin
1806 2985 1930 3051 domino

418 3088 580 3154 attencius
604 3088 817 3167 exhortamur,
834 3094 991 3171 quatenus
1014 3086 1213 3172 [advertens]
1222 3091 1247 3168 ¹)
1265 3089 1429 3170 premissa,
1444 3107 1566 3154 necnon
1588 3090 1673 3173 quod
1694 3109 1751 3154 rex
1774 3090 1843 3172 ipse
1861 3095 1925 3155 tan·

419 3211 518 3274 quarn
540 3192 689 3275 princeps
712 3192 896 3270 catholicus,
919 3192 1021 3272 tortis,
1045 3193 1185 3276 prudens
1208 3198 1241 3257 et
1264 3198 1424 3272 strennue,
1451 3193 1588 3276 gloriose
1608 3212 1645 3259 ac
1667 3195 1838 3260 victoriose
1860 3214 1930 3259 cum

422 3296 562 3361 celebris
582 3296 667 3363 farne
698 3298 847 3379 preconio
877 3298 909 3361 in
940 3297 1055 3362 mundo
1084 3299 1167 3362 viam
1198 3297 1316 3362 domini
1345 3315 1407 3361 non
1441 3297 1591 3362 deserens
1626 3297 1756 3362 diutinis
1790 3297 1869 3363 vixit
1898 3303 1931 3363 et

419 3402 569 3484 regnavit
590 3402 786 3485 temporibus
809 3421 847 3468 cc
871 3402 991 3484 prolem
1013 3420 1213 3468 numerosam
1236 3408 1269 3466 et
1285 3400 1426 3467 inclitam
1450 3407 1523 3484 post
1546 3419 1581 3466 se
1605 3402 1747 3466 relictam
1771 3402 1930 3467 adomino

420 3506 539 3572 meruit
562 3507 715 3586 obtinere,
740 3506 932 3588 tandemque
954 3526 1113 3573 armorum
1136 3512 1228 3573 actus
1243 3506 1276 3572 in
1295 3507 1379 3571 iusto
1402 3505 1486 3571 bello
1509 3525 1642 3587 regnum
1664 3506 1799 3573 Francia
1822 3506 1930 3573 delen·

419 3610 525 3676 dendo
549 3617 583 3677 et
605 3611 782 3676 exercendo
804 3612 1055 3693 magnanimiter,
1072 3612 1155 3677 sicut
1170 3611 1212 3677 ad
1227 3630 1319 3676 suum
1342 3612 1507 3692 spectabat
1525 3610 1675 3676 honorem
1698 3613 1829 3695 regium,
1846 3613 1930 3677 vires

419 3733 504 3794 suas,
528 3714 758 3781 honorabiliter
787 3716 833 3780 sic
864 3715 923 3780 deo
947 3715 1079 3780 devotus
1111 3723 1145 3780 ut
1176 3716 1333 3782 credimus
1364 3721 1398 3780 et
1428 3733 1485 3797 spe
1515 3714 1555 3779 de
1581 3715 1800 3782 misericordia
1823 3716 1931 3780 divina

419 3824 575 3902 concepta
597 3820 680 3885 inter
703 3838 831 3885 snorum
855 3824 1014 3885 catervam
1037 3820 1171 3885 militum
1191 3819 1292 3885 linivit
1314 3820 1482 3885 terminum
1506 3819 1571 3884 vite
1593 3838 1661 3899 sue,
1677 3821 1761 3903 quod
1777 3821 1828 3903 pie
1845 3822 1929 3886 credi

421 3926 531 4004 potest
553 3923 593 3988 de
615 3923 778 3988 laboribus
801 3923 841 3989 ad
865 3924 1013 4006 quietem,
1045 3925 1085 3990 de
1107 3925 1246 3991 miseriis
1269 3928 1303 3988 et
1325 3925 1487 4007 erumpnis
1518 3924 1557 3989 ad
1583 3925 1812 3990 beatitudinem
1835 3925 1930 3990 etad

420 4026 526 4092 lucem
551 4027 591 4092 de
613 4028 754 4093 tenebris
776 4029 973 4112 transivisse,
1008 4030 1161 4095 abstersis
1183 4029 1321 4094 lacrimis
1352 4034 1384 4093 et
1413 4027 1567 4094 luctuosis
1597 4029 1744 4112 suspiriis
1777 4029 1930 4112 mitigatis

419 4132 452 4196 in
476 4131 613 4211 domino,
637 4132 691 4214 qui
716 4151 787 4198 eum
809 4134 934 4197 vocavit
957 4134 1046 4198 iuxta
1068 4152 1126 4198 sue
1148 4132 1321 4198 voluntatis
1345 4132 1587 4215 beneplacitum,
1611 4132 1793 4212 consoleris,
1821 4139 1854 4198 et
1876 4135 1931 4199 ad·

417 4242 559 4314 vertens,
582 4235 657 4315 filia,
681 4237 765 4318 quod
788 4256 847 4318 pro
870 4237 1016 4319 ampliori
1039 4237 1257 4303 consolacione
1279 4242 1336 4302 tua
1358 4242 1467 4319 preter
1489 4236 1552 4315 illa,
1584 4256 1646 4319 que
1670 4238 1824 4319 premissa
1847 4244 1929 4316 sunt,

421 4346 515 4423 potes
545 4359 664 4422 ponere
696 4347 770 4406 ante
804 4341 913 4407 oculos
944 4343 1060 4406 mentis
1091 4347 1146 4407 tue
1175 4340 1349 4422 hebesque,
1380 4340 1463 4406 unde
1495 4340 1649 4406 altissimo
1681 4342 1722 4406 ad
1745 4341 1875 4406 devotas
1898 4347 1931 4407 et

423 4443 562 4509 humiles
584 4446 765 4527 graciarum
788 4446 933 4512 acciones
965 4464 1124 4528 assurgas,
1155 4446 1239 4528 quod
1261 4446 1406 4527 prelatus
1428 4464 1494 4525 rex,
1518 4446 1641 4528 genitor
1663 4452 1748 4524 tuus,
1772 4446 1825 4527 qui
1849 4446 1932 4510 sicut

420 4550 507 4613 nosti
530 4554 609 4627 erat,
633 4551 774 4615 nescitur
796 4569 858 4630 quo
882 4551 934 4614 dei
957 4550 1081 4615 occulto
1105 4550 1232 4628 iudicio,
1249 4551 1346 4633 plaga
1370 4550 1515 4614 cecitatis
1534 4568 1715 4631 percussus,
1739 4550 1784 4614 sic
1807 4550 1933 4615 honori·

419 4654 481 4719 lice
505 4653 604 4719 luerit
626 4654 722 4719 rebus
744 4654 891 4719 humanis
914 4659 1090 4735 exemptus.
1125 4655 1169 4720 Et
1198 4659 1235 4718 ut
1264 4673 1327 4718 non
1351 4653 1518 4732 extinctus,
1549 4653 1605 4718 sed
1632 4653 1742 4735 vigens
1765 4655 1875 4736 pocius
1898 4655 1931 4718 iu

418 4764 453 4823 te
476 4758 626 4823 videatur
647 4756 753 4824 liliahs
776 4764 809 4823 et
832 4759 1022 4837 devocionis,
1054 4777 1147 4840 quem
1177 4758 1217 4822 ad
1247 4759 1351 4840 ipsum
1374 4759 1548 4840 genitorem
1572 4762 1671 4836 tuum,
1703 4758 1777 4822 dum
1799 4759 1930 4837 viveret,

420 4863 570 4946 gerebas
587 4861 729 4941 affectus
750 4863 1027 4929 exhortacionibus
1050 4864 1167 4927 nostris
1191 4862 1355 4942 adicimus,
1380 4869 1416 4928 ut
1438 4863 1538 4945 ipsius
1562 4863 1697 4928 animam
1721 4863 1931 4944 oracionibus,

417 4966 604 5032 elemosinis
627 4971 660 5031 et
682 4966 753 5032 aliis
777 4968 926 5050 operibus
950 4968 1102 5032 adiuvare
1125 4985 1286 5049 procures
1311 4974 1355 5046 ut,
1380 4968 1408 5032 si
1431 4986 1487 5049 pro
1511 4966 1733 5032 satisfaccione
1756 4967 1928 5051 culparum,

417 5072 489 5137 sine
513 5072 628 5153 quihus
650 5069 789 5136 humane
813 5071 1005 5136 condicionis
1026 5072 1183 5154 fragilitas
1206 5072 1316 5153 nequit
1339 5072 1518 5137 huiusmodi
1542 5073 1813 5154 peregrinacionis
1836 5073 1930 5137 mise·

417 5176 531 5241 rabilis
562 5178 700 5241 transire
732 5176 909 5257 decursum,
940 5177 1031 5258 penis
1062 5177 1236 5259 purgatorii
1272 5177 1442 5255 detinetur,
1472 5182 1536 5241 tam
1571 5177 1636 5241 tuis
1671 5196 1764 5257 quam
1797 5176 1930 5241 aliorum

418 5301 565 5347 carorum
597 5300 726 5347 suorum
758 5281 818 5363 piis
848 5281 1011 5346 beneficiis
1045 5300 1102 5363 pro
1133 5281 1202 5362 ipso
1234 5281 1382 5346 exhibitis
1414 5286 1446 5346 et
1476 5281 1612 5347 ecclesie
1642 5280 1801 5363 suffragiis
1824 5281 1931 5346 divina

418 5386 618 5471 propiciante
640 5387 859 5452 misericordia
889 5387 988 5452 cicius
1019 5405 1038 5450 a
1067 5386 1158 5466 penis
1188 5386 1343 5451 liberetur
1373 5386 1524 5469 predictis
1559 5387 1598 5451 ad
1629 5391 1738 5451 eterne
1769 5385 1931 5452 felicitatis

419 5491 537 5573 gaudia
559 5492 764 5557 transiturus.
800 5493 839 5556 Ι).
864 5492 1020 5556 huinione
1043 5489 1106 5555 XII
1129 5489 1191 5555 kal.
1217 5491 1364 5557 Octobris
1387 5511 1414 5555 a.
1439 5492 1559 5573 quinto.

526 5663 676 5718 Clementis
696 5662 733 5716 VI
751 5661 783 5716 V.
806 5668 853 5716 140
871 5668 949 5729 (secr.
969 5678 993 5716 a.
1012 5662 1047 5729 Υ)
1072 5661 1091 5714 l.
1112 5664 1170 5714 124'
1190 5680 1215 5716 n.
1236 5669 1294 5716 529.
1323 5693 1355 5701 -
1383 5665 1405 5729 π)
1432 5662 1509 5717 deest
1534 5662 1561 5715 in
1585 5660 1626 5729 V,
1654 5662 1743 5730 suppl.
1762 5662 1797 5716 ab
1816 5661 1934 5722 editore,
