5184 7050
543 902 607 968 346

542 1107 601 1171 alis
624 1112 657 1170 et
679 1124 832 1189 expressa
854 1109 975 1172 mencio
998 1107 1153 1185 iacienda,
1178 1124 1235 1172 seu
1258 1108 1285 1172 si
1301 1106 1460 1188 aliquibus
1476 1107 1683 1171 communiter
1705 1104 1756 1169 vel
1773 1105 1899 1171 divisim
1922 1106 1963 1170 ab
1983 1107 2052 1188 ipsa

543 1212 586 1276 sit
608 1211 684 1275 sede
707 1210 871 1291 indultum,
906 1212 991 1294 quod
1021 1210 1176 1291 interdici,
1208 1211 1360 1293 suspendi
1391 1210 1442 1275 vel
1473 1211 1736 1275 excommunicari
1760 1228 1821 1274 uon
1844 1210 1971 1293 possint
1994 1229 2052 1293 per

543 1317 668 1383 litteras
690 1316 891 1399 apostolicae,
922 1335 984 1382 non
1015 1316 1168 1381 iacientes
1202 1316 1329 1398 plenam
1352 1320 1385 1380 et
1407 1333 1590 1397 expressam
1612 1333 1649 1378 ae
1672 1314 1712 1378 de
1734 1315 1831 1379 verbo
1855 1314 2052 1380 adverbum

546 1421 585 1486 de
608 1420 730 1485 indulto
752 1419 933 1485 huiusmodi
955 1420 1159 1485 mencionem.
1193 1418 1348 1485 Volumus
1378 1424 1493 1498 autem,
1517 1418 1601 1501 quod
1624 1436 1689 1497 eos,
1713 1418 1868 1499 aquibus
1891 1419 2054 1500 receperis

546 1525 705 1607 predictos
728 1524 859 1603 fructus,
884 1523 1027 1588 redditus
1056 1529 1089 1589 et
1119 1528 1301 1606 proventus,
1335 1524 1439 1607 possis
1469 1523 1634 1588 absolvere
1657 1522 1781 1604 plenius
1808 1527 1841 1587 et
1863 1524 1991 1605 quiture
2013 1523 2054 1587 de

545 1629 616 1708 hiis,
640 1647 702 1710 que
725 1628 799 1692 inde
820 1629 878 1692 tioi
902 1627 1050 1693 duxerint
1071 1629 1270 1711 assignanda,
1304 1633 1337 1693 te
1366 1629 1475 1693 taliter
1496 1645 1593 1709 super
1617 1626 1679 1692 hiis
1701 1625 1877 1706 habiturus,
1902 1628 1990 1709 quod
2013 1628 2053 1694 de

545 1734 707 1816 premissis
730 1731 855 1797 fidelem
878 1738 912 1797 et
926 1732 1099 1813 legitimam
1122 1732 1226 1798 eidem
1241 1751 1366 1797 camere
1381 1732 1517 1797 reddere
1539 1730 1648 1795 valeas
1670 1731 1830 1795 racionem
1853 1750 1891 1795 ac
1910 1736 2054 1797 nostram

546 1842 578 1901 et
608 1837 751 1902 eiusdem
781 1837 866 1901 sedis
896 1837 1036 1918 graciam
1065 1837 1195 1902 uberius
1231 1836 1415 1920 promereri.
1458 1837 1496 1901 D.
1523 1836 1678 1901 Auinione
1708 1832 1783 1900 XVI
1813 1834 1876 1900 lxal.
1907 1834 2056 1902 Januarii

544 1961 573 2006 a.
596 1946 720 2023 quarto.
757 1995 759 1999 .

649 2130 799 2184 Clementis
817 2129 854 2183 Vl
873 2130 906 2183 V.
926 2135 975 2183 139
994 2131 1075 2192 (secr.
1094 2144 1119 2183 a.
1137 2129 1185 2194 IV)
1204 2145 1229 2183 n.
1250 2133 1309 2183 708.
1328 2160 1361 2169 -
1388 2131 1411 2196 ¹¹)
1430 2134 1603 2197 ,nostrerum‘
1621 2130 1654 2184 V.

545 2776 639 2842 571.
663 2773 830 2852 Caaimiro,
852 2773 920 2854 repo'
942 2772 1101 2847 Ροίοηίαε,
1125 2776 1156 2836 et
1177 2774 1279 2838 simili
1299 2776 1389 2839 modo
1411 2776 1562 2851 doddoni,
1585 2776 1653 2857 νομί
1676 2775 1855 2851 uocemue,
1877 2780 1908 2841 d
1933 2776 2056 2851 carolo,

544 2877 721 2942 moreium·
734 2879 909 2956 Moruoiue,
932 2877 1167 2941 commendatur
1182 2880 1382 2955 dirimimus,
1404 2882 1566 2963 epiecopus
1585 2881 1793 2962 Terpcsiinus,
1816 2880 1948 2945 nuntius
1970 2882 2056 2946 sedis

896 2979 1087 3068 apostolicae
1109 2981 1153 3045 ud
1175 2982 1377 3064 Ludouicum,
1401 3005 1503 3067 repom
1531 2986 1701 3066 Uopuriue.

1455 3180 1618 3260 numm,
1640 3181 1727 3244 1345
1751 3178 1934 3244 mouns
1957 3183 2011 3246 28.

654 3393 688 3458 C.
713 3394 744 3458 in
767 3392 823 3460 Ch.
847 3392 868 3459 f.
893 3395 1063 3476 Kazimiro,
1086 3398 1154 3478 regi
1176 3398 1307 3463 Polonie
1337 3398 1462 3464 illustri.
1498 3399 1577 3464 Cum
1599 3418 1628 3463 v.
1652 3398 1673 3463 l.
1696 3418 1725 3464 n.
1749 3397 1965 3476 Franciscum,
1990 3398 2055 3481 epi-

547 3516 677 3581 scopum
699 3499 930 3582 Tergestiuum,
953 3502 1128 3583 apostolice
1150 3501 1235 3567 sedis
1257 3504 1415 3583 nuncium,
1440 3504 1540 3568 virum
1560 3504 1670 3586 utique
1685 3500 1901 3585 profunditate
1916 3503 2054 3569 sciencie

548 3603 716 3685 preditum,
747 3603 912 3669 fidelitatis
943 3607 1124 3672 constancia
1146 3613 1179 3671 et
1201 3608 1497 3690 circumspeccionis
1526 3608 1709 3672 maturitate
1735 3608 1941 3688 conspicuum
1964 3626 2002 3671 ac
2024 3607 2054 3670 in

547 3709 656 3773 arduis
689 3713 855 3790 expertum
884 3711 1034 3792 negociis,
1066 3711 1108 3776 ad
1137 3713 1335 3779 carissimum
1365 3713 1396 3777 in
1428 3711 1555 3777 Christo
1585 3711 1605 3776 l.
1640 3731 1670 3776 n.
1705 3711 1912 3790 Ludouicum,
1948 3729 2054 3794 regem

547 3810 685 3893 Vngurie
708 3813 873 3893 illustrem,
907 3820 940 3878 et
968 3819 1077 3896 partes
1106 3815 1177 3880 illas
1207 3836 1264 3899 pro
1294 3817 1391 3881 certis
1420 3834 1479 3898 per
1508 3833 1565 3879 uos
1596 3814 1698 3879 eidem
1728 3815 1886 3897 impositis
1912 3816 2053 3898 negociis

548 3915 752 3995 destinemus,
775 3916 1043 3998 magnificenciam
1066 3925 1152 3984 tuam
1175 3921 1295 4001 regiam
1319 3937 1466 4001 rogamus
1490 3923 1621 3996 attente,
1649 3922 1806 4000 quatenus
1828 3918 1967 3983 eundem
1990 3920 2053 4002 epi-

546 4039 685 4102 scopum,
709 4021 735 4085 si
758 4021 799 4085 ad
821 4027 864 4101 te,
887 4020 932 4086 fili
954 4023 1126 4103 carissime,
1156 4025 1337 4102 recurrerit,
1367 4024 1489 4088 habens
1519 4043 1576 4106 pro
1606 4030 1715 4088 nostra
1736 4027 1770 4087 et
1792 4024 1938 4089 eiusdem
1961 4025 2047 4090 sedis

547 4127 732 4190 reverencia
760 4125 978 4192 favorabiliter
1007 4130 1267 4208 commendatum,
1302 4128 1406 4192 eidem
1435 4128 1632 4210 superbiis,
1667 4128 1707 4192 de
1737 4129 1852 4209 quibus
1879 4147 1937 4210 pro
1963 4135 2052 4212 parte

549 4236 657 4294 nostra
679 4234 766 4295 tuam
782 4230 1003 4312 requirendum
1020 4231 1147 4295 duxerit
1162 4233 1397 4311 excellenciam,
1420 4234 1499 4297 velis
1515 4234 1666 4297 assistere
1689 4232 1830 4297 consiliis
1846 4238 1879 4296 et
1894 4233 2055 4298 favoribus

549 4337 722 4416 oportunis,
758 4337 801 4399 ita
831 4335 915 4416 quod
945 4354 1002 4400 nos
1033 4336 1237 4401 devocionem
1266 4338 1386 4418 regiam
1415 4337 1530 4402 exinde
1560 4356 1632 4401 eum
1664 4338 1842 4418 graciarum
1873 4339 2056 4403 accionibus

549 4441 705 4519 possimus
734 4441 849 4503 merito
880 4440 1107 4505 commendare.
1143 4442 1180 4506 D.
1212 4446 1248 4506 ut
1270 4460 1295 4504 s.
1331 4443 1502 4526 [Aninione
1526 4441 1553 4507 V
1576 4441 1637 4506 lxal.
1661 4441 1805 4506 Jauuurii
1828 4460 1856 4505 a.
1881 4442 2055 4527 quarto.]¹)

654 4579 734 4643 Item
758 4579 789 4643 in
812 4597 840 4642 e.
864 4598 903 4643 m.
928 4599 954 4644 c.
978 4580 1010 4643 in
1035 4579 1090 4645 Ch.
1116 4580 1136 4645 l.
1160 4579 1308 4660 Johunni,
1331 4582 1399 4663 regi
1422 4582 1551 4646 Boemie
1575 4581 1700 4645 illustri.
1726 4582 1763 4645 D.
1788 4584 1824 4644 ut
1847 4598 1872 4644 s,

654 4720 735 4782 ltenr
758 4719 790 4783 in
813 4739 840 4783 e.
864 4738 904 4783 m.
928 4720 958 4783 d.
982 4719 1003 4784 f.
1028 4738 1056 4783 n.
1080 4739 1109 4784 v.
1134 4719 1257 4800 Carolo,
1281 4722 1490 4803 primogenito
1514 4740 1539 4785 c.
1564 4722 1596 4785 in
1620 4720 1676 4786 Ch.
1696 4719 1719 4785 f.
1737 4740 1766 4785 n.
1781 4719 1950 4799 Johunnis,
1974 4721 2058 4802 regis

549 4822 680 4887 Boemie
703 4822 845 4901 illustris,
870 4823 1042 4889 marchioni
1066 4824 1219 4888 Morauie.
1245 4826 1282 4889 Ι).
1308 4830 1344 4890 ut
1366 4843 1392 4889 s.

654 5081 803 5137 Clementis
821 5083 859 5136 Vl
878 5082 909 5140 l'.
930 5089 978 5138 139
1003 5089 1084 5152 (secr.
1103 5099 1126 5135 a.
1146 5082 1194 5148 ll')
1222 5101 1248 5137 n.
1275 5089 1419 5138 tus-744.
1448 5116 1481 5123 -
1509 5083 1559 5137 Ed.
1583 5083 1711 5151 lleiuer,
1735 5083 1800 5137 ΜΗ.
1823 5084 2061 5152 lu.1069,l'at

550 5169 642 5221 Akten
662 5185 688 5222 u.
707 5175 783 5234 2²37,
802 5170 887 5224 RBM.
907 5170 944 5223 ll'
964 5175 1137 5223 [19323.-
1159 5173 1178 5236 ¹)
1198 5178 1229 5224 ut
1247 5172 1275 5224 in
1294 5169 1325 5223 V.
1348 5177 1396 5224 139
1415 5188 1440 5225 n.
1461 5177 1519 5225 724.
