5184 7050
1861 859 1926 926 41³3

420 1064 506 1130 modi
520 1066 577 1155 ‚ira
599 1072 705 1132 motus
728 1088 821 1150 qnam
844 1087 883 1132 ex
906 1070 989 1147 odio,
1013 1069 1096 1150 quod
1119 1089 1196 1152 erga
1218 1070 1377 1152 quandam
1408 1069 1546 1152 puellam
1579 1069 1762 1150 specialiter
1783 1069 1929 1147 habebat,

420 1175 454 1234 et
477 1188 570 1251 quam
594 1176 628 1235 tu
651 1177 686 1236 et
706 1172 932 1254 viccplebanus
961 1174 1119 1239 tenebatis
1150 1177 1182 1240 in
1212 1176 1314 1255 domo,
1344 1176 1464 1256 incepit
1493 1191 1550 1237 vos
1580 1180 1612 1238 et
1643 1174 1760 1238 dictam
1789 1173 1927 1255 puellam

422 1292 529 1339 coram
552 1276 670 1356 populo
694 1275 754 1340 loci
778 1278 920 1342 eiusdem
943 1279 1083 1360 graviter
1105 1279 1278 1359 diffamare,
1295 1284 1394 1361 tuque
1410 1279 1542 1342 audiens
1562 1279 1623 1342 ista
1639 1278 1791 1359 quosdam
1815 1278 1930 1358 probos

420 1378 507 1441 viros
531 1378 571 1443 ad
594 1376 664 1465 tel)
687 1381 817 1461 vocasti,
841 1382 1024 1464 supplicans
1046 1384 1177 1464 eisdem,
1201 1390 1236 1449 ιιι
1262 1384 1381 1450 dictum
1412 1383 1588 1448 Jolrannem
1616 1382 1656 1446 de
1679 1383 1758 1447 Tust
1788 1383 1929 1463 alloque-

424 1488 544 1560 rentur,
568 1482 653 1564 quod
675 1501 738 1548 non
761 1483 893 1550 deberet
923 1486 1050 1551 eosdem
1081 1487 1198 1553 fratres
1229 1495 1261 1553 et
1291 1486 1429 1569 puellam
1458 1487 1569 1552 taliter
1599 1485 1771 1564 diffamare,
1801 1505 1873 1550 nam
1904 1486 1931 1549 si

421 1587 498 1668 quid
522 1587 552 1652 ei
576 1586 734 1653 fecissetis
765 1594 822 1654 aut
843 1590 875 1654 in
898 1589 1004 1674 aliquo
1034 1611 1107 1657 eum
1140 1590 1361 1671 offendissetis,
1395 1592 1496 1673 parati
1528 1591 1624 1655 eratis
1655 1591 1715 1655 sibi
1746 1590 1931 1656 satisfacere

425 1696 459 1755 et
482 1691 670 1770 emendare3
693 1692 841 1775 idemque
863 1694 1027 1760 lohannes
1056 1697 1097 1760 de
1118 1696 1207 1776 Tust,
1236 1696 1299 1761 biis
1322 1696 1427 1760 verbis
1449 1715 1510 1761 non
1535 1700 1711 1774 contentus
1743 1695 1774 1758 in
1797 1694 1931 1778 quodam

421 1793 506 1860 festo
530 1802 640 1862 sancte
662 1797 837 1877 Trinitatis,
861 1799 972 1866 eodem
994 1800 1201 1882 viccplebano
1224 1800 1363 1866 indicta
1387 1800 1524 1865 ccclesia
1547 1801 1737 1878 celebrante,
1762 1801 1927 1865 ambonem

424 1901 570 1965 ascendit
593 1906 681 1967 etta
704 1908 738 1967 et
759 1903 1000 1987 viccplebanum
1023 1905 1199 1987 predictum
1228 1905 1355 1988 publice
1385 1905 1418 1970 in
1447 1904 1583 1970 ecclesia
1614 1905 1758 1986 predicta
1785 1911 1819 1969 et
1841 1909 1931 1969 extra

423 2022 531 2069 coram
554 2005 673 2087 populo
695 2006 854 2075 hereticos
876 2015 910 2074 et
932 2009 1129 2075 incestuosos
1151 2010 1313 2075 nunciavit
1339 2016 1372 2075 et
1394 2008 1580 2092 predicavit,
1601 2008 1719 2089 dicens,
1736 2008 1820 2091 quod
1836 2009 1927 2074 ambo

423 2127 495 2173 cnm
519 2128 584 2174 una
604 2111 712 2194 puella
733 2113 887 2179 iacebatis
910 2118 942 2179 et
965 2113 1063 2181 filium
1087 2133 1125 2181 ex
1155 2134 1194 2180 aa
1223 2114 1487 2196 procuraveratis,
1520 2114 1573 2195 qui
1604 2112 1687 2178 filius
1717 2132 1776 2195 per
1799 2117 1931 2179 matrem

424 2202 530 2279 fuerat
552 2215 740 2281 interfectus
770 2222 803 2283 et
833 2219 1037 2299 evisceratus,
1068 2224 1102 2284 et
1131 2219 1194 2284 alia
1223 2216 1378 2284 nraleficia
1408 2223 1440 2283 et
1470 2218 1729 2301 inquantaciones
1760 2217 1848 2282 vobis
1875 2217 1931 2281 im·

423 2335 558 2401 ponens,
582 2321 676 2403 qne0)
700 2322 837 2404 populus
860 2341 937 2389 vera
960 2342 1031 2389 esse
1054 2325 1214 2389 credebat.
1240 2323 1318 2389 Cum
1342 2328 1448 2388 auteur
1471 2328 1543 2406 post
1566 2324 1694 2388 missam
1717 2322 1802 2388 dicta
1824 2321 1932 2404 puella

424 2423 484 2488 tibi
506 2424 569 2490 ista
590 2424 756 2492 lacrimose
778 2428 981 2507 narravisset,
1012 2435 1047 2494 tu
1078 2429 1118 2493 de
1148 2434 1237 2494 tanto
1271 2429 1428 2511 vituperio
1459 2429 1569 2493 dolens
1600 2447 1636 2493 ac
1666 2427 1794 2511 proprio
1820 2427 1932 2491 honori

425 2546 549 2595 necnon
570 2530 679 2596 fratris
702 2537 735 2597 et
756 2533 863 2614 puelle
886 2533 1098 2615 predictorum
1123 2534 1332 2617 compaciens,
1363 2533 1469 2616 gladio
1499 2537 1628 2616 recepto
1652 2539 1685 2597 et
1706 2531 1801 2596 ninnio
1824 2532 1932 2597 furore

425 2651 580 2699 accensus
603 2635 737 2700 eundem
760 2636 938 2703 lohannem
961 2638 1001 2703 de
1022 2638 1103 2704 Tust
1125 2638 1288 2704 insecutus
1322 2638 1412 2703 fuisti
1442 2644 1475 2704 et
1505 2657 1577 2703 eum
1607 2639 1692 2703 circa
1721 2656 1862 2703 nuensam
1884 2633 1932 2703 in-

425 2744 557 2804 ventum
580 2741 747 2823 evaginato
769 2742 874 2825 gladio
898 2744 1051 2823 invasisti,
1076 2743 1222 2826 idemque
1252 2743 1414 2809 lohannes
1445 2743 1485 2808 de
1515 2742 1595 2808 Tust
1618 2743 1657 2807 de
1680 2760 1790 2808 mensa
1813 2742 1930 2807 saliens

424 2848 571 2909 extracto
594 2844 723 2911 cultello
738 2851 771 2910 te
786 2849 925 2929 graviter
947 2848 1134 2927 vulneravit,
1151 2853 1183 2913 et
1198 2855 1273 2914 tunc
1296 2848 1400 2913 dictus
1423 2848 1647 2930 viccplebanus
1670 2848 1799 2912 inermis
1821 2866 1932 2912 occur-

424 2967 500 3014 rens
524 2954 557 3013 et
580 2950 689 3016 iuvare
711 2956 744 3016 te
767 2952 817 3017 vel
840 2970 990 3034 separare
1011 2953 1122 3018 volens
1148 2972 1182 3018 se
1198 2953 1362 3035 premissis
1384 2954 1564 3031 immiscuit,
1589 2952 1754 3035 dictusque
1770 2952 1932 3017 lohannes

426 3054 466 3118 de
489 3055 570 3120 Tust
592 3055 726 3121 eundem
749 3057 987 3139 viccplebanum
1009 3058 1187 3124 mortaliter
1208 3057 1386 3124 vulneravit
1409 3063 1442 3121 et
1465 3058 1504 3121 ad
1528 3056 1623 3122 aliam
1648 3057 1774 3122 domum
1798 3056 1930 3138 aufugit,

426 3177 565 3240 eumque
594 3164 630 3225 tu
653 3164 687 3224 et
717 3162 880 3242 predictus
909 3181 1078 3246 germanus
1108 3163 1153 3227 ita
1181 3163 1340 3227 vulnerati
1369 3163 1505 3226 insecuti
1534 3161 1640 3226 fuistis
1671 3168 1704 3227 et
1733 3161 1764 3225 in
1796 3162 1932 3243 quodam

426 3263 558 3329 cellario
580 3264 746 3330 invenistis
770 3267 914 3346 eundem,
932 3273 964 3332 et
979 3269 1021 3333 ibi
1037 3272 1073 3332 tu
1097 3272 1129 3332 et
1152 3268 1254 3332 eidem
1277 3267 1414 3333 Jobanni
1438 3267 1478 3331 de
1501 3267 1579 3332 Tust
1602 3267 1694 3348 plura
1717 3266 1848 3330 vulnera
1870 3284 1932 3330 non

424 3374 531 3435 muron
553 3369 702 3434 mortalia
723 3370 829 3436 fecisti
852 3378 885 3437 et
907 3372 1026 3438 inscius
1056 3373 1197 3438 vulneris
1231 3373 1309 3437 dicti
1338 3372 1446 3436 fratris
1477 3372 1524 3436 tui
1555 3372 1657 3436 eidem
1687 3371 1780 3437 fratri
1806 3371 1929 3436 dixisti:

425 3473 623 3555 recedamus,
646 3475 759 3542 amodo
782 3476 860 3543 satis
882 3477 989 3557 habet,
1012 3478 1209 3544 dimittamus
1230 3477 1290 3542 sibi
1306 3477 1413 3542 vitam.
1437 3477 1481 3543 Et
1496 3495 1567 3541 cum
1582 3477 1808 3555 recessissetis,
1824 3476 1931 3542 statim

425 3579 532 3645 dictus
553 3580 780 3663 viccplebanns
810 3582 850 3647 de
871 3582 1002 3647 vulnere
1032 3584 1071 3648 ab
1101 3583 1213 3648 eodem
1242 3582 1389 3647 Johanne
1410 3582 1459 3647 'de
1488 3582 1568 3647 Tust
1599 3588 1729 3664 accepto
1765 3582 1931 3665 expiravit,

426 3684 595 3766 dictusque
618 3684 783 3750 lohannes
806 3686 846 3750 de
869 3687 949 3752 Tust
971 3688 1085 3753 exinde
1105 3686 1239 3768 aufugit.
1262 3689 1305 3753 Et
1322 3688 1436 3752 deinde
1451 3692 1486 3751 tu
1503 3686 1626 3751 cuidam
1642 3688 1809 3764 sacerdoti,
1825 3691 1934 3751 aucto-

425 3791 557 3855 ritatem
580 3790 722 3872 episcopi
745 3790 884 3869 babenti,
909 3791 971 3855 ista
994 3793 1098 3857 omnia
1122 3811 1284 3877 exponens
1307 3792 1472 3857 absolutus
1502 3791 1590 3856 fuisti
1622 3796 1655 3855 et
1677 3792 1723 3856 sio
1747 3792 1878 3856 credens
1900 3798 1933 3856 to

426 3894 610 3959 absolutum
632 3894 748 3959 divinis
763 3901 796 3959 te
812 3896 1010 3962 immiscuisti
1027 3903 1058 3963 et
1076 3899 1107 3961 in
1122 3899 1232 3964 ordine
1248 3898 1494 3962 subdiaconatus
1510 3897 1706 3976 ministrasti,
1723 3915 1784 3960 non
1801 3895 1932 3959 credens

422 3997 554 4080 aliquod
577 3998 753 4080 periculum
777 3999 957 4064 incurrisse.
986 4001 1049 4067 Sed
1071 4003 1210 4082 tandem,
1234 4002 1359 4066 omnino
1383 4001 1493 4066 volens
1516 4007 1602 4065 tuam
1627 4001 1854 4066 conscienciam
1878 4019 1931 4065 ex-

425 4121 571 4182 onerare,
594 4121 652 4186 pro
675 4104 813 4186 petenda
841 4106 934 4169 venia
965 4105 1136 4171 adsedem
1165 4106 1372 4188 apostolicam
1403 4105 1566 4170 accessisti
1596 4110 1629 4169 et
1659 4106 1750 4169 nobis
1772 4104 1934 4168 hunriliter

425 4206 628 4289 supplicasti,
652 4214 688 4272 ut
709 4208 876 4291 providere
899 4210 957 4274 tibi
981 4229 1077 4292 super
1099 4212 1261 4293 premissis
1280 4211 1321 4275 de
1337 4216 1490 4292 oportune
1507 4210 1756 4293 dispensationis
1779 4209 1933 4274 beneficio

425 4311 468 4376 de
491 4312 688 4396 benignitate
710 4314 885 4397 apostolica
909 4315 1117 4398 dignaremur.
1164 4316 1229 4381 Nos
1259 4316 1377 4397 itaque,
1408 4315 1472 4379 tuis
1496 4315 1619 4378 devotis
1643 4313 1933 4396 supplicacionibus

424 4416 581 4496 inclinati,
603 4422 719 4496 tecum,
736 4424 772 4483 ut
788 4418 950 4501 promissis
964 4438 1163 4501 nequaquam
1179 4413 1380 4486 obstantibus
1403 4420 1505 4501 possis
1529 4420 1559 4482 in
1576 4420 1749 4483 ruinoribus
1770 4418 1933 4482 ordinibus

425 4522 595 4587 dumtaxat
616 4523 798 4588 ministrare
828 4530 861 4588 et
889 4522 1077 4589 beneficium
1108 4524 1358 4591 ecclesiasticum
1390 4525 1458 4589 sine
1490 4544 1566 4589 cura
1595 4526 1682 4589 licite
1712 4524 1866 4600 obtinere,
1893 4523 1933 4587 de

424 4626 579 4710 specialis
609 4626 691 4693 douo
720 4629 828 4711 gracie
851 4628 1080 4711 dispensamus.
1125 4628 1212 4694 Nulli
1236 4650 1310 4711 ergo
1334 4636 1393 4695 etc.
1417 4634 1525 4697 nostre
1548 4629 1798 4711 dispensacionis
1822 4628 1933 4692 infrin-

423 4749 503 4816 gere
527 4735 588 4796 etc.
634 4733 674 4797 D.
698 4731 855 4797 Aninione
878 4732 937 4799 XV
959 4731 1022 4798 kal.
1046 4732 1183 4818 Augusti
1205 4754 1233 4798 a.
1257 4735 1376 4816 quinto.

532 5028 682 5083 Clementis
700 5027 738 5083 Vl
756 5030 789 5082 A.
807 5029 861 5098 Vld
880 5034 981 5098 (tomus
993 5035 1037 5095 33)
1051 5031 1068 5083 f.
1082 5031 1152 5097 304',
1165 5030 1199 5083 de
1211 5030 1326 5085 indultis
1339 5037 1389 5085 etc.
1404 5047 1447 5098 qu.
1463 5037 1477 5084 7
1492 5050 1523 5082 :
1537 5030 1569 5084 V.
1592 5036 1639 5084 171
1658 5028 1676 5083 f.
1689 5031 1748 5082 379·
1767 5045 1793 5082 ιι.
1814 5033 1887 5081 11111.
1902 5058 1933 5066 -

419 5122 450 5187 ι)
472 5116 600 5187 seqnitur
619 5118 664 5183 ,et‘
683 5132 737 5170 non
756 5116 936 5172 cancellatum
955 5116 988 5172 V.
1015 5117 1039 5183 b)
1058 5117 1147 5186 ,adeo‘
1165 5116 1207 5185 V,
1226 5134 1295 5172 corr.
1314 5119 1349 5173 ab
1369 5118 1483 5173 editore.
1511 5121 1533 5186 ⁰)
1553 5118 1617 5191 ,qui‘
1635 5115 1675 5188 V,
1689 5133 1758 5175 corr.
1771 5117 1805 5171 ab
1819 5115 1936 5170 editore.
