5184 7050
544 861 608 927 140

544 1075 750 1134 cessaverant
772 1090 829 1152 per
852 1071 961 1151 aliqua
984 1078 1127 1154 tempora
1150 1078 1181 1136 et
1198 1074 1375 1150 cessabant,
1400 1073 1533 1137 eundern
1556 1073 1724 1138 ecclesiam
1746 1072 1949 1154 possessione
1972 1069 2049 1135 dicti

543 1192 667 1250 census,
692 1174 722 1237 in
746 1193 809 1255 qna
832 1180 901 1238 erat
924 1181 956 1239 et
972 1176 1011 1238 ab
1029 1177 1159 1256 antiquo
1182 1176 1297 1254 luerat,
1322 1182 1475 1258 quantum
1498 1183 1567 1241 erat
1590 1179 1621 1242 irr
1645 1180 1702 1255 eis,
1729 1182 1848 1240 temere
1872 1174 2049 1257 spoliando,
2087 1177 2090 1181 ’

544 1278 661 1342 diversi
685 1295 854 1358 processus
877 1278 954 1343 iacti
976 1277 1106 1344 inerunt
1129 1281 1322 1345 auctoritate
1352 1281 1530 1361 apostolica
1554 1282 1688 1345 diversis
1719 1280 1916 1360 temporibus
1940 1283 2050 1342 contra

543 1400 608 1461 eos,
631 1382 778 1464 quodque
801 1382 1042 1463 subsequenter,
1074 1402 1144 1447 cum
1171 1384 1254 1447 irrter
1277 1402 1302 1447 c.
1328 1384 1360 1447 in
1384 1383 1439 1448 Ch.
1464 1385 1484 1449 f.
1511 1384 1750 1462 n.'Johannern,
1780 1402 1886 1465 regern
1918 1381 2050 1447 Boemie

545 1486 711 1565 illustrem,
743 1486 793 1550 cni
817 1486 928 1550 eadem
960 1486 1074 1551 civitas
1096 1505 1135 1550 ac
1156 1491 1242 1551 terre
1265 1488 1367 1551 vicine
1398 1488 1504 1569 alique
1535 1495 1609 1553 sunt
1635 1490 1789 1566 subiecte,
1822 1505 1859 1551 ac
1882 1487 1911 1551 d.
1937 1486 1957 1551 f.
1984 1505 2049 1550 rua·

544 1591 678 1671 gistrum
709 1590 927 1655 Gualhardurn
953 1590 991 1653 de
1015 1590 1214 1667 carceribus,
1250 1593 1447 1672 prepositum
1480 1592 1615 1657 ecclesie
1645 1592 1830 1669 Titulonsis,
1865 1589 2050 1656 Golocensis

543 1695 690 1772 diocesis,
725 1695 756 1757 in
786 1694 932 1774 partibus
966 1713 1133 1775 regnorum
1164 1695 1304 1775 Vngarie
1334 1702 1367 1760 et
1398 1695 1528 1760 Polonie
1560 1696 1735 1776 apostolice
1769 1696 1854 1760 sedis
1888 1695 2049 1771 nuncium,

544 1816 642 1878 super·
657 1798 819 1862 solucione
842 1798 918 1862 dicti
943 1816 1057 1862 census
1073 1817 1130 1878 per
1145 1798 1290 1863 subditos
1314 1800 1455 1864 eiusdem
1471 1801 1556 1881 regis
1572 1801 1701 1864 Boemie
1724 1799 1898 1881 prestanda
1913 1798 2050 1861 ecclesie

544 1901 685 1966 Romane
713 1902 857 1984 predicte
887 1901 1004 1965 futuris
1035 1907 1150 1965 extunc
1181 1903 1377 1982 temporibus
1408 1904 1542 1984 quedam
1575 1904 1764 1986 composicio
1799 1921 1854 1967 seu
1879 1900 2050 1965 concordia

543 2010 629 2069 esset
652 2005 747 2083 facta,
780 2005 929 2070 videlicet
952 2006 1035 2087 qnod
1059 2006 1178 2070 subditi
1209 2008 1293 2087 regis
1317 2006 1458 2071 eiusdem
1483 2008 1682 2089 inpartibus
1706 2006 1808 2071 Slczie
1836 2006 2050 2070 consistentes

543 2111 635 2173 annis
659 2110 793 2191 singulis
818 2110 849 2173 in
873 2111 1117 2192 quadragesima
1139 2129 1196 2193 pro
1221 2111 1364 2191 quolibet
1386 2111 1522 2176 hnmano
1548 2113 1652 2193 capite
1675 2129 1772 2174 unum
1795 2110 1961 2173 denarium
1979 2127 2050 2172 cur·-

544 2214 644 2278 rentis
667 2219 700 2277 et
722 2213 845 2277 usualis
868 2219 994 2277 monete
1025 2214 1111 2277 illins
1130 2216 1238 2294 *patrie
1261 2234 1318 2296 pro
1342 2216 1427 2280 dicto
1454 2234 1551 2279 censu
1582 2215 1717 2279 ecclesie
1739 2213 1881 2278 Romano
1903 2212 2050 2294 predicte

544 2318 664 2399 absque
696 2318 950 2382 contradiccione
980 2335 1168 2399 quacunque
1200 2318 1323 2382 solvero
1353 2320 1517 2400 perpetuis
1547 2318 1743 2399 temporibus
1775 2317 1846 2380 dolo
1878 2322 1911 2380 ot
1934 2315 2049 2379 fraude

547 2423 748 2487 cessantibus
779 2427 974 2499 tenerentur,
1009 2440 1044 2484 sc
1078 2421 1200 2486 adhoc
1224 2422 1691 2503 sollempniteretefficaciter·
1720 2421 1899 2502 obligando,
1934 2420 2051 2500 prefati

543 2525 637 2603 cives,
668 2526 865 2590 habitatores
888 2531 920 2589 ot
944 2525 1045 2588 incole
1069 2527 1225 2606 premissa
1248 2533 1281 2590 et
1304 2527 1378 2604 alia,
1406 2546 1468 2608 qne
1491 2528 1736 2591 continebantur
1752 2528 1790 2589 in
1814 2525 2049 2606 composicione

545 2647 600 2692 seu
618 2629 785 2692 concordia
808 2630 962 2710 predicta,
986 2629 1129 2693 uolentes
1153 2631 1338 2711 adimplere,
1363 2635 1569 2697 cessaverunt
1585 2650 1604 2693 a
1620 2630 1781 2694 solucione
1804 2626 1920 2693 census
1936 2626 2046 2690 huius·

544 2733 628 2798 morli
652 2735 735 2797 sicut
758 2735 856 2816 parius,
880 2738 1011 2814 propter
1041 2734 1125 2814 quod
1148 2734 1292 2814 prefatus
1323 2736 1457 2799 nuncius
1489 2734 1660 2797 eorundem
1685 2734 1808 2812 cirrium,
1831 2733 2049 2797 habitatorum

544 2843 577 2901 et
592 2838 764 2901 incolarum
787 2837 971 2915 rebellione,
995 2839 1193 2902 contumacia
1217 2843 1249 2901 et
1266 2838 1485 2902 inobedientia
1509 2838 1709 2918 exigentibus
1733 2838 1894 2901 <civitatem
1914 2834 2048 2898 eanderrr

545 2941 763 3005 ecclesiastico
794 2942 963 3022 supposuit
993 2941 1161 3005 interdicto
1192 2948 1225 3004 et
1248 2942 1402 3006 adversus
1434 2941 1611 3023 singulares
1640 2954 1793 3021 personas
1825 2936 1972 3018 corurrrb)
1997 2956 2050 3000 ex-

547 3045 843 3108 communicacionis
881 3045 1061 3109 sentencias
1097 3045 1318 3127 prorrrulgavit.
1383 3045 1466 3110 Sane
1503 3045 1626 3125 pridem
1664 3044 1703 3108 ad
1742 3050 1882 3108 nostram
1920 3042 2052 3107 venicus

545 3149 741 3229 presenciam
772 3149 800 3213 d.
831 3148 852 3213 f.
883 3148 975 3214 Thilo
1007 3149 1046 3212 de
1076 3149 1221 3231 LegnicZ,
1253 3150 1332 3213 civis
1355 3148 1639 3227 Wratislauicnsis,
1668 3147 1885 3212 universitatis
1921 3146 2048 3222 civium,

544 3250 757 3315 habitatorum
789 3257 821 3315 et
844 3251 1017 3316 incolarum
1050 3252 1265 3335 predictorum
1301 3257 1486 3334 procurator
1516 3257 1548 3316 et
1578 3253 1729 3329 sindicus
1764 3251 1855 3316 nobis
1884 3250 2050 3316 humiliter

545 3355 747 3437 supplicavit,
778 3360 814 3420 ut
837 3374 934 3436 super
956 3356 1078 3423 iuribus
1102 3357 1142 3421 ad
1166 3376 1222 3421 nos
1246 3365 1279 3421 et
1303 3359 1404 3439 ipsam
1427 3355 1595 3420 ecclesiam
1624 3356 1752 3419 racione
1776 3354 1854 3419 dicti
1878 3372 1993 3419 census
2017 3354 2049 3417 in

544 3459 689 3543 predicta
720 3460 849 3524 civitate
883 3460 1101 3540 spectantibus
1131 3480 1188 3543 per
1219 3461 1344 3543 aliquos
1374 3461 1489 3542 probos
1520 3460 1606 3524 vinus
1639 3458 1838 3540 deputandos
1869 3477 1966 3541 super
1988 3458 2049 3523 hoc

546 3563 803 3629 informacionem
825 3564 925 3644 recipi
949 3583 987 3628 ac
1010 3565 1166 3644 ordinare,
1192 3565 1275 3646 quod
1299 3572 1387 3628 certa
1411 3583 1532 3629 summa
1554 3565 1689 3646 pecunie
1712 3582 1770 3643 per
1784 3563 1927 3644 prefatos
1952 3563 2047 3639 circs

544 3668 742 3732 habitatores
766 3672 798 3730 et
822 3668 942 3732 incolas
965 3686 1021 3748 pro
1046 3669 1130 3733 dicto
1162 3688 1257 3733 censu
1289 3670 1356 3734 suis
1382 3668 1534 3748 periculis
1557 3673 1590 3732 et
1613 3667 1792 3748 sumptibus
1824 3667 1909 3748 apud
1940 3667 2048 3731 sedern

545 3772 752 3853 apostolicam
776 3772 941 3854 perpetuis
971 3774 1168 3853 temporibus
1190 3774 1281 3836 annis
1306 3773 1439 3855 singulis
1463 3774 1648 3850 solveretur,
1680 3774 1791 3855 eisque
1815 3772 1959 3854 graciose
1983 3770 2047 3848 illa,

545 3897 606 3959 que
629 3877 746 3942 debent
769 3877 809 3939 de
832 3893 928 3940 censu
952 3876 1063 3940 eodem
1085 3896 1142 3958 pro
1166 3883 1309 3958 tempore
1339 3877 1503 3956 preterito,
1528 3897 1589 3958 quo
1614 3882 1821 3941 cessaverunt
1843 3894 1863 3939 a
1886 3874 2047 3939 solucione

545 3980 632 4045 illius
648 3987 683 4044 ut
698 3981 902 4061 premittitur,
923 3981 1087 4043 remittere
1103 3981 1313 4061 dignaremur.
1338 3979 1404 4044 Nos
1420 3981 1517 4061 igitur
1533 3980 1744 4056 attendentes,
1762 3979 1844 4060 quod
1862 3980 1893 4042 in
1908 3978 2048 4057 antiquis

543 4085 688 4167 registris
711 4083 854 4150 eiusdem
876 4083 1018 4148 Romane
1036 4084 1170 4147 ecclesie
1194 4085 1373 4147 continetur·
1396 4102 1556 4164 expresse,
1580 4085 1664 4165 quod
1681 4086 1741 4166 ipsi
1759 4085 1799 4149 ad
1814 4081 2046 4165 prestacionern

544 4195 577 4254 ct
600 4189 792 4253 solucionem
816 4189 892 4252 dicti
917 4205 1031 4251 census
1060 4193 1211 4251 tenentur·
1234 4188 1368 4265 astricti,
1399 4192 1433 4251 et
1456 4189 1668 4252 indubitatum
1692 4189 1819 4264 existat,
1851 4187 1934 4269 qnod
1958 4184 2046 4249 illum

545 4297 775 4357 consueverant
790 4292 892 4355 eidem
909 4291 1043 4354 ecclesie
1060 4292 1256 4372 abantiquis
1278 4292 1474 4371 temporibus
1494 4292 1617 4354 soluere
1633 4310 1669 4354 ac
1686 4292 1858 4369 solverunt,
1871 4308 2046 4372 quousque,

545 4404 581 4461 ut
603 4396 750 4478 superins
766 4400 815 4458 est
831 4413 1025 4476 expressum,
1043 4414 1061 4458 a
1078 4396 1188 4475 paucis
1212 4397 1292 4459 citra
1316 4396 1523 4474 temporibus
1547 4414 1608 4458 nou
1632 4397 1700 4459 sine
1724 4399 1905 4475 contemptu
1930 4399 1962 4457 et
1977 4413 2048 4474 pre-

545 4501 661 4564 indicio
684 4499 818 4563 ecclesie
841 4505 1015 4562 memorate
1038 4517 1229 4580 suarumque
1254 4501 1430 4565 anirrrarunr
1451 4500 1610 4578 periculis
1629 4519 1685 4579 per
1700 4499 1933 4580 decerusepterrr
1949 4514 2048 4560 annos

543 4603 685 4684 proxime
716 4604 778 4666 iam
809 4602 936 4682 elapsos
968 4621 985 4664 a
1017 4602 1178 4665 solucione
1209 4608 1415 4665 cessaverunt
1451 4601 1546 4671 illius,
1582 4610 1614 4666 et
1645 4604 1775 4683 insuper
1803 4599 1886 4682 quod
1921 4600 2045 4664 modurn

545 4707 716 4772 solucionis
747 4706 877 4785 antique
909 4705 984 4767 dicti
1009 4723 1131 4782 census,
1167 4725 1261 4786 queru
1284 4705 1323 4768 ob
1346 4706 1561 4768 reverenciarrr
1592 4706 1757 4769 berrtorurrr
1788 4705 1874 4768 Petri
1898 4710 1931 4768 et
1955 4704 2045 4768 Pauli

547 4810 763 4892 apostolorum
779 4827 816 4872 ac
832 4813 963 4891 propter
978 4810 1058 4873 adias
1082 4809 1232 4872 honestas
1249 4814 1282 4871 et
1295 4809 1506 4873 racionabiles
1530 4829 1644 4873 causas
1660 4811 1849 4872 extirrrarnus
1870 4808 1970 4872 fuisse
1994 4809 2046 4888 pie

547 4933 583 4978 ac
608 4913 847 4978 racionabiliter
870 4913 1092 4989 introductum,
1120 4918 1244 4976 mutare
1268 4913 1307 4975 de
1330 4912 1417 4977 facili
1441 4912 1613 4993 expediens
1637 4933 1696 4976 uon
1720 4913 1855 4991 ridetur,
1886 4912 2045 4993 supplica·

546 5019 628 5082 cioni
651 5017 831 5082 huiusmodi
856 5036 917 5080 non
941 5017 1087 5080 duximus
1111 5016 1322 5093 annuendum,
1358 5016 1413 5079 sed
1437 5016 1569 5096 prefatis
1594 5017 1725 5093 ciuibus,
1757 5016 1991 5080 habitatoribus
2013 5020 2046 5077 et

547 5122 659 5186 incolis
691 5121 831 5185 civitatis
862 5120 1003 5201 predicte
1033 5139 1091 5200 per·
1119 5119 1245 5185 rrrodum
1276 5119 1373 5183 aliurn
1405 5119 1622 5183 favorabiliter
1655 5119 1821 5199 providere
1855 5137 1951 5200 super·
1983 5119 2044 5183 hiis

550 5226 753 5305 intendimus
778 5224 928 5288 videlicet
951 5226 1044 5305 quod,
1068 5225 1094 5289 si
1118 5224 1235 5304 prefati
1270 5225 1365 5301 ciues,
1395 5224 1592 5287 habitatores
1622 5230 1654 5287 ot
1678 5223 1778 5288 incole
1806 5243 1840 5288 se
1864 5224 2046 5287 solemniter

546 5335 577 5392 et
601 5329 776 5393 efficaciter
798 5329 939 5410 obligent
962 5329 1001 5391 ad
1019 5329 1213 5406 solvendum,
1239 5329 1321 5391 sicut
1344 5329 1531 5408 preruissuru
1555 5334 1613 5404 est,
1638 5328 1755 5392 futuris
1779 5327 1943 5410 perpetuis
1966 5332 2044 5390 tern-

545 5433 675 5512 poribus
700 5432 817 5496 dictum
849 5452 987 5510 censum,
1022 5451 1118 5513 super
1148 5431 1222 5509 illis,
1257 5432 1297 5495 ad
1322 5452 1383 5512 que
1406 5437 1555 5495 tenentur
1584 5433 1712 5496 racione
1744 5432 1820 5497 dicti
1851 5448 1965 5495 census
1987 5450 2044 5511 pro

545 5542 687 5616 tompore
709 5538 873 5617 preterito,
897 5539 1041 5619 graciose
1065 5555 1194 5619 agemus
1218 5537 1355 5600 cumeis
1378 5537 1593 5617 terminosque
1617 5557 1713 5618 super·
1736 5536 1897 5600 solucione
1919 5534 2044 5600 illorum

546 5641 605 5703 sibi
630 5639 783 5704 faciemus
813 5648 1028 5723 competentes
1060 5639 1187 5703 concedi
1216 5659 1253 5703 ac
1275 5639 1453 5720 predictum
1485 5641 1688 5704 interdictum
1711 5641 1750 5703 de
1774 5639 1906 5720 speciali
1936 5639 2044 5720 gracia

544 5743 681 5806 relaxari
704 5745 914 5825 personisque
939 5745 1076 5825 ipsorum
1100 5743 1315 5824 singularibus
1337 5742 1525 5807 berroliciunr
1549 5744 1762 5807 absolucionis
1785 5742 1933 5823 impendi.
1961 5742 2045 5820 Quo'·
