5184 7050
541 884 606 951 554

642 1110 735 1177 973.
757 1109 921 1194 Neplcclro
945 1109 1042 1174 Paul-i
1059 1109 1248 1194 praeficitur
1269 1111 1305 1175 in
1326 1110 1471 1174 (abbatem
1493 1110 1680 1175 monasterii
1705 1108 1955 1193 Opotoedcencis.

598 1298 737 1423 {XXV}
1139 1351 1141 1355 ,
1467 1295 1630 1374 Aoiuioaa,
1654 1301 1742 1365 1348
1765 1297 1942 1364 Fednmrii
1965 1301 2008 1364 ll.

651 1511 687 1575 [i.
716 1511 747 1574 in
779 1509 835 1576 Cb.
859 1509 880 1575 f.
904 1510 1100 1593 Neplachoni
1134 1509 1234 1589 Pauli,
1269 1509 1378 1574 abbati
1413 1510 1598 1574 monasterii
1622 1509 1914 1592 Oppatovviceusis,
1937 1507 2040 1572 ordinis

546 1615 647 1679 sancti
670 1614 846 1693 Benedicti,
869 1615 1040 1697 Pragensis
1063 1615 1211 1692 diocesis,
1235 1633 1260 1678 s.
1284 1620 1345 1678 etc.
1381 1614 1528 1695 Suscepti
1552 1632 1629 1679 cura
1651 1613 1815 1695 regiminis
1839 1631 1896 1677 cor
1918 1618 2042 1677 nostum

546 1720 695 1784 continua
717 1719 826 1801 pulsat
848 1720 1014 1798 instancia,
1032 1725 1067 1784 ut
1083 1719 1294 1783 solicitudinis
1311 1718 1461 1797 debiturn,
1480 1719 1520 1782 ad
1537 1718 1620 1800 quod
1637 1719 1795 1785 universis
1812 1718 1902 1782 orbis
1918 1717 2044 1782 ecclesiis

545 1829 578 1887 et
600 1824 800 1888 monasteriis
822 1843 880 1887 nos
903 1824 1078 1906 apostolico
1101 1825 1264 1889 servitutis
1286 1824 1463 1889 necessitas
1494 1823 1622 1905 obligat,
1654 1841 1764 1887 eorum
1796 1823 1946 1905 siugulis,
1968 1830 2045 1904 prout

546 1929 637 1993 nobis
667 1947 705 1993 ex
735 1928 800 1993 alto
831 1929 1024 2008 conceditur,
1056 1928 1237 1993 exolvamus
1268 1928 1299 1993 in
1332 1947 1370 1994 eo
1401 1927 1576 2010 potissime,
1601 1933 1635 1991 ut
1657 1926 1784 1991 illorum
1808 1926 2046 2010 tegminaque

545 2032 684 2114 propriis
718 2038 792 2097 sunt
825 2033 979 2098 destituta
1012 2034 1203 2116 pastoribus,
1239 2033 1383 2115 personis
1416 2032 1537 2096 talibus
1571 2031 1821 2110 committantur,
1845 2050 1907 2114 per
1929 2049 2046 2113 quarum

545 2136 713 2201 solerciaur
737 2138 997 2218 circumspectam
1020 2138 1158 2202 ecclesie
1180 2156 1218 2201 ac
1240 2139 1435 2202 monasteria
1457 2137 1603 2219 predicta
1625 2137 1656 2200 in
1680 2137 1908 2218 spiritualibus
1933 2142 1966 2200 et
1983 2142 2047 2200 tenr-

546 2241 710 2323 povalibus
734 2241 859 2306 valeant
883 2243 1046 2324 avlaugeri.
1093 2242 1220 2306 lindum
1243 2242 1400 2322 siquidem
1430 2242 1622 2306 monasterio
1648 2240 1922 2322 Oppatowicensi,
1947 2240 2048 2304 ordinis

547 2345 650 2409 sancti
672 2345 849 2427 Benedicti,
873 2347 1043 2428 Pragensis
1065 2345 1212 2424 diocesis,
1236 2366 1294 2429 per
1317 2347 1449 2411 liberam
1473 2346 1722 2428 resignacionem
1746 2346 1776 2410 d.
1795 2345 1817 2411 i.
1835 2346 1998 2412 llrosnate
2016 2344 2047 2407 de

547 2450 710 2531 ltipoltitz,
732 2450 888 2529 monachi,
912 2450 986 2515 olim
1009 2451 1144 2530 abbatis,
1168 2452 1244 2516 dicti
1268 2451 1464 2529 monasterii,
1481 2470 1539 2533 per
1556 2450 1584 2514 d.
1606 2449 1627 2515 f.
1644 2450 1813 2516 Giraldnrn
1831 2451 1872 2515 de
1898 2450 2047 2532 Magnam,

549 2555 733 2619 canonicum
766 2555 971 2636 Pragensern,
1006 2556 1205 2637 capellanum
1237 2562 1389 2639 nostrum,
1420 2561 1659 2638 procuratorem
1681 2540 1784 2632 suum,
1810 2555 1852 2618 ad
1876 2553 1938 2619 lroc
1962 2554 1998 2617 aiv
2017 2572 2047 2613 m

549 2658 688 2741 speciale
722 2660 903 2724 vrnanulatum
933 2659 1111 2737 habentem,
1136 2660 1335 2724 inmanibus
1358 2660 1387 2724 d.
1412 2659 1432 2724 f.
1457 2679 1485 2724 n.
1511 2658 1676 2738 Quidonis,
1691 2657 1777 2723 tituli
1803 2664 1920 2724 sancte
1944 2657 2048 2723 cecilie

549 2763 726 2847 presbyteri
750 2763 932 2843 cardinalis,
956 2764 1039 2845 apud
1064 2764 1172 2829 sedem
1196 2764 1402 2846 apostolicam
1425 2770 1537 2846 sponte
1561 2763 1677 2828 factam
1700 2768 1734 2826 et
1757 2762 1799 2826 ub
1823 2764 1941 2827 eovlem
1963 2761 2049 2827 cardi·

548 2866 611 2932 nali
643 2869 683 2933 de
713 2867 860 2933 mandato
892 2875 999 2934 nostro
1030 2887 1127 2950 super
1156 2869 1214 2933 lroc
1246 2870 1307 2934 sibi
1338 2869 1421 2934 lacto
1452 2868 1579 2933 oraculo
1610 2867 1680 2932 vive
1704 2867 1792 2931 vocis
1817 2867 1907 2950 apud
1931 2866 2048 2931 eavvdcnv

548 2972 656 3037 sedem
679 2973 858 3053 admissam,
881 2974 966 3055 apud
989 2974 1098 3039 sedem
1120 2974 1295 3056 predictam
1320 2979 1469 3039 secante:
1493 2991 1550 3038 nos
1574 2972 1788 3050 attendentes,
1814 2972 1905 3053 quud
1929 2972 1967 3036 de
1989 2991 2049 3053 pru

549 3078 670 3142 visione
693 3078 794 3160 ipsius
817 3079 1000 3143 monasterii
1022 3079 1129 3143 nullus
1153 3084 1261 3161 preter
1283 3096 1341 3143 nos
1365 3097 1403 3143 ea
1426 3079 1495 3142 vice
1514 3095 1549 3142 se
1564 3077 1776 3144 intromittere
1793 3083 1926 3159 poterat
1942 3096 1995 3159 prro
2008 3094 2048 3152 eo,

549 3183 633 3264 quod
648 3202 706 3247 nos
722 3183 776 3248 diu
800 3189 874 3247 ante
898 3185 1096 3248 vocacionevn
1119 3184 1298 3248 huiusmodi
1321 3183 1519 3265 provisiones
1534 3183 1671 3247 omniurn
1690 3182 1972 3257 monasteriorum,
1985 3188 2047 3245 tuuc

551 3288 636 3370 apud
670 3288 787 3352 dictam
821 3288 930 3353 sedem
965 3306 1152 3370 quocunque
1186 3287 1277 3352 modo
1309 3287 1492 3352 vacancium
1519 3291 1553 3350 et
1575 3293 1798 3350 vacaturorurn
1824 3289 1957 3352 inantea
1979 3283 2049 3366 apud

550 3411 631 3470 earn,
665 3393 869 3475 disposicioni
904 3399 1012 3457 nostro
1046 3393 1229 3475 specialiter
1262 3397 1472 3470 reservantes,
1508 3391 1704 3456 decrevimus
1740 3398 1860 3456 extunc
1886 3390 2005 3454 irritum
2024 3396 2050 3450 et

553 3497 654 3576 inane,
677 3498 704 3561 si
728 3514 821 3562 secus
845 3496 1026 3581 superbiis
1049 3517 1066 3562 a
1090 3514 1249 3579 quoquam
1273 3496 1386 3578 quavis
1409 3497 1601 3561 auctoritate
1625 3497 1764 3561 scienter
1798 3495 1850 3561 vel
1885 3495 2051 3578 ignomnter

552 3602 749 3685 contingeret
778 3603 972 3684 attemptari,
1004 3608 1036 3666 et
1066 3602 1106 3666 ad
1136 3604 1348 3685 provisionem
1379 3605 1480 3685 ipsius
1503 3602 1685 3667 rnorrasterii
1710 3601 1850 3667 celerem
1875 3607 1910 3665 et
1933 3601 2050 3673 lelieevn,

553 3727 592 3772 ne
609 3707 731 3790 prolixe
746 3707 925 3773 v'acacionis
940 3713 1118 3788 exponatur
1141 3709 1355 3787 incommodis
1372 3708 1514 3790 paternis
1531 3713 1563 3771 et
1578 3706 1711 3771 solicitis
1727 3705 1846 3772 studiis
1863 3705 2050 3770 intendentes

551 3832 587 3877 ac
610 3813 775 3896 cupientes
798 3812 900 3878 eidem
923 3813 1115 3878 monasterio
1137 3812 1232 3878 talem
1256 3814 1421 3894 presidere
1444 3832 1622 3895 personam,
1645 3830 1707 3894 que
1732 3810 1813 3876 illud
1837 3813 1948 3886 sciret,
1969 3808 2047 3873 vellet

552 3925 585 3981 ct
608 3924 716 4000 posset
738 3935 928 3999 preservare
952 3936 971 3980 a
995 3917 1097 3982 noxiis
1120 3923 1154 3981 et
1176 3916 1319 3982 adversis
1343 3937 1380 3982 ac
1403 3918 1435 3981 in
1459 3918 1525 3981 suis
1547 3922 1753 3982 manutenere
1768 3917 1899 3982 iuribus
1914 3935 1951 3980 ac
1966 3914 2048 3979 eciam

553 4021 720 4104 adaugere,
745 4027 817 4103 post
839 4021 1112 4099 deliberacionem,
1137 4041 1231 4102 quam
1255 4021 1436 4103 superbiis
1459 4041 1529 4086 cum
1560 4022 1711 4086 frutribus
1743 4021 1865 4085 nostris
1897 4018 2047 4085 habuimus

553 4126 746 4207 diligentem,
781 4127 906 4191 demum
941 4126 981 4191 ad
1011 4132 1053 4205 te,
1085 4127 1271 4191 monachum
1300 4126 1441 4191 eiusdem
1464 4126 1659 4204 monasterii,
1684 4126 1715 4189 in
1740 4124 1930 4189 sacerdocio
1952 4121 2050 4188 eonsti-

552 4237 656 4296 tutum
691 4250 725 4295 ae
761 4231 901 4296 ordinem
933 4232 1035 4313 ipsum
1071 4249 1222 4312 expresse
1246 4231 1434 4313 professum,
1458 4232 1507 4295 cui
1532 4230 1570 4294 dc
1593 4230 1757 4313 religionis
1780 4230 1863 4308 zelo,
1889 4229 2048 4294 litteramru

555 4336 703 4413 sciencia,
728 4335 896 4400 honestate
919 4355 1049 4415 morum,
1073 4337 1138 4400 vite
1162 4336 1323 4400 mundicia
1345 4335 1480 4417 aliisque
1504 4335 1595 4399 donis
1619 4336 1770 4398 virtutum
1796 4332 1959 4417 fidedigna
1975 4330 2049 4396 testi·

554 4441 660 4504 rnouia
683 4439 899 4522 perhibentur,
923 4441 1095 4505 direximus
1118 4440 1225 4504 oculos
1249 4448 1357 4504 nostre
1380 4441 1505 4505 mentis.
1531 4441 1652 4517 Quibus
1675 4440 1824 4504 onmibus
1845 4440 1955 4506 debita
1970 4435 2048 4502 medi·

553 4545 678 4609 tucione
702 4546 854 4627 pensatis,
878 4545 917 4608 de
941 4563 1076 4628 persona
1098 4552 1163 4623 tua,
1188 4546 1278 4608 nobis
1309 4549 1341 4608 et
1371 4544 1491 4608 eisdem
1526 4543 1676 4609 iratribus
1699 4544 1964 4611 consideracione
1993 4559 2048 4625 pre

554 4651 721 4714 missorum
759 4657 899 4730 accepta,
927 4649 1029 4715 eidem
1066 4651 1259 4714 monasterio
1294 4648 1333 4712 de
1367 4648 1506 4730 ipsorum
1541 4647 1672 4713 fratrum
1708 4649 1841 4715 consilio
1878 4648 2049 4715 auctoritate

554 4755 728 4836 apostolica
753 4754 954 4836 providemus
977 4759 1073 4837 teque
1089 4756 1149 4837 ipsi
1167 4753 1347 4835 preficimus
1363 4754 1394 4817 in
1410 4754 1566 4831 abbatem,
1583 4773 1691 4818 curam
1707 4760 1741 4818 et
1752 4754 2048 4820 administracioneu

556 4859 656 4942 ipsius
679 4860 862 4926 monasterii
886 4861 942 4925 tibi
967 4865 1033 4925 tarn
1057 4861 1088 4924 in
1113 4857 1332 4942 spiritualibus
1349 4877 1442 4939 quam
1459 4860 1490 4923 iu
1506 4859 1733 4940 temporalibus
1755 4858 1905 4941 plenarie
1928 4856 2050 4924 comunit-

555 4964 662 5042 tendo,
687 4964 718 5029 in
742 4965 805 5043 illo,
830 4967 883 5048 qui
908 4965 962 5029 dat
991 4966 1115 5047 gracias
1150 4969 1182 5027 et
1215 4963 1351 5045 largitur
1384 4964 1514 5045 premia,
1551 4963 1754 5040 evrnlidentes,
1790 4964 1877 5045 qnod
1913 4960 2050 5046 prelatum

556 5071 780 5135 monasterium
804 5088 862 5151 per
884 5075 938 5134 tue
962 5068 1259 5151 circumspeccionis
1282 5074 1316 5131 et
1338 5067 1506 5149 diligencie
1530 5068 1679 5145 studium,
1703 5067 1837 5132 dextera
1871 5067 1985 5134 domini
2004 5061 2050 5127 tilvi

556 5176 728 5239 assistente
752 5177 902 5257 propicia,
928 5176 1137 5257 spiritualiter
1160 5179 1192 5238 et
1215 5173 1435 5256 temporaliter
1457 5179 1586 5253 regetur
1615 5172 1736 5237 utiliter
1758 5179 1792 5237 et
1815 5189 1971 5255 prospere
1990 5166 2051 5234 diri·

556 5287 658 5360 getur.
682 5281 838 5358 (suocirca
861 5280 1048 5345 discrecioni
1073 5286 1128 5345 tue
1152 5298 1209 5361 per
1231 5279 1408 5361 apostolica
1431 5278 1550 5359 scripta
1569 5278 1765 5355 mandamus
1782 5284 1954 5359 quatenus,
1970 5275 2051 5356 impe

556 5386 652 5449 situm
675 5384 732 5448 tibi
757 5404 837 5450 onus
860 5405 879 5450 a
902 5386 1026 5450 domiuo
1050 5385 1163 5451 devote
1187 5385 1374 5466 suscipiens,
1399 5402 1507 5447 euram
1523 5389 1556 5446 et
1572 5382 1886 5448 administracionem
1910 5380 2051 5466 prebete

557 5488 601 5551 sic
625 5507 718 5569 geras
741 5489 878 5554 lideliter
902 5499 932 5553 et
957 5491 1080 5554 solicite
1105 5491 1318 5572 prosequaris,
1335 5488 1419 5570 quud
1435 5487 1594 5570 prelatum
1614 5488 1842 5553 monasterium
1867 5480 2052 5571 gubernatori

558 5595 688 5675 provido
713 5602 744 5659 et
768 5594 929 5660 fructuoso
953 5597 1202 5660 avlvuinistratori
1226 5595 1365 5676 gaudeat
1388 5611 1422 5657 se
1446 5595 1655 5672 commissum,
1683 5599 1783 5675 tuque
1813 5592 1949 5675 proinde
1977 5586 2053 5655 retri-

558 5699 701 5763 bucionis
725 5706 835 5764 eterne
857 5702 1012 5783 premium
1038 5700 1183 5780 disquiras
1208 5719 1245 5763 ac
1270 5706 1410 5763 nostram
1434 5704 1466 5762 et
1489 5698 1575 5763 sedis
1598 5695 1740 5763 eiusdem
1761 5698 2016 5763 benediccionem
2028 5699 2058 5784 et

557 5804 695 5885 graciam
720 5806 849 5869 uberius
873 5806 1024 5885 errrrscqui
1048 5804 1208 5870 roerearis.
1256 5805 1294 5869 l).
1318 5804 1475 5869 Aninioue
1500 5805 1549 5869 lll
1573 5802 1614 5867 id.
1638 5802 1807 5868 Februarii
1830 5823 1859 5868 a.
1885 5809 1984 5869 sextu.
