5184 7050
1876 844 1941 909 249

414 1054 521 1120 modo
543 1055 694 1121 racancia
720 1062 753 1120 et
775 1055 904 1121 inantea
933 1060 1093 1133 vacatura,
1118 1055 1282 1121 collacioni
1317 1060 1349 1119 et
1380 1055 1585 1136 disposicioni
1616 1058 1724 1119 nostre
1755 1052 1939 1135 specialiter

420 1168 633 1225 reservantes
655 1161 855 1226 decrevimus
878 1166 994 1225 extunc
1016 1161 1142 1226 irritum
1165 1166 1199 1224 et
1221 1161 1325 1237 inane,
1357 1161 1383 1225 si
1415 1178 1509 1224 secus
1532 1158 1713 1241 superbiis
1737 1176 1756 1222 a
1779 1176 1937 1240 (parronam

421 1267 543 1346 quavis
569 1267 762 1331 auctoritate
792 1266 931 1330 scienter
959 1264 1011 1330 rel
1041 1267 1224 1346 ignoranter
1254 1266 1453 1344 contingeret
1483 1263 1682 1344 attemptari:
1717 1281 1775 1327 nos
1798 1262 1941 1327 volentes

422 1371 490 1434 tibi
514 1390 542 1451 p.
567 1374 589 1434 t.
614 1389 655 1434 m.
679 1371 700 1434 i.
723 1388 753 1453 g.
777 1370 799 1434 f.
822 1388 859 1448 s.,
882 1369 1044 1452 predictos
1067 1370 1286 1433 canonicatum
1310 1374 1343 1433 et
1364 1368 1558 1451 prehendant
1582 1368 1628 1431 sic
1643 1373 1792 1432 vacantes
1814 1386 1884 1431 cum
1907 1386 1941 1450 p.

424 1475 451 1539 i.
476 1493 504 1539 c.
527 1493 565 1538 ac
587 1494 615 1538 o.
639 1475 659 1539 i.
683 1480 716 1538 et
737 1494 769 1557 p.
792 1491 818 1537 s.
842 1472 1017 1555 apostolica
1039 1473 1098 1538 tibi
1122 1473 1314 1537 auctoritate
1338 1472 1531 1537 conferimus
1554 1478 1587 1535 et
1610 1473 1650 1536 de
1670 1472 1733 1536 illis
1750 1472 1851 1535 eciam
1868 1491 1941 1553 pro-

423 1579 575 1642 videmus
599 1629 606 1642 .
631 1628 638 1642 .
663 1629 670 1642 .
696 1598 725 1655 ‚3
749 1597 810 1642 non
834 1578 1036 1643 obstantibus
1060 1627 1066 1640 .
1092 1627 1098 1640 .
1124 1627 1131 1640 .
1157 1627 1164 1640 .
1196 1596 1252 1642 scu
1283 1576 1366 1658 qrrod
1399 1576 1688 1641 arclridiaconatum
1719 1576 1758 1640 de
1790 1575 1941 1640 llantesio

425 1683 463 1747 in
488 1682 729 1747 constanciensi
763 1702 801 1747 ac
825 1684 856 1747 in
879 1683 990 1747 eadem
1020 1688 1053 1747 et
1084 1682 1115 1745 in
1143 1681 1339 1746 Nanneteusi
1364 1681 1567 1745 canonicatus
1590 1688 1623 1745 et
1646 1679 1823 1762 prebendas
1847 1700 1883 1743 cu:
1909 1680 1940 1744 iu

427 1785 621 1851 Caturcensi
644 1786 789 1850 ecclesiis
812 1786 1004 1850 auctoritate
1028 1785 1206 1850 litterarum
1229 1785 1251 1849 i
1275 1805 1300 1850 r.
1324 1785 1489 1850 Benedicti
1507 1804 1589 1867 pape
1605 1785 1678 1863 XII,
1703 1784 1940 1865 predecessoris

426 1890 542 1966 nosui,
567 1889 784 1954 canonicatum
808 1889 866 1952 sub
890 1890 1117 1968 explectaciona
1140 1889 1301 1970 prebende
1317 1908 1353 1953 ac
1370 1890 1543 1969 dignitatis,
1568 1893 1756 1970 personatus
1771 1906 1828 1952 seu
1845 1887 1940 1952 officiii

427 1999 464 2057 et
488 1999 676 2075 perpetuam
700 1994 848 2057 sicariam
871 1993 1008 2057 ecclesie
1031 1993 1070 2057 cle
1093 1993 1246 2070 Veniens,
1275 1993 1486 2058 Bituricensis
1517 1992 1664 2070 diocesis,
1696 1993 1837 2055 nosceris
1861 1992 1941 2055 ιιιιιί-

431 2117 512 2162 nere
515 2148 621 2162 .....
647 2099 685 2162 Ι).
710 2097 795 2180 apud
818 2097 935 2161 Villam
960 2115 1084 2173 ironam,
1110 2094 1146 2161 a.
1171 2097 1211 2174 cl,
1235 2097 1277 2160 ἰιΙ.
1303 2097 1438 2177 Augusti
1463 2116 1490 2160 a.
1515 2099 1625 2161 tercio.

536 2202 572 2266 In
596 2221 624 2265 e.
648 2220 688 2265 m.
712 2222 740 2264 r.
765 2201 786 2265 f.
811 2202 959 2282 episeopo
984 2201 1175 2265 Niuernensi
1199 2208 1231 2265 et
1254 2201 1306 2264 dd.
1330 2200 1360 2265 lt.
1386 2251 1418 2264 ..
1444 2201 1697 2266 llrewnouiensis
1720 2220 1757 2264 ac
1774 2201 1937 2265 Stralroui-

428 2307 518 2371 ensis
540 2307 802 2370 inerrasteriorum
825 2306 1002 2383 elibertinus,
1027 2307 1197 2382 lbaaensis
1221 2306 1368 2382 diocesis,
1392 2325 1417 2370 s.
1441 2312 1501 2370 etc.
1520 2357 1526 2370 .
1545 2357 1576 2370 ..
1604 2309 1640 2371 ll.
1665 2313 1701 2369 ut
1725 2326 1749 2369 s.

539 2521 688 2573 Clementis
712 2521 749 2575 l⁷1
774 2524 807 2574 Λ.
831 2522 957 2576 lllltltV.
975 2528 1037 2586 ticli
1059 2522 1078 2574 s.
1103 2527 1159 2587 1313,
1184 2521 1218 2575 cle
1246 2522 1388 2575 benefieiis
1407 2522 1567 2574 vacantibus
1585 2538 1630 2589 ιμι.
1652 2521 1754 2573 ⁶2:V.
1780 2526 1826 2574 tol
1849 2520 1867 2574 l'.
1892 2526 1940 2573 tot

429 2625 456 2660 n.
489 2614 546 2660 tus.

642 3141 736 3208 417.
759 3139 904 3213 Arausio,
928 3138 1164 3222 archiepiscopo
1188 3142 1355 3222 Prupeasi,
1379 3140 1517 3225 pallium
1539 3141 1727 3205 maceditur.

490 3259 528 3346 V

477 3363 539 3417 .x.

1190 3341 1287 3425 Apud
1317 3341 1663 3415 l'itlammmm,1344
1687 3338 1824 3419 Aucustr'
1844 3342 1897 3403 24.

539 3556 578 3621 V.
601 3556 622 3622 f.
645 3558 793 3634 Amesto,
809 3558 959 3639 episeopo
979 3557 1052 3623 olim
1069 3559 1261 3641 l'ragensi,·l
1284 3560 1317 3623 in
1332 3558 1604 3640 archiepiscopum
1620 3557 1810 3632 l'raecnsem
1827 3557 1942 3635 eleeto,

433 3680 458 3723 s.
484 3667 546 3723 ete.
571 3660 681 3742 Nuper
702 3660 910 3726 suadentibus
934 3662 1181 3727 racionabilibus
1204 3663 1309 3727 causis
1332 3663 1523 3740 l'rastensem
1539 3662 1718 3738 ecclesiam,
1734 3662 1808 3725 olim
1831 3661 1942 3726 suifra-

433 3781 569 3842 ganeam
603 3765 738 3830 ecclesie
771 3765 956 3848 blaguntine
990 3786 1027 3830 ae
1058 3768 1098 3831 de
1121 3768 1282 3848 provincia
1307 3767 1495 3847 llauuntina
1517 3768 1717 3842 existentem
1740 3771 1773 3829 a·
1796 3765 1940 3845 remuniri

434 3867 579 3932 eiusdem
602 3868 772 3951 l'rsgensis
794 3870 930 3934 ecclesie
952 3871 1146 3953 presidente,
1169 3871 1210 3935 de
1224 3869 1357 3936 iratmm
1373 3879 1551 3936 nostromm
1572 3869 1704 3936 consilto
1719 3878 1752 3934 et
1767 3868 1942 3952 epistilio·

434 3971 635 4052 plenitudine
656 3975 827 4054 potestatis
850 3976 880 4039 in
903 3975 1204 4057 archiepiscopalem
1235 3983 1266 4039 ct
1296 3975 1570 4056 metrepolitanam
1600 3974 1760 4038 ereximus
1789 3980 1824 4037 et
1845 3973 1942 4037 licerio-

436 4076 524 4140 ribos
546 4094 584 4140 ac
607 4078 751 4159 insigniis
774 4077 860 4143 sedis
883 4079 1114 4161 metropolitice
1137 4078 1283 4144 duximus
1306 4079 1527 4152 declarandam,
1562 4098 1599 4142 ac
1622 4077 1835 4154 attendentes,
1858 4077 1941 4159 quin

435 4187 469 4243 tu
494 4182 634 4263 regimen
656 4182 799 4246 eiusdem
823 4183 992 4262 Pragensis
1015 4182 1160 4259 ecclesie,
1184 4183 1257 4247 dum
1281 4183 1473 4265 episcopalis
1496 4183 1665 4260 resistebat,
1695 4182 1850 4246 hactenns
1871 4201 1942 4264 gres·

435 4284 506 4347 sisti
530 4284 669 4349 fideliter
690 4292 725 4349 et
746 4286 929 4368 prudenter,
959 4294 991 4351 et
1021 4288 1104 4369 quod
1138 4287 1215 4352 illud
1246 4289 1452 4368 imposterum
1482 4287 1640 4351 attcncius
1662 4303 1801 4368 gereres,
1823 4293 1857 4348 te
1881 4286 1940 4368 ipsi

438 4388 574 4453 ecclesie
597 4390 750 4471 Pragensi
772 4392 804 4455 in
827 4391 1099 4474 archiepiscopum
1124 4392 1314 4473 prefecimus
1333 4399 1365 4455 et
1381 4399 1550 4473 premerem,
1573 4409 1680 4454 cumin
1696 4397 1729 4453 et
1744 4389 1942 4455 alurinistra·

437 4493 561 4557 cionem
583 4494 671 4559 illins
692 4494 752 4560 tibi
783 4496 813 4558 in
837 4495 1056 4576 spiritualibus
1085 4504 1119 4560 et
1148 4496 1377 4577 tenrpnalibus
1407 4496 1551 4578 plenarie
1584 4493 1818 4568 ‹esiumrittcnda
1849 4502 1942 4576 prom

437 4597 468 4661 in
492 4599 612 4662 nostris
634 4598 709 4662 inde
731 4599 884 4663 coniectis
907 4600 1023 4665 litteris
1047 4598 1171 4681 plenius
1195 4602 1384 4665 coritinetur.
1416 4601 1495 4664 l'urn
1518 4606 1624 4664 antem
1649 4598 1796 4680 paelicum,
1820 4599 1943 4679 irnsiene

437 4702 589 4767 videlicet
611 4702 817 4784 plenitudinis
843 4703 1033 4785 pontificalis
1064 4704 1171 4768 cilicii.
1202 4725 1240 4768 ex
1272 4713 1365 4786 parte
1393 4713 1450 4768 tua
1480 4705 1593 4768 luisset
1623 4704 1756 4768 anobis
1786 4701 1941 4784 perdi.

438 4807 605 4872 Nicolaum
629 4808 669 4872 de
693 4808 943 4888 Lucernborelro,
966 4810 1148 4872 carlonis-um
1181 4808 1379 4889 l'raeeusem,
1413 4809 1562 4874 nuncium
1583 4815 1684 4872 tuum.
1707 4827 1778 4872 culn
1807 4826 1856 4882 ca,
1879 4827 1943 4889 eiua

437 4912 556 4988 decuit,
580 4913 736 4977 instancia
758 4913 961 4995 postulatum,
985 4932 1042 4976 1le
1065 4915 1128 4976 tois
1152 4914 1300 4993 preribns
1322 4920 1500 4977 annuentes
1521 4914 1626 4995 ipsum
1648 4912 1690 4976 de
1704 4930 1836 4993 usurpare
1855 4911 1941 4976 beati

437 5017 525 5082 Petri
549 5023 709 5097 sumptum
733 5036 790 5098 per
812 5037 861 5079 rr.
884 5016 915 5082 d.
939 5037 990 5082 nn,
1015 5067 1022 5079 .
1047 5068 1054 5079 .
1077 5016 1368 5082 ll'rstislauiensmn
1384 5029 1418 5082 et
1433 5069 1441 5080 .
1459 5069 1466 5081 .
1484 5016 1755 5084 Noratbencnseni
1777 5016 1944 5100 episzopos

435 5120 663 5201 assignandum
687 5140 745 5202 per
765 5121 923 5201 prefatum
948 5121 1111 5185 Nictolaum
1146 5127 1179 5184 et
1209 5120 1238 5184 d.
1270 5122 1291 5185 l.
1323 5121 1489 5187 Nicolaum
1519 5121 1685 5202 Hostizlay
1715 5120 1755 5186 de
1778 5119 1943 5186 lloraoitz.

436 5226 660 5308 presbytemm
675 5225 844 5308 l'ragensis
859 5226 1006 5299 ‹lioccsis
1030 5226 1178 5290 duximus
1190 5225 1425 5292 crastinantem.
1449 5233 1485 5291 ut
1500 5225 1596 5290 iidem
1610 5224 1752 5307 episcopi
1769 5224 1818 5288 rel
1834 5243 1943 5289 earum

437 5330 521 5394 alter
543 5329 602 5394 tibi
626 5329 706 5394 illud
730 5331 893 5411 assignent
918 5330 977 5394 sub
1000 5330 1110 5404 stanna,
1141 5349 1235 5412 qoam
1266 5332 1314 5398 eis
1345 5329 1405 5394 suli
1427 5329 1514 5394 bulla
1538 5335 1646 5394 nostra
1670 5329 1825 5394 mittimus
1847 5330 1945 5393 intrer-

436 5434 569 5510 clnsam,
592 5442 624 5498 et
648 5441 724 5498 ate
747 5443 854 5498 nostro
878 5445 908 5499 ct
933 5433 1069 5499 ‘eclesie
1092 5433 1233 5498 &tumne
1256 5435 1381 5500 urirnine
1405 5435 1464 5500 sub
1486 5433 1597 5511 tumn,
1631 5452 1727 5515 cruam
1751 5433 1811 5497 sub
1833 5433 1944 5496 cartem

436 5538 525 5604 lmlla
549 5538 726 5620 dirigimus,
749 5539 914 5602 fidelitatis
945 5538 1053 5602 debite
1083 5538 1210 5602 silitum
1242 5539 1399 5620 resipiant
1429 5539 1658 5603 iuraraentum:
1692 5544 1727 5600 tu
1758 5547 1866 5600 cavan
1890 5533 1945 5600 illo

438 5645 522 5708 intra
544 5642 713 5708 ecclesiam
735 5653 824 5706 tuaur
848 5643 912 5707 illis
935 5642 1049 5708 dicbus
1070 5643 1182 5706 utaris.
1206 5645 1258 5725 qm
1283 5644 1426 5725 expressi
1452 5645 1483 5706 in
1501 5645 1602 5724 ipsius
1619 5641 1786 5724 tracen-i«.
1809 5640 1946 5704 secreta·

437 5748 617 5831 privilegiis
640 5748 851 5810 continentur.
876 5746 918 5810 [ι
944 5748 1042 5826 luitur
1065 5747 1188 5829 signum
1212 5767 1273 5811 ιιιιιι
1296 5747 1456 5827 disseret
1473 5767 1492 5809 a
1509 5747 1644 5828 siegrium,
1669 5747 1736 5808 sed.
1752 5743 1836 5827 «possi
1859 5745 1944 5824 egeris
