5184 7050
1990 882 2054 952 609

540 1084 737 1165 supradictis
761 1084 977 1167 prorogandas
1000 1085 1147 1151 duximus
1173 1106 1210 1152 ac
1233 1089 1334 1153 eciam
1365 1087 1591 1167 extendendas,
1623 1088 1800 1152 adicientes
1830 1089 2053 1155 nichilominus

539 1190 574 1253 in
600 1190 787 1254 extensione
811 1195 844 1253 et
865 1192 1092 1272 prorogatione
1116 1191 1237 1256 ultimis
1269 1193 1461 1274 supradictis
1485 1212 1522 1258 ac
1545 1194 1698 1273 volentes,
1733 1194 1817 1275 quod
1849 1195 2053 1258 canonicatus

541 1297 577 1357 et
599 1294 770 1376 prebende,
794 1294 976 1376 dignitates,
1000 1301 1201 1377 personatus,
1218 1297 1516 1362 administraciones
1539 1303 1572 1363 et
1595 1298 1700 1364 officia
1723 1304 1756 1363 et
1778 1300 1842 1364 alia
1865 1316 2054 1380 quecunque

541 1397 700 1462 beneficia
724 1397 943 1463 ecclesiastica
966 1419 1036 1463 cum
1060 1420 1137 1465 cura
1157 1401 1209 1466 vel
1232 1401 1301 1465 sine
1325 1421 1411 1480 cura,
1428 1421 1490 1484 que
1506 1401 1648 1484 predicto
1671 1403 1782 1467 ultimo
1807 1402 1941 1467 durante
1964 1403 2053 1467 bien·
2134 1445 2140 1453 -

540 1502 596 1566 nio
612 1521 651 1566 ex
662 1520 757 1567 causa
768 1503 1023 1584 permutacioniS,
1040 1523 1098 1586 per
1112 1523 1169 1570 nos
1185 1511 1241 1570 aut
1254 1507 1447 1571 auctoritate
1462 1512 1570 1571 nostra
1585 1506 1730 1572 faciende
1746 1507 1785 1571 de
1802 1506 1875 1584 illis,
1890 1510 2051 1584 vacarent,

546 1612 605 1671 aut
628 1626 690 1689 que
712 1626 770 1689 per
792 1626 850 1671 nos
874 1607 969 1672 alicui
993 1608 1043 1673 vel
1066 1610 1235 1692 aliquibus,
1259 1614 1295 1674 ut
1318 1610 1436 1674 inillis
1460 1611 1603 1675 securius
1626 1629 1790 1675 remanere
1813 1610 1964 1688 valerent,
1982 1629 2055 1674 con-

547 1710 667 1775 firmari
677 1714 702 1791 ο)
726 1712 931 1794 contingeret,
944 1712 1012 1777 sive
1035 1713 1297 1796 qualitercunque
1321 1733 1379 1796 per
1399 1715 1528 1780 modum
1550 1714 1801 1780 confirmacionis
1827 1716 1877 1780 vel
1902 1716 1981 1779 alias
2005 1715 2055 1779 ius

545 1833 607 1896 per
629 1822 756 1880 nostras
778 1816 904 1881 litteras
920 1818 968 1882 eis
982 1818 1180 1883 tribueretur
1194 1820 1227 1883 in
1243 1820 1317 1899 illis,
1334 1838 1391 1884 seu
1407 1838 1470 1902 que
1485 1821 1594 1901 vigore
1610 1837 1869 1901 quarumcunque
1892 1821 2054 1898 unionum,

544 1919 586 1983 de
601 1919 664 1984 illis
681 1921 845 2003 quibusvis
860 1921 1016 1999 ecclesiis,
1032 1924 1244 2006 monasteriis,
1261 1924 1480 2006 dignitatibus,
1493 1923 1727 2006 personatibus,
1744 1921 1867 2003 officiis,
1885 1922 2054 2005 prebendis

544 2029 603 2088 aut
626 2025 803 2106 cuicunque
826 2025 895 2089 loco
918 2025 969 2090 vel
992 2026 1136 2108 religioni
1160 2026 1315 2092 factarum
1344 2027 1501 2092 hactenus
1531 2034 1564 2092 et
1594 2031 1711 2091 extunc
1733 2027 1960 2105 faciendarum,
1984 2044 2055 2090 cum

543 2146 605 2210 per
635 2145 759 2193 cessum
789 2129 840 2193 vel
871 2129 1037 2195 decessum
1067 2132 1218 2212 ipsorum,
1251 2132 1305 2214 qui
1336 2130 1491 2196 beneficia
1525 2133 1615 2196 unita
1649 2130 1829 2196 huiusmodi
1864 2131 2054 2208 obtinerent,

545 2232 669 2297 eisdem
700 2234 855 2313 ecclesiis,
886 2236 1097 2312 monasteriis,
1132 2234 1350 2318 dignitatibus,
1381 2236 1615 2318 personatibus,
1646 2235 1769 2313 officiis,
1802 2235 1974 2317 prebendis
2000 2239 2056 2299 aut

544 2335 616 2402 loco
640 2337 691 2402 vel
714 2337 859 2420 religioni
883 2339 1033 2404 devenire
1056 2337 1138 2403 infra
1153 2339 1330 2421 predictum
1346 2341 1508 2406 biennium
1532 2341 1739 2423 contingeret,
1756 2342 1814 2406 sub
1829 2341 2054 2405 reservacione

546 2445 581 2505 et
612 2440 830 2524 applicacione
861 2443 1013 2526 predictis
1043 2444 1386 2526 comprehenderentur
1416 2451 1449 2510 et
1478 2443 1716 2509 includerentur
1744 2444 1856 2523 modis,
1890 2443 2000 2508 formis
2023 2448 2057 2510 et

547 2546 796 2624 condicionibus,
828 2548 882 2628 qui
914 2547 954 2611 de
984 2549 1055 2612 aliis
1085 2548 1248 2613 beneficiis
1278 2549 1426 2630 superius
1457 2554 1531 2613 sunt
1560 2549 1712 2630 expressi.
1757 2549 1801 2614 Et
1828 2548 1953 2627 deinde,
1984 2567 2055 2612 cum

547 2650 730 2716 huiusmodi
753 2670 851 2717 onera
871 2671 935 2716 nou
958 2652 1121 2730 diminuta,
1145 2651 1201 2715 sed
1225 2657 1319 2717 aucta
1340 2654 1452 2734 pocius
1476 2659 1689 2727 noscerentur,
1724 2670 1781 2718 nos
1802 2653 2055 2717 reservacionem

547 2759 582 2819 et
605 2755 854 2837 applicacionem
878 2761 911 2820 et
934 2755 1147 2820 adieccionem
1168 2775 1205 2821 ac
1221 2757 1417 2821 voluntatem
1439 2757 1600 2839 predictas
1623 2757 1681 2822 sub
1704 2757 1816 2834 modis,
1839 2755 1959 2834 formis,
1983 2774 2056 2821 con-

545 2858 727 2923 dicionibus
756 2865 790 2923 et
820 2860 1078 2941 expressionibus
1109 2860 1279 2926 antedictis
1310 2879 1411 2943 usque
1440 2861 1480 2925 ad
1511 2860 1672 2925 biennium
1702 2880 1722 2925 a
1750 2859 1813 2924 fine
1840 2859 1916 2925 dicti
1950 2859 2054 2924 ultimi

545 2963 667 3028 biennii
699 2964 943 3046 computandum
972 2965 1163 3029 auctoritate
1186 2965 1363 3046 apostolica
1385 2965 1603 3030 extendendas
1627 2964 1773 3029 duximus
1796 2983 1834 3028 ac
1857 2965 1958 3030 eciam
1981 2982 2054 3045 pro·

546 3066 716 3150 rogandae.
763 3069 1003 3150 subsequenter
1032 3077 1148 3147 autern,
1180 3088 1250 3134 curn
1279 3070 1461 3134 huiusmodi
1490 3088 1597 3148 onera,
1628 3088 1722 3152 quam
1754 3069 1908 3133 diminuta
1934 3074 2053 3148 essent,

544 3171 660 3253 pocius
683 3170 940 3252 exc1·evissent,‘³)
963 3191 1021 3237 nos
1043 3173 1288 3238 necessitatibus
1311 3173 1453 3237 eiusdem
1476 3192 1600 3238 camere
1629 3174 1771 3239 honestis
1794 3174 1855 3237 viis
1878 3177 1911 3236 et
1933 3190 2056 3237 accom-

546 3276 651 3341 modis
682 3279 847 3359 cupientes
878 3278 1028 3343 remediis
1056 3277 1233 3361 providere,
1271 3279 1525 3343 reservacionem
1555 3283 1588 3343 et
1617 3278 1866 3361 applicacionem
1900 3276 2055 3341 dictomm

545 3381 709 3446 fructuum
733 3401 853 3447 necnon
877 3383 1091 3447 adieccionem
1115 3387 1147 3445 et
1169 3381 1365 3446 voluntatem
1388 3381 1550 3463 predictas
1566 3382 1624 3447 sub
1640 3382 1752 3461 modis,
1775 3381 1894 3459 formis,
1919 3380 2056 3445 condici-

546 3485 662 3550 onibus
687 3491 719 3550 et
742 3487 999 3568 expressionibus
1022 3485 1216 3569 supradictis
1239 3504 1341 3567 usque
1364 3485 1403 3551 ad
1421 3485 1584 3551 biennium
1599 3504 1619 3550 a
1634 3485 1696 3550 fine
1719 3485 1900 3551 ultimorum
1924 3485 2056 3550 duomm

546 3607 702 3655 annorum
725 3591 939 3672 predictorum
962 3590 1206 3673 computandum
1230 3590 1421 3655 auctoritate
1441 3590 1586 3671 predicta
1608 3590 1825 3655 extendendas
1848 3589 1995 3655 duximus
2019 3608 2057 3653 ac

548 3694 650 3759 eciam
674 3695 899 3777 prorogandas.
924 3696 967 3760 Et
989 3713 1029 3759 ne
1051 3694 1159 3759 forsan
1181 3695 1353 3759 esitaretur
1369 3696 1408 3761 de
1424 3694 1578 3773 ecclesiis,
1603 3695 1719 3774 quibus
1742 3694 1922 3776 dignitates,
1948 3712 2057 3775 perso-

547 3803 655 3876 natus,
679 3798 785 3863 officia
807 3804 840 3864 et
861 3798 925 3864 alia
946 3798 1103 3863 beneficia
1133 3799 1351 3863 ecclesiastica
1381 3798 1562 3863 huiusmodi
1593 3799 1736 3864 ecclesiis
1767 3798 1845 3880 ipsis
1873 3798 1962 3863 uuita
1985 3816 2058 3862 con-

547 3903 690 3985 tingeret
727 3903 887 3982 devenire,
928 3904 985 3969 sub
1021 3904 1201 3969 huiusmodi
1239 3903 1385 3969 ecclesiis
1422 3904 1660 3986 patriarchales,
1669 3905 1693 3986 ο)
1732 3902 1991 3985 metropolitanas
2025 3907 2059 3967 et

548 4007 754 4072 cathedrales
777 4026 815 4072 ac
837 4007 918 4072 alias
942 4026 1148 4089 quascunque
1171 4006 1324 4072 ecclesias
1347 4008 1505 4073 voluimus
1521 4012 1553 4072 et
1568 4008 1798 4073 declaravimus
1821 4007 2056 4090 comprehendi.

548 4114 594 4179 Et
616 4112 693 4193 quia
717 4114 800 4178 sicut
822 4112 1000 4177 audivimus
1023 4129 1101 4195 sepe
1124 4112 1287 4194 contingit,
1304 4112 1398 4192 quod,
1416 4112 1489 4176 dum
1506 4130 1630 4176 camera
1650 4113 1720 4195 ipsa
1741 4118 1864 4194 partem
1886 4112 2056 4189 fructuum,

549 4215 734 4283 reddituum
758 4224 790 4282 et
813 4223 1023 4299 proventuum
1045 4215 1271 4282 beneficiorum
1293 4216 1473 4282 huiusmodi
1495 4217 1528 4280 in
1551 4215 1712 4281 solucione
1735 4218 1856 4282 decime
1878 4221 2057 4281 taxatorum

549 4322 646 4387 unius
670 4323 754 4400 anni,
779 4322 810 4385 in
834 4341 897 4403 qua
921 4327 995 4386 sunt
1024 4322 1057 4386 in
1086 4321 1265 4387 huiusmodi
1298 4321 1421 4386 decime
1452 4321 1613 4385 solucione
1639 4326 1759 4399 taxata,
1782 4321 1906 4403 recipit,
1928 4320 2057 4385 residuo

547 4425 722 4504 fructuum,
744 4426 926 4491 reddituum
949 4431 983 4490 et
1004 4430 1215 4508 proventuum
1229 4424 1453 4491 beueficiomm
1477 4427 1617 4508 ipsorum
1639 4424 1696 4490 illa
1718 4426 1934 4490 obtinentibus
1956 4443 2058 4489 rema·

548 4536 656 4608 nente,
691 4530 787 4595 iidem
817 4531 998 4596 obtinentes
1028 4548 1226 4611 nequaquam
1256 4530 1296 4593 de
1327 4534 1512 4594 remanente
1541 4529 1620 4612 ipsis
1649 4530 1863 4611 predictorum
1887 4529 2057 4607 huctuum,

549 4633 735 4700 reddituum
759 4638 792 4700 et
814 4640 1024 4717 proventuum
1046 4635 1196 4715 porcione
1226 4635 1367 4699 contenti
1397 4633 1576 4698 huiusmodi
1605 4634 1738 4712 fructus,
1761 4634 1906 4699 redditus
1929 4640 1964 4699 et
1986 4652 2057 4715 pro-

548 4744 666 4804 ventus
689 4738 914 4804 beneficiorum
930 4741 1070 4821 ipsomm
1086 4739 1219 4821 ipsaque
1238 4737 1395 4804 beneficia
1410 4756 1467 4819 pro
1482 4737 1663 4803 huiusmodi
1686 4739 1787 4821 primo
1810 4757 1892 4803 anno
1914 4738 2058 4803 totaliter

549 4844 741 4909 dimiserunt
764 4862 887 4908 camere
910 4849 1093 4921 memorate,
1117 4843 1201 4908 unde
1224 4842 1343 4908 factum
1367 4847 1425 4920 est,
1449 4843 1543 4923 quod,
1575 4841 1648 4907 dum
1672 4861 1796 4907 camera
1819 4843 1890 4923 ipse
1914 4861 1971 4908 seu
1994 4841 2057 4908 col·

548 4948 689 5013 lectores
723 4948 878 5013 dictorum
911 4948 1080 5026 fructuum,
1114 4948 1295 5012 reddituum
1330 4953 1363 5012 et
1396 4953 1606 5029 proventuum
1640 4965 1697 5027 pro
1732 4947 1879 5027 eadem‘)
1913 4946 2059 5029 pluribus

549 5058 585 5119 et
615 5052 752 5117 diversis
785 5053 927 5135 negociis
957 5052 1103 5135 occupati
1134 5053 1175 5117 ad
1208 5052 1390 5118 faciendum
1423 5050 1586 5117 beneficiis
1621 5052 1699 5133 ipsis
1733 5052 1766 5115 iu
1796 5051 1912 5116 divinis
1945 5049 2059 5116 officiis

550 5158 707 5223 deserviri
731 5162 764 5222 et
785 5160 962 5223 animarum
986 5176 1094 5221 curam
1117 5159 1150 5222 in
1169 5159 1226 5236 eiS,
1243 5157 1358 5239 quibus
1374 5156 1429 5220 illa
1445 5157 1595 5236 imminet,
1611 5157 1753 5221 exerceri
1772 5155 1934 5220 commode
1956 5155 2061 5219 inten-

550 5263 629 5327 dere
650 5262 872 5343 nequiverunt,
893 5267 926 5326 et
942 5262 997 5326 illa
1019 5263 1201 5328 obtinentes
1223 5262 1463 5327 intromisemnt
1481 5280 1516 5326 se
1535 5261 1663 5325 minime
1687 5261 1727 5326 de
1750 5261 1880 5339 eisdem,
1903 5258 2059 5324 beneficia

550 5368 622 5450 ipsa
644 5365 763 5431 debitis
785 5372 861 5432 sunt
883 5366 1030 5431 fraudata
1052 5368 1224 5448 obsequiis,
1248 5367 1425 5431 animarum
1449 5385 1524 5431 cura
1547 5367 1579 5430 in
1602 5367 1658 5444 eis,
1690 5366 1806 5447 quibus
1835 5365 1892 5429 illa
1914 5364 2058 5429 imminet

550 5477 588 5537 ut
609 5471 781 5554 prefertur,
811 5470 957 5554 neglecta
987 5478 1046 5551 est,
1078 5490 1136 5536 nec
1166 5470 1370 5553 hospitalitas
1401 5476 1450 5535 est
1479 5477 1607 5537 servata
1636 5471 1668 5534 in
1699 5470 1745 5535 eis
1776 5475 1809 5535 et
1829 5469 1912 5534 bona
1935 5468 2060 5549 direpta

553 5581 627 5641 sunt
649 5576 838 5641 eorundem:
862 5593 920 5641 nos
943 5577 1110 5658 providere
1142 5575 1322 5659 superbiis
1353 5576 1564 5654 intendentes,
1587 5574 1745 5639 voluimus
1772 5580 1805 5638 et
1831 5574 2072 5652 ordinavimus,¹

557 5680 639 5761 quod
661 5682 772 5747 eadem
795 5701 922 5747 camera
944 5701 1001 5764 pro
1024 5687 1114 5765 parte
1137 5683 1237 5763 ipsam
1268 5681 1469 5763 contingente
1500 5680 1539 5745 de
1561 5681 1730 5758 fructibus,
1761 5679 1938 5744 redditibus
1961 5676 2060 5761 [et]⁸)

559 5786 761 5868 proventibus
797 5785 1023 5855 beneficiorum
1060 5788 1203 5872 ipsorum
1241 5786 1273 5852 in
1306 5785 1486 5853 huiusmodi
1525 5785 1685 5853 solucione
1723 5784 1844 5852 decime
1880 5787 2060 5850 tesaurum
