5184 7050
662 857 706 922 90

659 1067 897 1147 procuratorem
921 1063 961 1126 ad
984 1062 1042 1126 hoc
1066 1081 1085 1127 a
1108 1063 1193 1128 dioto
1215 1063 1398 1129 Theobaldo
1430 1064 1570 1146 legitime
1601 1065 1808 1131 constitutum
1838 1064 1871 1128 in
1902 1063 2047 1127 Romana
2077 1063 2161 1127 curia

660 1168 778 1233 factam
794 1168 826 1231 in
841 1167 987 1231 manibus
1003 1188 1027 1230 r.
1044 1185 1074 1247 p.
1092 1167 1211 1232 domiui
1226 1168 1393 1243 (luidonis,
1412 1168 1462 1233 dei
1479 1175 1511 1233 et
1527 1169 1701 1251 apostolice
1718 1168 1804 1232 sedis
1819 1168 1928 1249 gracia
1944 1167 2030 1232 tituli
2056 1172 2161 1230 sancte

662 1271 781 1338 Cecilie
797 1272 976 1353 presbyteri
993 1270 1174 1350 cardinalis,
1188 1275 1221 1335 et
1237 1273 1277 1336 ab
1293 1273 1405 1337 eodem
1420 1273 1594 1338 reverendo
1609 1276 1702 1355 patre
1718 1270 1923 1336 demandato
1940 1273 2048 1335 vestro
2064 1269 2162 1335 eidem

661 1395 680 1439 a
703 1376 733 1441 S.
758 1375 904 1441 illecto
935 1375 1063 1439 oraculo
1093 1376 1165 1439 vive
1195 1377 1282 1440 vocis
1304 1383 1466 1458 receptam
1490 1379 1529 1443 ed
1553 1377 1734 1454 admissam,
1760 1376 1863 1440 dictos
1887 1375 2110 1440 canonicatum
2131 1377 2162 1436 et

661 1478 853 1560 prebendam
887 1478 1022 1542 ecclesie
1056 1477 1211 1543 Metensis
1244 1479 1390 1560 predicte
1424 1478 1572 1558 iohanni,
1603 1479 1668 1544 lilio
1698 1478 1814 1543 nobilis
1844 1478 1904 1542 viri
1938 1477 2104 1541 Francisci
2126 1475 2162 1538 de

661 1581 861 1659 Herbeuiler,
885 1581 996 1646 militis
1019 1581 1178 1647 Tnllensis
1202 1583 1348 1661 diocesis,
1373 1582 1516 1648 conferre
1538 1584 1709 1666 dignemini
1733 1589 1765 1647 et
1796 1582 1912 1660 velitis,
1944 1600 2014 1646 cum
2046 1578 2162 1643 decreti

661 1686 916 1768 interposicione,
940 1687 1171 1764 reservacione,
1187 1684 1390 1765 inhibitione,
1407 1688 1632 1768 acceptacioue
1655 1692 1687 1750 et
1709 1705 1770 1750 nou
1794 1684 1997 1749 obstantibus
2021 1682 2162 1747 omnibus

660 1796 694 1854 et
717 1791 833 1854 ceteris
856 1790 1009 1855 clausulis
1033 1791 1206 1873 oportunis,
1230 1792 1473 1867 nonobstante,
1497 1791 1581 1872 quod
1605 1790 1681 1854 dicti
1705 1789 1910 1853 canonicatus
1941 1793 1974 1852 ct
2004 1785 2161 1869 prebende

660 1895 816 1959 reservati
840 1894 987 1958 dicantur
1010 1897 1066 1958 aut
1090 1894 1154 1958 sint
1178 1895 1262 1976 apud
1286 1895 1395 1959 sedem
1417 1901 1557 1959 nestram
1581 1901 1733 1959 sanctam.

762 1996 836 2061 Fiat
860 1998 896 2062 ll.

764 2102 844 2165 ltem
868 2101 951 2182 quod
974 2102 1043 2183 pari
1067 2103 1160 2167 modo
1184 2121 1222 2166 ac
1238 2102 1332 2166 simili
1349 2102 1451 2166 lomna
1467 2103 1687 2167 canonicatum
1704 2107 1736 2165 et
1751 2100 1945 2182 prebeudam
1962 2098 2160 2181 supradictos

659 2207 794 2270 ecclesie
819 2205 1028 2270 Virrlnuensis
1052 2207 1227 2284 Douninim,
1250 2204 1315 2270 lilio
1339 2205 1463 2270 Nicolai
1488 2206 1526 2268 de
1552 2207 1658 2284 Portu,
1681 2204 1786 2286 legum
1809 2204 1958 2281 doctoris,
1979 2204 2058 2268 dicti
2081 2205 2160 2283 regis

660 2310 845 2387 consiliarii,
869 2311 947 2373 civis
970 2309 1139 2387 Tullonsis,
1163 2309 1308 2373 conferre
1331 2310 1502 2391 dignemini
1527 2317 1559 2374 ct
1581 2310 1688 2374 velitis
1711 2314 1747 2373 ut
1770 2310 1801 2373 iu
1825 2308 1925 2372 forma
1960 2309 2160 2372 contentam

664 2414 902 2496 supplicacione
925 2414 1118 2496 precedenti.

764 2518 837 2581 mat
860 2517 896 2582 R.
932 2518 975 2582 Et
998 2538 1026 2598 q.
1050 2524 1073 2581 t.
1098 2518 1183 2581 clieta
1206 2529 1312 2581 vestre
1335 2519 1442 2596 gracie
1466 2537 1491 2580 s,
1516 2518 1588 2581 al.
1624 2517 1697 2580 Fiat
1720 2517 1756 2581 ll.
1785 2517 1822 2580 l).
1848 2517 2006 2580 Aninione
2029 2515 2077 2580 Xl
2100 2516 2158 2580 kal.

662 2622 776 2686 Marcii
799 2641 828 2684 a.
851 2622 961 2701 primo.

763 2810 910 2863 Clementis
929 2810 967 2862 Vl
985 2808 1003 2862 S
1022 2810 1063 2880 ls‘l
1083 2811 1121 2876 (⁸2)
1142 2808 1160 2862 f.
1179 2815 1220 2862 40.

1308 2884 1513 2892 ———--.

658 3298 750 3364 164.
780 3297 933 3371 Jobonoi,
957 3300 1031 3360 noto
1061 3296 1173 3361 nobilis
1202 3299 1265 3361 oiri
1291 3299 1454 3362 Francisci
1484 3299 1521 3363 de
1543 3298 1745 3374 Herbeviiler,
1768 3298 1890 3374 oiiiitis,
1911 3302 2099 3386 providetur
2119 3303 2161 3368 cd

656 3399 920 3482 supplicationem
941 3401 1111 3478 Joaonnis,
1141 3403 1224 3481 repis
1248 3402 1427 3481 Bobeiume,
1461 3403 1500 3466 dc
1530 3404 1719 3467 canonicatu
1748 3408 1778 3467 ct
1805 3405 1991 3488 praebendo
2014 3409 2159 3473 audaciae

744 3506 903 3570 Maiensis.
952 3506 1002 3570 ,D.
1027 3507 1183 3571 Auiuioue
1205 3508 1259 3571 XI
1276 3505 1339 3571 karl.
1365 3509 1484 3573 Marcii
1507 3531 1537 3573 α.
1557 3509 1684 3591 primo!
1729 3511 1845 3575 Formo
1875 3517 1913 3577 ut
1934 3514 1967 3579 in
1989 3535 2020 3578 n.
2043 3516 2074 3579 4.

1579 3720 1741 3799 Auiaione,
1765 3723 1850 3786 1343
1873 3721 2044 3787 Februarii
2065 3726 2116 3788 19.

699 3782 808 3868 ἱ.

760 3969 907 4025 Clementis
926 3972 964 4024 Vl
982 3975 1006 4024 A
1025 3972 1066 4042 lla
1086 3976 1141 4041 (77)
1160 3973 1179 4028 f.
1201 3976 1267 4041 1022
1286 3975 1320 4028 de
1340 3975 1479 4031 beneficiis
1497 3978 1655 4031 vacantibus
1674 3994 1718 4046 qu.
1740 3984 1770 4033 17
1785 3981 1860 4034 :V.
1880 3985 1928 4034 147
1947 3980 1967 4035 f.
1984 3987 2036 4037 376
2054 3998 2080 4035 n.
2099 3987 2156 4036 734.

654 4579 745 4644 165.
776 4579 950 4653 Dominico
982 4583 1055 4643 noto
1079 4581 1208 4645 Nicolui
1237 4582 1274 4644 da
1298 4583 1406 4656 I'orlu,
1426 4584 1615 4665 providetur·
1638 4587 1682 4649 ud
1703 4588 1964 4671 supplicationem
1985 4589 2153 4666 Jobmmis,

654 4683 737 4761 repis
761 4681 940 4756 Beheoiioe,
964 4682 1001 4746 de
1024 4686 1215 4749 cormaicutu
1236 4690 1266 4747 et
1284 4687 1467 4768 praebendo
1491 4688 1638 4753 ecclesiae
1669 4692 1883 4759 Virduaensis.
1925 4696 1977 4769 ,D.
2001 4694 2154 4762 Aminiam!

984 4789 1039 4851 XI
1054 4788 1117 4852 kral.
1143 4790 1263 4854 Miircii
1285 4813 1314 4853 u.
1337 4792 1462 4871 primo‘
1509 4794 1623 4857 Forma
1647 4798 1682 4857 ut
1704 4796 1740 4859 in
1761 4818 1791 4860 n.
1814 4799 1845 4862 4.

696 5009 738 5062 ,Χ
764 5009 805 5062 X.
1575 5002 1737 5084 Acinione,
1763 5008 1846 5071 1343
1869 5007 2039 5073 Febmarii
2059 5012 2110 5077 19.

756 5233 903 5288 Clementis
923 5235 960 5288 Vl
979 5240 1002 5289 Α
1022 5238 1064 5305 178
1084 5242 1138 5306 (63)
1159 5239 1177 5291 f.
1196 5245 1245 5292 lm
1265 5256 1291 5293 n.
1311 5246 1371 5308 237,
1390 5241 1423 5294 de
1441 5243 1606 5311 praebendis
1623 5245 1781 5301 vacantibus
1800 5263 1845 5315 qu.
1866 5253 1896 5301 12
1911 5249 1986 5304 :V.
2001 5257 2050 5305 153
2063 5252 2081 5306 f.
2095 5253 2150 5306 116¹

652 5333 678 5370 n.
698 5323 756 5372 237.
773 5350 806 5359 ·-
