5184 7050
1871 688 1934 755 235

429 899 518 965 38⁰.
544 897 688 992 ilenrico,
712 901 787 962 nato
808 870 966 980 quoadorn
991 877 1131 989 Cappadi
1152 897 1308 972 Leabaeri
1323 897 1369 964 de
1391 896 1575 976 Berasdors
1583 898 1609 978 ¹)
1628 897 1815 991 providetur
1829 896 1867 960 de
1881 918 1931 962 ca·

429 992 576 1067 maicata
589 1001 737 1067 ecciesiae
753 1001 933 1081 Uticensis„
946 1002 1219 1090 Naumbarpepais
1234 1002 1377 1077 diocesis,
1390 1001 1447 1067 sab
1458 1003 1673 1084 expectatione
1683 1001 1894 1084 praebendae.
1909 1002 1933 1086 ¹)

428 1106 476 1175 d).
501 1107 661 1171 Aninione
681 1107 709 1169 Γ
724 1127 795 1173 aon.
821 1107 905 1172 Maii
928 1128 957 1172 α.
981 1106 1137 1172 sectando.⁴
1159 1109 1198 1172 Ια
1212 1130 1237 1174 e.
1261 1127 1302 1170 m.
1319 1108 1462 1190 episcopo
1478 1106 1635 1171 Misenensi
1649 1109 1680 1170 et
1695 1105 1805 1170 abbati
1825 1125 1934 1169 mona·

425 1210 515 1273 sterii
539 1211 777 1289 Κανααίένσναὲα,
802 1211 975 1276 Misnensis
998 1211 1139 1286 diocesis,
1163 1232 1202 1275 ac
1220 1211 1376 1276 sacristae
1398 1210 1548 1275 ecclesiae
1562 1210 1793 1274 Acinianeasis.
1818 1210 1933 1273 Forma

1080 1315 1278 1382 amni

467 1449 580 1593 in.

1441 1470 1616 1544 Ἀαίαἱαασ,
1639 1472 1726 1534 1344
1749 1469 1833 1534 Maii
1853 1471 1885 1536 3.

530 1692 681 1748 clementia
696 1694 845 1763 v1n.111s
864 1698 920 1760 (75)
939 1694 957 1748 i.
977 1700 1037 1762 236,
1045 1694 1090 1763 nie
1097 1663 1272 1749 'canonicatu
1290 1694 1341 1749 snb
1360 1693 1551 1763 expectatione
1565 1693 1743 1762 praebendae
1761 1708 1807 1760 qu.
1826 1697 1885 1746 7:
1899 1691 1934 1766 11.

416 1780 514 1833 1581.
535 1783 594 1834 tso'
613 1797 641 1835 n.
659 1786 720 1834 331.
739 1812 771 1820 —
798 1788 821 1844 ·)
840 1781 1004 1849 ,Berastori‘
1024 1784 1056 1834 Α.
1077 1812 1109 1821 -
1135 1783 1154 1847 ¹)
1184 1781 1225 1835 De
1249 1781 1450 1851 supplicatione
1473 1780 1573 1846 Caroli,
1599 1779 1764 1833 marchionis
1783 1779 1931 1844 Manaviae,

412 1881 506 1932 quam
519 1883 570 1936 pro
584 1867 659 1921 dieto
672 1867 794 1921 ilenrico
812 1869 935 1938 perrexit
952 1868 1026 1933 (vide
1044 1885 1118 1925 num.
1136 1869 1254 1934 379),.i11
1273 1869 1328 1922 ista
1344 1867 1437 1921 littera
1455 1867 1575 1934 gratiosa
1592 1870 1668 1919 ereata
1681 1870 1713 1933 fit
1731 1869 1834 1921 mentia.

417 2510 521 2578 381.
542 2509 686 2588 Garoias,
704 2510 939 2593 primopenitus
950 2512 1035 2590 repis
1050 2510 1229 2586 Botemiae,
1243 2511 1385 2576 marchio
1402 2513 1576 2587 Moraoiae,
1591 2511 1762 2596 supplicat,
1778 2516 1933 2593 quatenns

422 2614 564 2688 Alberto,
579 2614 654 2696 jilio
674 2615 833 2696 quaedam
850 2615 965 2696 Artotfi
987 2615 1326 2700 apostematis
1343 2617 1546 2681 Pataeiepsis
1568 2615 1709 2690 diocms,
1729 2615 1767 2679 de
1789 2615 1934 2697 beneficio

420 2740 495 2782 cam
516 2718 565 2782 aet
587 2719 657 2784 sine
677 2739 766 2794 cura,
785 2723 948 2802 spectante
962 2718 1006 2783 ad
1021 2719 1218 2784 collationem
1233 2720 1371 2804 episcopi
1388 2713 1645 2796 Pataoiensis‚si
1659 2718 1742 2801 quad
1756 2719 1790 2784 in
1806 2719 1934 2784 civitate

420 2822 470 2886 nel
493 2824 610 2888 diocesi
635 2824 819 2888 Pataciensi
840 2828 935 2889 cacat
956 2825 1000 2888 ad
1029 2825 1262 2907 praesepem
1286 2826 1549 2904 mactaverit,
1578 2824 1796 2907 provideatur.
1841 2823 1934 2900 ,Fiat

424 2949 524 3009 aaqtoe
553 2930 597 2991 ad
626 2950 784 2992 suminam
814 2930 947 3010 tripinta
978 2949 1160 2992 spurcarum
1194 2949 1264 2991 σανα
1288 2950 1376 3005 σανα,
1399 2928 1513 3008 cippati
1534 2927 1602 2992 sine
1624 2948 1701 2990 σανα
1727 2928 1764 2990 R.
1783 2977 1789 2990 .
1808 2976 1815 2990 .
1833 2977 1865 2990 ..
1889 2928 1931 2991 D.

859 3032 1015 3097 Auiraiope
1047 3032 1074 3092 i'
1091 3053 1162 3097 non.
1186 3032 1270 3097 Maii
1293 3054 1324 3097 a.
1348 3031 1501 3095 secando)

1454 3222 1617 3293 Acinioae,
1645 3223 1728 3285 1344
1751 3221 1836 3285 Maii
1856 3224 1887 3285 3.

531 3376 680 3431 clementie
705 3377 742 3430 vl
766 3377 792 3430 S.
818 3378 873 3446 ils-2
893 3381 931 3444 (4)
952 3378 970 3431 1.
989 3380 1058 3432 328'.

424 3870 517 3937 382.
542 3868 680 3937 Alberto.
704 3872 779 3932 nato
800 3869 959 3950 qnondam
981 3868 1106 3949 Artolfi,
1129 3866 1241 3931 militis
1268 3866 1306 3930 dc
1330 3864 1485 3945 I'oliiaim,
1508 3864 1618 3928 clerico
1644 3862 1844 3927 Pataoiensis
1866 3862 1932 3925 dio-

424 3975 516 4053 cesis,
535 3974 721 4057 providetur
743 3973 782 4040 de
803 3973 947 4055 beneficio
970 3993 1040 4036 σανα
1061 3972 1199 4037 oet'siae
1222 3971 1309 4063 σανα,
1332 3974 1467 4034 vacante
1487 3969 1536 4033 eet
1558 3972 1718 4042 vacaturo,
1742 3966 1785 4032 ad
1808 3966 1929 4031 collati·

425 4100 515 4148 opem
530 4079 669 4162 episcopi
686 4078 889 4142 Pata-niensis
903 4068 1073 4161 spectaate,
1093 4080 1190 4159 prdit
1213 4077 1246 4138 in
1268 4074 1499 4158 supplicatione
1524 4072 1728 4156 praecedenti
1751 4080 1933 4153 expressunt

422 4183 573 4261 existit')
596 4184 650 4256 ,lt
673 4182 830 4246 Acinione
860 4182 886 4242 V
915 4202 985 4245 noa.
1018 4180 1102 4245 Maii
1131 4202 1161 4242 α.
1191 4178 1346 4243 secando!
1369 4215 1410 4223 —
1437 4180 1474 4241 [α
1495 4200 1520 4241 e.
1544 4198 1586 4240 m.
1610 4176 1718 4240 abbati
1748 4176 1933 4239 monosterii

424 4286 632 4353 Mediicensis
654 4290 684 4348 et
712 4286 896 4369 praeposita
919 4285 1039 4351 Montis
1060 4284 1168 4350 sancti
1190 4283 1278 4347 Petri
1300 4284 1334 4346 ia
1355 4284 1502 4372 Brnano,
1527 4279 1728 4344 Pataaiensis
1751 4284 1781 4343 et
1799 4278 1930 4343 'Olonic-

489 4392 593 4454 censis
614 4390 793 4468 diocesim,
817 4409 856 4453 ac
877 4390 1036 4452 sacristae
1057 4387 1278 4452 Aoiniaaensis
1302 4385 1515 4450 ecclesiaram.
1540 4384 1655 4448 nme
1678 4387 1714 4447 at
1736 4383 1770 4448 in
1792 4405 1822 4447 α.
1846 4387 1877 4448 2.

466 4596 583 4738 Ξ1ζίχί
1451 4608 1614 4688 Attinione,
1640 4610 1724 4673 1344
1748 4607 1835 4673 Maii
1856 4610 1887 4671 3.

528 4855 679 4910 (tementis
698 4853 735 4906 VI
755 4854 788 4907 Α.
806 4854 862 4922 lists
882 4855 938 4920 (75)
957 4854 975 4905 s.
995 4853 1064 4920 n‘tt',
1086 4852 1120 4905 de
1140 4851 1280 4904 beneficiis
1298 4867 1360 4904 eum
1378 4850 1419 4904 vei
1443 4850 1502 4903 sine
1520 4865 1586 4903 σανα
1604 4850 1654 4903 snb
1674 4848 1868 4918 expectatione
1887 4864 1933 4916 qu.

418 4954 483 5000 6:
499 4946 530 4998 V.
555 4949 605 4996 lna
624 4944 641 4996 f.
662 4949 712 4995 393
731 4959 756 4994 n.
777 4947 834 4995 730.
855 4973 881 4978 -
908 4941 927 5004 ¹)
948 4940 1027 4993 euius
1046 4954 1111 4991 vero
1130 4936 1343 5006 supplicationis
1362 4938 1389 4990 in
1408 4936 1500 4989 littera
1519 4936 1581 5005 ipsa
1600 4936 1677 4989 sinilia
1694 4937 1725 4988 fit
1743 4936 1852 4989 mentio.
