5184 7050
554 842 619 909 564

552 1048 645 1115 994.
674 1047 818 1123 Arsarata,
840 1047 1073 1130 archiepiscopo
1100 1048 1261 1128 Proqcnsr‘,
1285 1049 1521 1115 corrcrncadotur
1543 1051 1669 1117 Aliotus
1693 1052 1800 1129 Lucii,
1836 1051 1966 1117 orantius
1987 1074 2049 1136 opo·

818 1150 956 1231 stol-icus,
981 1151 1024 1216 ccl
1048 1152 1206 1233 Carsium,
1231 1173 1335 1233 rcyem
1358 1155 1581 1236 idumaeorum,
1605 1156 1795 1222 destinatus.

1566 1294 1846 1374 Aoiaione,1348
1870 1295 1957 1362 Masi
1978 1298 2020 1362 19.

656 1429 694 1498 V.
718 1432 740 1497 f.
763 1432 911 1511 Ernesto,
935 1432 1173 1514 archiepiscopo
1197 1434 1358 1515 Pragensi.
1385 1434 1463 1499 Cum
1483 1434 1513 1499 d.
1530 1434 1551 1500 i.
1567 1435 1756 1517 magistrum
1780 1435 1950 1503 Alioctum
1970 1437 2053 1507 Lucii.

552 1537 737 1603 canonicum
770 1535 990 1615 Narniensem,
1014 1536 1216 1601 decretorum
1250 1537 1421 1616 doctorem,
1454 1538 1652 1622 capellanum
1675 1545 1822 1605 nostrum
1847 1546 1885 1607 et
1907 1560 2053 1608 causurun

552 1642 666 1725 palacii
700 1641 889 1721 auditorem,
913 1641 1088 1723 apostolice
1111 1641 1198 1706 sedis
1221 1643 1383 1717 nuncium,
1405 1642 1445 1708 ad
1468 1644 1668 1709 carissimum
1691 1645 1724 1710 in
1748 1644 1885 1712 Christo
1909 1645 1933 1711 f.
1956 1666 1985 1713 n.
2005 1646 2054 1713 lis

550 1746 663 1824 rolum,
697 1764 804 1829 regern
837 1745 1050 1811 Ronranomm
1084 1746 1251 1823 illustrem,
1283 1766 1340 1829 pro
1372 1748 1469 1813 certis
1492 1749 1641 1831 negociis,
1665 1767 1728 1830 que
1752 1749 1826 1832 ipse
1850 1749 1914 1815 tibi
1937 1759 2054 1835 exponet

552 1852 711 1930 oretenus,
728 1856 762 1916 et
784 1869 845 1933 que
869 1851 1008 1916 insident
1031 1852 1200 1918 admodum
1224 1851 1311 1916 cordi
1334 1853 1434 1931 nobis,
1456 1852 1699 1934 presencialiter
1721 1852 1946 1921 destinemus:
1961 1855 2052 1921 imter-

551 1957 685 2022 nitatem
707 1961 795 2021 tuam
818 1960 941 2022 attente
964 1973 1121 2038 rogamus,
1144 1960 1303 2038 quatenus
1327 1957 1428 2038 ipsius
1451 1958 1559 2023 nunicii
1581 1957 1726 2024 adhibita
1749 1977 1809 2041 pro
1834 1964 1933 2043 parte
1960 1966 2051 2026 nostra

550 2060 706 2126 relatibus
737 2078 834 2144 super
863 2060 922 2126 hoc
953 2061 1148 2143 exponendis
1179 2060 1359 2125 huiusmodi
1389 2062 1483 2142 plena
1505 2060 1578 2139 tide,
1603 2061 1664 2127 sibi
1687 2063 1719 2127 in
1742 2063 1859 2129 votiva
1883 2070 1919 2130 et
1940 2064 2051 2136 celeria

551 2183 660 2231 eorum
682 2166 883 2249 promocione
906 2165 992 2248 apud
1013 2165 1149 2230 eundem
1171 2183 1278 2248 regern
1302 2167 1437 2231 assistas
1460 2185 1517 2247 pro
1541 2171 1651 2232 nostra
1678 2171 1711 2230 et
1743 2167 1833 2231 dicte
1866 2168 1955 2233 sedis
1981 2187 2051 2235 resc-

551 2270 658 2337 rencia
680 2271 842 2337 favoribus
865 2275 898 2336 et
921 2271 1049 2335 auxiliis
1072 2271 1246 2354 oportunis
1270 2271 1317 2335 ita
1340 2270 1423 2353 quod
1447 2289 1506 2352 per
1521 2271 1804 2352 interposiciouem
1820 2275 1914 2337 tuam
1929 2280 2050 2339 nostum

550 2375 582 2439 in
605 2374 667 2440 hiis
698 2375 804 2441 votive
835 2393 1066 2457 consequamur
1099 2379 1253 2457 optatum.
1299 2375 1339 2440 D.
1363 2375 1520 2440 Auinione
1542 2373 1640 2440 Xllll
1663 2373 1726 2439 kal.
1752 2374 1847 2440 Junii
1873 2395 1904 2440 a.
1928 2377 2050 2461 septimo.

654 2481 692 2545 ln
715 2497 743 2544 e.
766 2499 807 2545 ιιι.
829 2480 858 2545 d.
875 2479 896 2545 i.
913 2479 1045 2545 Nicolao
1062 2480 1102 2544 de
1119 2480 1368 2563 Lucembourgo,
1384 2480 1548 2562 preposito
1572 2478 1708 2562 ecclesie
1724 2479 1970 2562 Susaciensis,¹)
1989 2479 2047 2546 Pni-

513 2568 516 2576 ’
550 2585 659 2668 gensis
682 2584 830 2664 diocesis,
854 2584 1018 2667 capellano
1042 2590 1160 2651 nostro.

653 2689 735 2754 item
758 2689 791 2753 in
814 2707 841 2753 e.
866 2707 905 2753 ιιι.
929 2688 960 2754 d.
983 2688 1005 2754 f.
1028 2688 1160 2755 Nicolao
1184 2690 1224 2754 de
1255 2687 1401 2769 Kimiaf)
1435 2688 1553 2753 ‹leeauo
1589 2687 1807 2767 Olomucensi,
1845 2690 1996 2757 carissimi
2022 2690 2045 2752 iu

551 2790 678 2864 Christo
701 2792 723 2858 i.
747 2812 777 2858 n.
801 2792 921 2871 Karoli,
945 2793 1030 2875 regis
1053 2792 1264 2857 Romanorum
1287 2792 1435 2873 illustria,
1459 2792 1658 2859 cancellario.

653 2898 734 2962 Item
758 2897 790 2962 in
813 2916 839 2962 e.
864 2916 904 2962 m.
929 2897 958 2962 d.
982 2896 1004 2962 f.
1027 2896 1126 2962 nobili
1148 2897 1215 2962 viro
1239 2896 1424 2976 Guillemro,
1449 2899 1574 2963 domino
1595 2897 1634 2962 de
1658 2897 1829 2977 Lantstan,
1854 2898 2041 2964 carissimiiu

550 3001 678 3067 Christo
700 3001 722 3067 f.
746 3022 775 3067 n.
800 3002 921 3081 Karali,
945 3002 1029 3084 regis
1053 3001 1264 3067 Romanorum
1288 3001 1433 3081 illustris,
1457 3002 1647 3067 consiliario.

653 3107 691 3172 In
713 3126 740 3172 e.
765 3125 805 3172 m.
829 3106 860 3171 d.
883 3105 904 3172 i.
928 3105 1025 3171 nobili
1048 3105 1116 3171 viro
1139 3106 1283 3186 Rodollo,
1308 3106 1381 3171 duci
1404 3107 1551 3174 Saxonis.

652 3277 802 3334 Clementis
820 3278 859 3333 Vl
876 3277 909 3332 V.
930 3285 979 3332 142
999 3283 1079 3348 (secr.
1099 3296 1123 3334 a.
1142 3277 1205 3346 vn)
1222 3277 1240 3332 i.
1260 3286 1275 3333 t
1298 3295 1324 3333 u.
1346 3284 1455 3335 10—14.
1475 3309 1508 3319 —
1526 3278 1577 3334 Ed.
1597 3278 1765 3348 Weruuslry,
1786 3278 1928 3349 Excerpta
1951 3296 1974 3333 u.
1996 3282 2037 3332 tat.

550 3363 646 3422 Huber
665 3371 714 3421 779
732 3382 760 3421 n.
778 3371 836 3421 209.
855 3365 926 3421 Vide
945 3365 1131 3421 cnmvnn.
1147 3370 1205 3421 794.
1224 3395 1258 3405 -
1285 3368 1309 3435 ⁸)
1328 3366 1437 3434 ,celera‘
1450 3364 1481 3420 V.
1502 3397 1533 3407 -
1555 3368 1574 3433 ι)
1592 3365 1747 3423 Sadcensis.
1777 3366 1940 3435 ¹)Brunua

1199 3560 1404 3576 —n—

546 3734 641 3803 995.
665 3732 810 3803 Jobonni
832 3732 940 3799 Peiros
962 3738 1164 3799 reservantur
1187 3735 1393 3800 crrrroaicatus
1415 3739 1445 3800 ot
1463 3735 1656 3819 praebendo,
1680 3736 1737 3817 qui
1757 3736 1792 3800 ιἰι
1810 3736 1942 3804 ecclesio
1957 3734 2035 3800 riui

804 3837 957 3904 aleriensi
978 3837 1064 3903 brcoi
1084 3858 1201 3903 vocare
1221 3843 1402 3923 sperentur.
1449 3840 1566 3905 Foranc
1587 3844 1623 3905 ut
1644 3840 1680 3905 io
1701 3861 1732 3905 a.
1758 3845 1810 3906 11.

677 3869 685 3943 Ι

659 3960 707 4117 ξ·
1555 4015 1719 4092 normam,
1744 4018 1837 4083 ress
1859 4015 1942 4083 nas
1960 4015 2004 4082 a.

651 4191 689 4255 D.
722 4188 743 4253 f.
774 4186 913 4253 iohanni
947 4188 1069 4266 Pelros,
1103 4191 1252 4254 carrouico
1283 4190 1551 4269 ll'ratislauiensi,
1587 4212 1611 4256 s.
1643 4197 1704 4255 etc.
1751 4190 1967 4277 suffraganeis
1993 4187 2035 4253 tibi

546 4293 660 4359 merita
690 4294 859 4377 probitatis
862 4343 969 4358 .....
993 4292 1098 4358 Hodie
1133 4293 1289 4376 siquidem
1324 4312 1392 4371 nos,
1429 4294 1572 4360 volentes
1607 4296 1636 4359 d.
1669 4295 1690 4361 i.
1722 4297 1880 4380 inagistro
1902 4293 2035 4363 Iteriodr

547 4397 717 4477 Claustris,
747 4398 897 4463 canonico
928 4397 1160 4476 aurelianensi,
1192 4399 1333 4480 graciam
1364 4397 1470 4463 iacere
1503 4398 1683 4479 specialem,
1717 4401 1779 4466 sibi
1808 4401 1851 4467 de
1875 4402 2034 4468 canonicatu

546 4508 579 4567 et
603 4501 763 4584 prebenda
786 4501 922 4568 ecclesie
945 4502 1194 4580 Aurelianensis,
1219 4502 1303 4585 apud
1328 4503 1435 4567 sedeur
1460 4503 1667 4586 apostolicam
1689 4524 1747 4586 per
1763 4506 1888 4573 obitum
1904 4504 2033 4589 quondan

546 4604 676 4672 Geraldi
700 4605 739 4669 de
762 4605 906 4684 Jorsaco,
931 4606 1073 4671 canonici
1097 4606 1231 4671 ecclesie
1250 4607 1499 4686 Aurelianensis,
1517 4610 1571 4690 qui
1587 4608 1672 4692 apud
1688 4609 1807 4675 (lictant
1834 4613 1941 4678 sedem
1956 4624 2033 4690 nuper

544 4710 651 4775 extitit
673 4711 738 4774 sita
761 4710 898 4789 iunctus,
922 4712 1117 4790 vacantibus,
1142 4718 1227 4777 motu
1251 4714 1379 4794 proprio
1403 4713 1597 4794 providimus
1621 4732 1658 4777 aa
1680 4713 1853 4795 voluimus
1875 4715 1956 4799 quod
1971 4713 2032 4778 iden
2079 4741 2081 4754 =

545 4816 698 4898 magister
721 4816 848 4895 Iterius,
873 4817 1103 4899 quanqnimum
1128 4817 1233 4899 rigore
1266 4817 1442 4881 litterarum
1476 4823 1654 4882 nostrarum
1685 4821 1913 4885 canonicatum
1935 4825 1966 4884 et
1983 4833 2034 4899 pre

544 4919 679 4985 bendum
713 4920 873 5002 predictos
907 4920 989 4985 foret
1023 4922 1153 5003 pumice
1188 4931 1363 4997 assecutus,
1400 4922 1618 4985 carnonicatunr
1649 4929 1682 4985 et
1705 4924 1904 5003 prebendam
1927 4921 2034 4988 ecclesii

544 5024 829 5103 Wratislauiensis,
854 5044 934 5106 quos
956 5033 1031 5089 tunc
1055 5026 1227 5103 obtinebat,
1252 5027 1336 5090 sieut
1359 5024 1462 5089 adbuc.
1487 5026 1618 5103 obtinet,
1644 5044 1790 5107 quosque
1815 5036 2034 5094 extuucrsmn

544 5128 751 5205 decrevimus
782 5128 907 5191 onmiuo
939 5128 1098 5191 ‹linrittere
1129 5133 1304 5192 teneretur.
1352 5129 1430 5192 i'nm
1461 5136 1567 5193 auteur
1600 5131 1808 5196 carrionicatus
1841 5141 1875 5198 et
1897 5130 2032 5217 prebende

544 5232 680 5297 ecclesie
695 5231 969 5296 Wratislauiensis
986 5231 1121 5313 predicti
1139 5241 1309 5315 propterea
1325 5252 1439 5297 vacare
1454 5241 1625 5315 sperentur
1648 5236 1678 5298 in
1702 5235 1811 5303 brevi:
1839 5256 1899 5302 nos
1920 5237 2035 5302 uolentes

543 5335 602 5401 tibi
626 5336 851 5417 premissorum
875 5338 1059 5401 meritorum
1082 5342 1207 5400 tuorum
1224 5338 1341 5403 intuitu
1357 5338 1496 5419 graciam
1513 5337 1619 5403 iacere
1635 5340 1823 5421 specialem,
1840 5343 2034 5408 canonicatum

544 5447 579 5506 et
600 5439 793 5523 prebendam
809 5441 1092 5506 Wratisluuieuses
1115 5441 1285 5522 predictos,
1310 5461 1380 5506 curn
1406 5441 1476 5506 illos
1500 5442 1655 5524 premisso
1679 5444 1727 5508 rel
1752 5445 1821 5511 alio
1842 5440 2035 5529 quovismodo

543 5550 749 5628 preterquam
780 5564 838 5626 per
867 5546 967 5627 ipsius
997 5546 1140 5626 rrraqistn
1164 5545 1253 5610 iterii
1277 5545 1397 5609 obitum
1426 5564 1538 5611 vacare
1562 5547 1742 5630 contigerit,
1768 5551 1978 5617 conferendos
1994 5543 2035 5612 obi

544 5668 616 5714 cum
639 5648 836 5730 plenitudine
854 5651 930 5714 iuris
947 5649 1087 5714 carreniei
1105 5668 1142 5714 ae
1159 5650 1303 5714 ouruibus
1320 5649 1442 5714 iuribus
1458 5656 1491 5713 et
1507 5652 1714 5732 pertinenciis
1730 5655 1800 5718 suis
1817 5665 1908 5723 motu
1924 5652 2037 5739 pmpriu

544 5771 603 5817 uon
628 5771 703 5818 vero
725 5753 765 5817 ad
788 5761 875 5818 tuane
899 5754 946 5817 rel
970 5753 1102 5819 alterius
1126 5773 1181 5834 pro
1205 5761 1236 5816 tc
1261 5755 1351 5817 nrdris
1374 5753 1479 5817 crlrlate
1511 5756 1678 5835 peticionis
1710 5756 1917 5842 iustaruriam
1940 5755 2036 5823 sedis
