5184 7050
2000 803 2058 868 641

549 1006 754 1086 inbibicione,
779 1005 907 1072 decreto
930 1011 964 1070 et
986 1004 1128 1071 clausula
1151 1005 1304 1072 anteferri
1328 1011 1456 1072 etcum
1479 1007 1595 1073 ceteris
1618 1009 1763 1074 omuibus
1787 1017 1819 1075 et
1842 1011 1978 1093 singulis
2001 1030 2064 1077 non

553 1111 758 1178 obstantibus
780 1115 814 1176 et
837 1109 990 1176 clausulis
1013 1113 1177 1193 oportunis
1199 1131 1237 1176 ac
1260 1113 1493 1178 executoribus.

655 1215 731 1280 Fiat
752 1214 789 1280 R.
1473 1238 1476 1244 ’

653 1318 735 1384 Item
757 1319 918 1402 supplicat
940 1319 1044 1384 eidem
1066 1319 1097 1386 S.
1123 1319 1254 1385 Alexius
1278 1320 1440 1386 Gebhardi
1463 1322 1502 1385 de
1526 1322 1672 1403 Legnicz,
1696 1322 1831 1387 clericus
1855 1322 2059 1388 Wratislaui-

552 1425 640 1490 ensis
663 1423 810 1502 diocesis,
832 1422 954 1489 nullum
972 1422 1160 1489 beneficium
1175 1424 1427 1490 ecclesiasticum
1444 1429 1620 1503 assecutus,
1636 1430 1796 1507 quatenus
1812 1427 1872 1492 sibi
1889 1427 2060 1509 specialem

551 1528 695 1612 graciam
717 1526 881 1607 iacientes,
906 1528 1008 1592 eidem
1032 1529 1144 1594 Alexio
1161 1529 1200 1593 de
1216 1527 1370 1595 beneficio
1391 1529 1608 1595 ecclesiastico
1632 1549 1702 1594 cum
1726 1550 1802 1594 cura
1824 1532 1875 1596 vel
1899 1534 1968 1597 sine
1984 1551 2061 1596 curu

551 1635 585 1699 in
608 1632 710 1698 forma
732 1630 826 1697 simili
850 1633 882 1696 in
906 1633 1036 1697 civitate
1059 1649 1116 1696 seu
1140 1632 1258 1698 diocesi
1281 1632 1549 1711 Wratislauiensi,
1583 1635 1609 1698 si
1633 1635 1717 1715 quod
1740 1641 1832 1699 vacat
1855 1636 1895 1699 ad
1918 1653 2060 1718 presens,

550 1737 603 1803 vel
627 1737 860 1819 quamprimum
881 1738 1053 1815 vacaverit,
1070 1743 1235 1819 spectante
1250 1737 1291 1802 ad
1308 1736 1512 1803 collacionem
1536 1757 1593 1803 seu
1608 1740 1819 1820 provisionem
1841 1745 1901 1803 ete.
1918 1741 2060 1821 episcopi

552 1840 827 1907 wratislauiensis
864 1841 1009 1924 predicti,
1052 1841 1222 1924 dignemini
1262 1841 1441 1923 providere,
1479 1862 1549 1907 cum
1587 1844 1820 1925 acceptacione,
1859 1843 2061 1922 inhibicione,

553 1946 682 2011 decreto
706 1952 739 2011 et
761 1945 906 2011 clausula
928 1944 1080 2011 anteferri
1096 1952 1129 2010 et
1145 1965 1215 2010 cum
1239 1947 1356 2011 ceteris
1378 1965 1441 2011 uon
1464 1947 1666 2012 obstantibus
1682 1953 1715 2012 et
1730 1947 1880 2013 clausulis
1896 1949 2061 2029 oportunis

552 2070 591 2116 ae
614 2050 847 2129 executoribus,
871 2069 933 2115 nou
956 2051 1112 2128 obstante,
1136 2050 1220 2132 quod
1244 2050 1333 2115 iuxta
1357 2051 1523 2116 cuiusdam
1544 2053 1709 2116 testatoris
1732 2051 1987 2133 disposicionem,
2005 2053 2059 2133 qui

552 2156 593 2220 de
616 2156 707 2220 bonis
730 2155 797 2219 suis
820 2174 916 2219 unum
940 2154 1043 2219 altare
1065 2160 1254 2236 perpetuum
1284 2155 1481 2220 fundandum
1513 2154 1670 2237 disposuit
1692 2159 1725 2220 et
1748 2156 1919 2220 dotandum
1944 2160 1976 2219 et
1999 2156 2059 2236 ipsi

552 2259 667 2325 Alexio
700 2259 901 2342 postmodum
933 2259 1167 2342 assignandum,
1203 2260 1285 2325 idem
1321 2259 1453 2325 alexius
1487 2260 1527 2324 de
1557 2262 1647 2325 benis
1681 2260 1860 2326 huiusmodi
1894 2261 2060 2341 pecuniam

553 2363 694 2446 aliquam
718 2365 782 2428 iam
803 2364 957 2446 percepit.

660 2468 734 2533 Fiat
757 2469 788 2534 in
812 2467 1018 2534 Oracouiensi
1040 2467 1077 2532 R.

659 2573 740 2637 Item
764 2571 925 2654 supplicat
948 2571 1052 2637 eidem
1075 2571 1106 2638 S.
1129 2570 1281 2636 Nicolaus
1311 2570 1442 2636 Martini
1475 2572 1513 2635 de
1546 2573 1748 2652 Ponetoniez,
1779 2573 1914 2640 clericus
1945 2572 2061 2639 Wrati·

553 2679 723 2743 slauiensis
758 2677 893 2742 diocesis
927 2675 1119 2758 supradicte,
1155 2680 1313 2757 quatams
1343 2676 1413 2755 sibi,
1450 2676 1571 2741 nullum
1600 2676 1787 2743 beneficium
1811 2677 2061 2742 ecclesiasticum

554 2782 721 2859 obtinenti,
756 2779 891 2845 similem
921 2781 1060 2862 graciam
1090 2778 1255 2857 iacientes,
1290 2779 1394 2844 eidem
1425 2780 1557 2846 Nicolao
1588 2782 1627 2845 de
1657 2782 1810 2847 beneficio
1842 2782 2060 2846 ecclesiastico

557 2887 627 2952 sine
652 2904 729 2950 cura
751 2886 784 2950 in
807 2885 937 2950 civitate
966 2883 1018 2948 vel
1048 2883 1166 2948 diocesi
1189 2883 1456 2962 Wratislauiensi,
1484 2885 1618 2966 siquod
1648 2891 1741 2950 vacat
1770 2886 1809 2950 au
1841 2903 1983 2967 presens,
2011 2885 2060 2949 vel

555 2990 788 3074 quamprimum
809 2990 980 3067 vomuerit,
1004 2994 1169 3071 spectante
1185 2988 1225 3053 ad
1241 2973 1683 3072 collacionem,'provisionem
1706 2994 1766 3054 etc.
1787 2990 1928 3072 episcopi
1944 2990 2061 3054 Wrati-

555 3094 728 3159 slauiensis
751 3093 877 3177 prefati,
901 3093 1072 3175 dignemini
1093 3093 1261 3176 providere
1285 3093 1317 3157 in
1338 3093 1440 3157 forma
1463 3093 1568 3171 simili,
1592 3095 1675 3158 sicut
1698 3113 1803 3176 supra.

656 3200 729 3264 Fiat
750 3201 783 3264 in
807 3198 990 3265 Guennensi
1012 3197 1050 3262 R.
1075 3199 1117 3264 Et
1140 3217 1169 3280 q.
1193 3203 1216 3263 t.
1240 3215 1265 3262 s.
1289 3217 1317 3262 a.
1341 3197 1361 3261 l.
1385 3197 1457 3262 Fiat
1479 3196 1516 3262 R.
1549 3198 1586 3262 D.
1612 3198 1769 3263 Aninione
1792 3199 1819 3264 V
1842 3199 1884 3263 iul.
1909 3197 2058 3264 Octobris

554 3326 583 3370 a.
608 3308 731 3369 octavo.

661 3439 809 3496 Clementis
828 3440 865 3495 Vl
884 3439 910 3495 S.
929 3440 1021 3511 vnlsr
1043 3445 1097 3507 (18)
1116 3439 1133 3493 i.
1154 3447 1195 3493 43.

1203 3531 1411 3541 ..—

550 3691 674 3756 1182.
697 3687 831 3752 Nicotao
853 3686 984 3752 Hearici
1014 3687 1051 3751 dc
1080 3687 1254 3764 Parnon-io,
1285 3686 1397 3751 clerico
1430 3687 1687 3751 Vratislauicnsis
1717 3686 1857 3762 diocesis,
1880 3692 2062 3752 reservatur

551 3792 734 3875 beneficium
757 3812 827 3856 cam
848 3790 897 3855 vcl
918 3792 985 3855 siae
1008 3812 1096 3869 cora,
1120 3792 1163 3855 act
1186 3790 1325 3855 calorem
1347 3795 1390 3855 25
1413 3813 1495 3874 resp.
1519 3794 1562 3857 18
1581 3812 1764 3856 laurearum
1792 3793 1917 3871 arpenti
1935 3813 1961 3857 s.
1977 3797 1999 3855 t.
2017 3791 2059 3869 cl,

551 3898 583 3962 si
606 3898 688 3978 quod
711 3896 755 3961 oct
776 3896 974 3961 collationato
996 3895 1134 3978 episcopi
1157 3895 1415 3960 Vratislooiaasis
1431 3896 1465 3958 ia
1480 3897 1609 3960 ciuitate
1623 3894 1671 3959 oet
1686 3895 1800 3959 diocesi
1825 3896 2063 3959 translacioni

551 4005 659 4081 vacat
689 4001 739 4064 cei
768 4022 837 4065 cum
867 4001 1038 4064 vacaverit.
1074 4002 1126 4077 ,D.
1150 3998 1308 4065 Aniniooe
1337 4001 1366 4061 V
1381 4000 1424 4066 id.
1452 4000 1593 4065 Octobris
1615 4023 1646 4065 a.
1670 4005 1798 4065 octa-co!
1832 4037 1876 4047 -
1909 4001 1949 4065 In
1971 4023 1996 4065 e.
2019 4021 2060 4064 ιιι.

552 4105 664 4170 abbati
685 4106 872 4170 omaostcrii
893 4107 1088 4186 Soponeasis
1111 4109 1142 4169 et
1159 4106 1342 4189 praeposito
1366 4105 1580 4185 Glopooieasis
1603 4125 1640 4169 oc
1659 4105 1815 4169 sacristae
1837 4103 2061 4169 Aciaioaeosis

677 4207 684 4280 Ι
1027 4210 1239 4275 ecclesiarum.
1262 4210 1379 4276 Forma
1402 4214 1438 4274 at
1458 4210 1494 4273 io
1516 4231 1545 4274 a.
1569 4212 1599 4273 2.

600 4362 642 4417 ,x
667 4363 708 4417 x,
1500 4330 1771 4409 Acinioae,1349
1797 4328 1940 4396 Octobris
1962 4331 2014 4393 11.

658 4460 807 4515 Clementis
825 4460 863 4514 v1
881 4462 913 4513 A.
934 4460 1028 4530 Vlllle
1047 4464 1119 4529 (107)
1139 4459 1157 4513 i.
1176 4463 1246 4527 320',
1274 4460 1308 4512 de
1334 4459 1474 4513 beneficiis
1499 4475 1559 4512 cum
1583 4459 1627 4512 rel
1652 4459 1711 4513 sine
1738 4475 1804 4513 cura
1822 4474 1865 4525 qu.
1885 4456 1988 4511 4:V.
2011 4461 2059 4511 131

549 4549 571 4601 f.
592 4549 652 4601 149'
671 4564 697 4601 n.
717 4553 777 4602 333.
795 4577 828 4586 -
847 4546 914 4616 Reg.
932 4548 960 4601 in
979 4546 1085 4601 ZVGA.
1103 4546 1260 4602 Schlesiens
1279 4546 1364 4613 XXV,
1383 4551 1442 4598 131.

547 4828 673 4894 1183.
703 4826 816 4891 Alexio
840 4824 1002 4891 Gebbordi
1032 4826 1070 4890 de
1092 4827 1234 4907 Leonico,
1270 4824 1381 4890 clerico
1415 4824 1670 4888 iterolanensis
1704 4823 1846 4901 diocesis,
1881 4826 2061 4886 reservatur

545 4930 731 5014 beneficiam
753 4935 788 4995 at
810 4931 846 4995 ia
867 4953 897 4995 n.
920 4933 1015 5008 1182,
1039 4930 1069 4994 si
1092 4931 1173 5010 quod
1196 4929 1239 4994 ad
1261 4928 1457 4994 ecbatanam
1480 4928 1619 5010 episcopi
1637 4927 1852 4992 Cracouicnsis
1877 4927 1910 4990 ia
1933 4926 2059 4989 ciuitate

543 5035 597 5101 vel
628 5034 744 5100 diocesi
776 5035 976 5101 Crucooicnsi
1005 5039 1109 5108 cocat,
1139 5034 1187 5097 oct
1217 5055 1287 5098 cam
1318 5036 1490 5109 cacabarii,
1521 5053 1583 5096 oon
1616 5032 1758 5096 obstante
1788 5036 1824 5094 ot
1854 5031 1888 5094 in
1910 5053 1940 5095 n.
1965 5033 2059 5096 1181.

542 5142 601 5221 ‚D.
627 5139 784 5203 Aninioae
815 5140 901 5203 Vid.
929 5138 1071 5204 Octobris
1095 5161 1125 5203 a.
1149 5143 1276 5204 octauo}
1301 5177 1343 5186 —
1367 5142 1406 5203 Ia
1428 5161 1452 5202 e.
1476 5159 1517 5201 oc.
1552 5135 1791 5200 Vratislurieosi
1821 5140 1850 5199 ct
1881 5134 2059 5200 Lobuceasi

709 5242 864 5326 episcopis
888 5263 925 5308 oc
946 5245 1103 5308 sacristae
1124 5242 1273 5308 cumeae
1295 5242 1526 5308 liviniacensis.
1573 5242 1688 5306 Forma
1711 5244 1748 5303 ut
1770 5239 1804 5303 ia
1827 5262 1857 5304 a.
1880 5244 1911 5305 2.

595 5434 646 5523 ἱ
662 5398 711 5522 {n
1499 5396 1663 5472 Acinione,
1686 5398 1773 5461 1349
1798 5394 1941 5461 Octobris
1965 5396 2015 5460 11.

658 5552 808 5608 Clementis
827 5552 864 5607 Vl
882 5555 916 5606 A.
934 5552 1026 5623 vulp
1045 5555 1119 5622 (107)
1138 5551 1155 5605 i.
1175 5556 1235 5619 278,
1253 5551 1287 5606 de
1315 5552 1455 5607 beneficiis
1483 5568 1544 5605 cum
1569 5550 1612 5604 vel
1638 5551 1697 5605 sine
1723 5566 1789 5604 cure
1814 5566 1860 5618 qu.
1879 5555 1942 5600 2:
1956 5547 1987 5602 V.
2009 5553 2057 5601 131

540 5646 564 5701 f.
587 5646 640 5698 117
660 5656 687 5695 ιι.
706 5645 765 5695 334.
783 5670 818 5680 -
836 5638 902 5708 Bag.
921 5640 950 5693 in
968 5638 1067 5693 ZVGA
1085 5638 1243 5694 Schlesiens
1261 5638 1347 5706 XXV,
1366 5644 1424 5694 296.

1924 5831 1954 5879 41
