5184 7050
1883 876 1952 950 *491

440 1085 544 1151 sancti
577 1084 758 1169 Augustini,
798 1083 1020 1152 Cracouiensis
1058 1083 1205 1166 diocesis,
1243 1084 1378 1166 cuidam,
1415 1085 1448 1151 in
1483 1087 1679 1170 prepositum
1716 1087 1800 1154 dicte
1839 1089 1952 1155 domus

441 1191 476 1255 in
498 1190 610 1255 eadem
632 1189 724 1256 domo
746 1208 805 1273 per
827 1191 1004 1272 potenciam
1027 1190 1171 1256 laicalem
1193 1192 1327 1271 intruso,
1350 1191 1504 1257 adherere
1522 1193 1702 1257 renueretis
1725 1197 1854 1259 atvero
1878 1213 1950 1277 pre-

439 1295 545 1377 posito
568 1295 712 1359 ciusdem
734 1294 914 1378 elegissetis
936 1294 1047 1377 pocius
1069 1295 1210 1375 obedire,
1233 1300 1267 1361 et
1288 1301 1420 1378 propter
1450 1294 1510 1360 hoc
1532 1313 1627 1361 verus
1649 1297 1832 1380 prepositus
1855 1303 1951 1364 actu

442 1398 553 1464 etalii
576 1399 719 1465 canonici
740 1399 877 1482 predicti
898 1400 991 1465 bonis
1013 1401 1130 1466 vestris
1152 1401 1328 1484 peripsam
1350 1401 1530 1483 potenciam
1553 1400 1664 1466 nudati
1687 1407 1721 1467 ct
1742 1421 1801 1485 per
1821 1402 1952 1486 aliquod

440 1507 570 1584 tempus
593 1503 748 1569 carcerali
770 1503 952 1587 squalors·)
975 1504 1139 1571 constricti
1161 1498 1466 1584 fuissetisdemum
1488 1509 1522 1569 te
1545 1511 1578 1570 et
1601 1505 1690 1588 ipsis,
1723 1505 1807 1570 sicut
1829 1505 1954 1573 domino

440 1606 573 1689 placuit,
597 1607 710 1673 exinde
733 1606 888 1687 liberatis,
912 1609 988 1674 dicti
1011 1609 1067 1674 alii
1089 1609 1243 1689 canonici,
1267 1610 1301 1673 in
1323 1609 1391 1675 solo
1414 1609 1514 1675 natali
1536 1611 1722 1690 existentes,
1746 1628 1856 1677 eorum
1880 1630 1954 1677 con·

441 1713 636 1795 sanguineos
666 1718 700 1777 et
729 1713 847 1777 amicos
880 1732 938 1794 pro
970 1714 1020 1779 sui
1050 1714 1153 1778 victus
1183 1714 1375 1781 necessariis
1406 1714 1563 1795 adierunt,
1597 1719 1633 1778 tu
1657 1733 1742 1794 vero,
1771 1733 1954 1782 cumesses

441 1815 623 1900 alienigena
651 1835 710 1882 nec
741 1817 886 1896 haberes,
920 1818 1005 1900 apud
1037 1836 1130 1901 quem
1161 1837 1218 1900 pro
1248 1822 1304 1883 tue
1335 1819 1401 1883 vite
1431 1817 1591 1902 suffragiis
1618 1818 1805 1900 declinares,
1829 1818 1955 1886 domum

442 1922 548 2003 ipsam
571 1926 606 1987 et
626 1921 779 2004 habitum,
795 1941 858 1987 non
879 1927 985 1987 tamen
1009 1923 1212 2005 apostatandi
1235 1923 1349 2002 auimo,
1366 1921 1599 2007 derelinquens,
1616 1924 1649 1989 in
1671 1924 1825 2006 obsequio
1849 1925 1955 1990 cuius·

441 2026 517 2091 dam
540 2024 655 2091 nobilis
677 2031 711 2090 te
733 2025 845 2091 locasti
868 2032 901 2091 et
922 2027 1123 2108 postmodum
1143 2027 1185 2093 ad
1200 2027 1358 2110 quoddam
1380 2032 1571 2111 perpetuum
1593 2027 1782 2093 beneficium
1806 2029 1956 2095 ecclcsia-

441 2131 560 2196 sticum
583 2131 652 2195 sine
666 2149 751 2210 cura,
768 2131 800 2196 in
816 2130 951 2213 quodam
975 2137 1079 2197 castro
1098 2131 1175 2197 dicti
1191 2132 1316 2213 nobilis,
1332 2131 1482 2198 Thamow
1497 2138 1688 2215 nuncupato,
1706 2132 1791 2198 dicte
1806 2133 1954 2214 diocesis,

441 2233 632 2313 consistam,
649 2235 740 2300 cuius
763 2236 848 2300 idem
870 2235 987 2301 nobilis
1010 2241 1164 2318 patronus
1187 2237 1307 2316 existit,
1324 2236 1404 2303 alias
1426 2241 1534 2303 tamen
1557 2236 1717 2316 canonice,
1740 2256 1798 2320 per
1820 2238 1955 2303 eundem

443 2339 585 2404 nobilem
608 2344 812 2421 presentatus
835 2345 867 2404 et
889 2340 923 2405 in
946 2359 984 2406 eo
1006 2359 1064 2422 per
1086 2341 1148 2406 loci
1171 2342 1367 2407 ordinarium
1392 2341 1559 2407 institutus
1589 2347 1622 2406 et
1645 2341 1685 2406 de
1708 2340 1763 2406 illo
1785 2340 1956 2407 investitus

441 2445 536 2510 fuisti
558 2443 747 2527 huotusque
769 2463 808 2509 ex
832 2446 942 2511 eodem
965 2444 1119 2511 beneficio
1139 2447 1231 2512 annis
1254 2445 1397 2529 pluribus
1420 2446 1602 2529 percepisti,
1619 2445 1756 2511 decursu
1779 2449 1956 2512 vero'tem·

443 2551 534 2632 poris
556 2568 705 2615 reversus
728 2550 818 2615 luisti
839 2551 881 2616 ad
904 2551 1045 2616 ordinem
1068 2549 1260 2632 prelibatum
1280 2551 1461 2632 dictumque
1483 2549 1672 2616 beneficium
1694 2549 1842 2615 dimisisti
1866 2555 1899 2615 et
1914 2550 1955 2616 ab

441 2656 784 2721 excommunicacionis
807 2655 980 2735 sentencia,
1004 2674 1099 2737 quarn
1122 2656 1313 2735 incurreras,
1337 2655 1455 2720 dictum
1478 2655 1620 2720 habitum
1643 2654 1841 2734 dimittendo,
1872 2654 1953 2718 exti-

441 2759 517 2825 tisti
539 2759 690 2827 canonice
713 2759 888 2839 absolutus,
905 2764 939 2824 ot
953 2765 1066 2842 postea
1088 2759 1245 2843 quandam
1267 2759 1497 2842 parrochialem
1519 2759 1695 2838 ecclesiam,
1717 2758 1807 2825 cuius
1822 2758 1955 2837 fructus,

441 2865 593 2930 redditus
615 2871 649 2930 et
670 2870 844 2948 proventus
859 2864 1023 2930 dumtaxat
1038 2870 1104 2930 tres
1119 2864 1266 2930 marchas
1285 2865 1408 2948 argenti
1424 2865 1597 2930 secundum
1612 2864 1810 2930 taxacionem
1832 2863 1953 2929 decime

441 2969 538 3034 annis
559 2969 692 3052 singulis
714 2968 823 3034 valere
845 2973 1029 3049 noscuntur,
1051 2969 1142 3035 fuisti
1164 2970 1314 3036 canonice
1338 2974 1514 3035 assecutus.
1550 2968 1656 3047 Quare
1678 2969 1770 3034 nobis
1791 2967 1955 3034 humiliter

442 3072 644 3157 supplicasti,
667 3079 703 3138 ut
724 3073 905 3139 huiusmodi
927 3072 1060 3154 fructus,
1083 3074 1228 3141 redditus
1251 3080 1284 3140 ct
1307 3080 1490 3159 proventus,
1503 3093 1564 3158 por
1585 3079 1619 3139 te
1642 3092 1681 3138 ex
1702 3071 1858 3139 beneficio
1881 3089 1953 3155 prc-

443 3178 532 3243 dicto
555 3183 591 3242 ut
613 3179 788 3261 predicitur
811 3185 989 3262 perceptos,
1009 3179 1068 3245 tibi
1090 3180 1253 3245 remittere
1268 3180 1310 3244 de
1324 3179 1520 3263 benignitate
1543 3177 1719 3262 apostolica
1741 3177 1953 3260 dignaremur.

442 3283 514 3349 Nos
536 3283 643 3366 igitur,
664 3284 809 3349 volentes
838 3290 871 3348 te
902 3283 1127 3365 premissorum
1156 3285 1340 3350 meritorum
1369 3289 1496 3349 tuorum
1526 3282 1644 3348 intuitu
1674 3282 1784 3348 favore
1806 3280 1957 3364 prosequi

442 3387 601 3470 gracioso,
624 3387 805 3454 huiusmodi
827 3388 1118 3471 supplicacionibus
1141 3388 1293 3468 inclinati,
1317 3388 1478 3471 predictus
1500 3387 1633 3470 noctus,
1660 3387 1805 3452 redditus
1829 3391 1862 3452 ot
1884 3404 1957 3468 pro·

442 3494 572 3572 ventus,
602 3510 660 3575 per
692 3497 726 3558 te
756 3497 792 3557 ut
821 3492 1016 3576 premittitur
1046 3512 1085 3560 ox
1115 3492 1269 3560 beneficio
1300 3493 1443 3577 predicto
1473 3497 1652 3576 perceptos,
1683 3491 1743 3558 tibi
1765 3490 1957 3558 auctoritate

449 3596 628 3681 apostolica
650 3598 843 3664 remittimus
859 3603 893 3663 ot
907 3599 1069 3664 donamus.
1092 3598 1181 3664 Nulli
1204 3617 1280 3682 ergo
1303 3604 1363 3664 etc.
1387 3603 1495 3664 nostro
1516 3597 1714 3663 remissionis
1736 3594 1835 3683 [et]⁵)
1861 3596 1958 3661 doua-

444 3702 548 3768 cionis
572 3702 745 3785 infringere
767 3708 829 3769 etc.
865 3704 903 3768 D.
927 3703 1085 3770 Auinione
1108 3702 1141 3769 11
1163 3722 1235 3769 non.
1258 3702 1406 3769 Januarii
1429 3721 1458 3768 a.
1481 3702 1602 3786 quinto.

558 3945 708 4000 Clementis
726 3944 765 3999 Vl
789 3947 822 3999 A.
846 3944 900 4015 Vll
918 3949 973 4013 (88)
997 3945 1016 4000 l.
1035 3952 1085 4003 214
1112 3963 1139 4001 ιι.
1157 3952 1218 4015 3³3,
1236 3946 1407 4002 ffiversmurn
1433 3945 1584 4003 tornatum
1601 3961 1646 4014 qu.
1665 3948 1730 3999 8:
1748 3944 1780 3998 V.
1800 3948 1850 3998 1⁶16
1868 3942 1887 4000 l.
1907 3949 1957 3998 1os

445 4050 474 4089 n.
494 4039 553 4089 333.
572 4063 606 4073 -
634 4033 657 4101 ¹)
677 4032 802 4101 ,soalorc‘
819 4034 852 4086 Δ.
879 4032 904 4103 t)
923 4034 1001 4089 deest
1017 4034 1046 4089 in
1065 4036 1108 4103 A,
1126 4034 1215 4104 suppl.
1235 4035 1269 4090 ab
1288 4034 1403 4090 editore.
1422 4064 1456 4074 —
1477 4034 1495 4101 ¹)
1512 4032 1561 4089 cfr.
1580 4050 1654 4090 nnm.
1672 4038 1732 4090 ost.

448 4667 542 4736 837.
566 4664 715 4733 comem
732 4688 825 4751 papa
840 4666 889 4732 VI
896 4664 1083 4749 ψαιιιιαιιιν
1099 4664 1221 4748 Coreto,
1236 4666 1305 4749 regi
1320 4668 1544 4743 Romanomm,
1559 4685 1655 4751 stepcr
1673 4663 1872 4733 wroauls'onc
1886 4685 1957 4732 aaa.

1405 4856 1569 4935 Artaba,
1591 4859 1679 4924 1347
1699 4857 1858 4926 ιῙαιιιιιινίἰ
1879 4860 1912 4925 6.

557 5051 591 5117 C.
615 5052 648 5116 in
671 5050 728 5118 Ch.
746 5052 766 5117 l.
785 5049 908 5130 Garolo,
925 5052 992 5134 regi
1008 5050 1220 5116 Romanorum
1235 5049 1363 5115 illustri.
1387 5049 1517 5134 Regalis
1541 5049 1733 5117 excellencie
1751 5054 1807 5115 tue
1823 5050 1957 5130 litteras,

448 5176 509 5240 per
531 5155 561 5221 d.
584 5154 831 5239 thymosum
854 5156 894 5220 de
918 5154 1076 5236 Claustra,
1091 5162 1181 5221 tuum
1204 5154 1392 5221 familiarem
1408 5160 1444 5220 et·
1455 5156 1613 5234 nuncium,
1632 5160 1742 5221 nostro
1765 5155 1959 5238 apostolatui

446 5265 663 5345 presentatus,
687 5261 752 5325 leta
773 5280 867 5326 manu
897 5261 1076 5343 recepimus
1106 5264 1140 5326 et
1170 5279 1278 5325 earum
1309 5261 1423 5325 seriem
1453 5259 1547 5343 pleno
1576 5259 1759 5343 collegimus
1781 5259 1957 5325 intellectu.

448 5365 596 5447 Cumque
618 5383 676 5447 per
699 5383 753 5430 eas
775 5369 818 5445 te,
842 5364 887 5430 lili
910 5367 1083 5445 carissime,
1101 5366 1134 5430 in
1153 5365 1269 5448 oppido
1293 5365 1457 5431 Bunnensi
1478 5370 1534 5429 tue
1557 5366 1773 5431 coronacionis
1796 5364 1958 5447 recepisse

446 5469 594 5536 solennia
623 5475 657 5534 et
685 5467 749 5534 aha
782 5471 964 5537 exercuisse
997 5477 1088 5553 gesta
1122 5470 1241 5553 regalia
1273 5476 1310 5536 ut
1343 5470 1477 5536 decebat
1509 5470 1600 5535 nobis
1634 5470 1675 5536 ad
1707 5469 1958 5536 consolacioncm

446 5580 481 5641 et
511 5573 662 5657 gaudium
693 5574 858 5654 intimaris,
889 5577 973 5641 scire
1002 5581 1089 5641 tuam
1118 5575 1238 5659 regiam
1269 5575 1491 5641 celsitudinem
1521 5574 1675 5653 volumus,
1707 5574 1812 5664 quod,¹
1825 5592 1895 5639 cum
1918 5592 1958 5637 ex

443 5679 514 5744 tuis
533 5678 699 5763 prosperis
723 5679 924 5744 successibus
952 5698 1186 5764 prosperemur,
1220 5680 1280 5744 hec
1310 5680 1400 5745 nobis
1429 5698 1543 5763 magne
1573 5679 1776 5745 iocunditatis
1806 5685 1840 5744 et
1869 5677 1956 5744 exul·

442 5784 583 5852 tacionis
606 5784 773 5849 materiam
795 5785 1026 5863 ministrarunt,
1049 5784 1173 5849 devotis
1196 5784 1344 5867 precibus
1367 5784 1527 5849 dominum
1550 5789 1727 5864 exorantes,
1752 5788 1787 5848 ut
1809 5784 1888 5866 ipse,
1905 5784 1958 5866 qui
