5184 7050
679 852 741 919 762

779 1061 861 1125 Item
884 1056 1054 1141 dignemini
1078 1055 1246 1137 providere
1269 1055 1426 1120 Jencnino
1449 1056 1490 1120 de
1514 1054 1677 1135 Cameren,
1702 1058 1893 1141 presbytero
1915 1056 2188 1121 Wratislauienais

675 1163 821 1243 diocesis,
853 1162 893 1227 de
923 1161 1109 1227 canonicatu
1139 1163 1173 1225 et
1201 1159 1364 1243 prebenda
1394 1160 1529 1225 ecclesie
1557 1160 1738 1239 Misnensis
1760 1160 1957 1226 vacantibus
1980 1179 2046 1243 per
2069 1160 2188 1225 liberam

676 1268 924 1350 resignacionem
959 1266 998 1331 de
1032 1265 1111 1347 ipsis
1145 1263 1185 1328 de
1219 1264 1289 1329 iure
1324 1264 1385 1328 sibi
1409 1267 1608 1346 competente
1631 1267 1662 1331 in
1686 1264 1807 1329 eisdem
1830 1264 1955 1329 factam
1988 1265 2022 1329 in
2056 1265 2189 1329 manibus

678 1371 829 1456 predictis
858 1389 916 1454 per
944 1375 1182 1453 procuratorem
1212 1367 1367 1433 Jehannis
1398 1368 1573 1447 Wullerici,
1600 1369 1701 1433 eciam
1737 1374 1808 1448 etc,
1831 1367 1910 1432 licet
1934 1368 2124 1451 paralium
2145 1387 2189 1450 per

676 1476 821 1543 laicalem
844 1475 1022 1559 potenciam
1046 1478 1156 1540 contra
1178 1473 1336 1540 iusticiam
1358 1479 1507 1539 teneatur
1530 1481 1685 1556 occupata
1706 1478 1766 1538 etc.

782 1704 854 1768 Fiat
875 1720 933 1783 pro
955 1699 1102 1767 ominibus
1124 1698 1335 1781 suprapositis
1357 1700 1389 1764 in
1411 1699 1514 1764 forma
1536 1697 1573 1762 It.
1598 1697 1673 1764 Sine
1695 1697 1847 1762 leccione.
1880 1696 1958 1761 Fiat
1983 1696 2021 1761 R.
2054 1698 2094 1761 l).
2119 1698 2188 1778 apul

680 1807 921 1885 Villamnouam‚
946 1805 983 1870 A.
1007 1805 1048 1883 d.,
1074 1803 1152 1869 VlIl
1174 1801 1216 1867 id.
1242 1803 1321 1868 Maii
1342 1822 1371 1868 a.
1395 1803 1526 1867 decimo.

781 1967 931 2023 Clementis
951 1967 990 2020 lll
1007 1966 1033 2021 S.
1052 1964 1106 2036 Xsl
1126 1964 1182 2034 (21)
1201 1977 1268 2033 pura
1285 1964 1375 2019 altera
1392 1963 1411 2018 f.
1430 1971 1472 2018 ao.

677 2420 797 2487 1481.
821 2417 1063 2502 Arahieplscopo
1089 2420 1303 2505 Gaezaeaea'·)
1325 2423 1356 2483 er
1380 2416 1579 2484 Orccooieasi
1600 2439 1640 2484 ac
1664 2416 1905 2482 Vratislaeicasi
1928 2419 2095 2502 episcopis
2110 2440 2183 2482 moo-

677 2524 783 2603 datur,
805 2526 841 2587 ut
858 2544 919 2605 per
939 2543 972 2587 se
994 2527 1025 2586 et
1047 2522 1131 2589 illias
1149 2544 1307 2606 personas
1330 2522 1572 2597 ecclesiasticas,
1594 2521 1773 2587 saeculares
1794 2526 1825 2584 er
1846 2521 2030 2602 reputares,
2053 2522 2186 2586 ordimur

677 2646 937 2709 puerorumque,
971 2646 1053 2711 quas
1087 2626 1131 2690 ad
1162 2626 1220 2691 hoe
1253 2627 1382 2692 idoneas
1415 2646 1482 2692 csse
1504 2627 1653 2704 nou-erint,
1677 2626 1712 2690 ia
1734 2624 1886 2689 Pelopiae
1907 2630 1941 2690 et
1970 2628 2138 2709 Unyarc'cc
2158 2648 2187 2690 ac

679 2730 848 2796 Bohemr‘ae
879 2730 984 2812 roonis
1019 2734 1131 2795 contra
1167 2732 1322 2796 Tartarus
1356 2737 1385 2796 ct
1417 2750 1614 2815 quoscunque
1647 2729 1728 2793 alios
1749 2728 1901 2812 infideles,
1925 2730 2122 2796 invadentes
2142 2751 2186 2795 rea

677 2832 866 2921 ‹ficadeates
889 2855 991 2915 repom
1014 2838 1044 2899 ct
1072 2856 1203 2917 reportem
1225 2836 1376 2901 Polom'ac
1408 2841 1439 2900 et
1467 2834 1662 2901 habitatores
1695 2832 1808 2916 ipsius,
1839 2853 1968 2898 mem
1996 2834 2185 2919 praedicent.

937 2939 992 3014 ,D.
1015 2939 1102 3023 apud
1132 2937 1376 3019 Villamnouam
1399 2939 1439 3004 A.
1463 2939 1504 3020 d.,
1526 2938 1570 3002 id.
1594 2938 1680 3004 Maio¹
1703 2959 1733 3001 a.
1757 2936 1896 3002 decimor
1910 2937 1938 3019 ¹)

712 3048 803 3172 dud.
883 3139 885 3144 ·
1483 3103 1579 3188 Apud
1609 3103 1848 3180 villamnovam,
1874 3104 1965 3168 1352
1991 3104 2080 3169 Maii
2099 3106 2149 3168 15.

786 3291 936 3347 clementis
953 3292 992 3345 Vl
1010 3292 1044 3346 Δ.
1061 3292 1116 3361 llll
1134 3294 1208 3360 (119)
1227 3292 1247 3346 f.
1265 3296 1325 3347 Μ’
1344 3310 1370 3347 n.
1390 3298 1449 3360 639,
1468 3292 1639 3348 diversarum
1656 3292 1805 3348 formarum
1825 3309 1872 3360 qu.
1892 3298 1958 3345 8:
1972 3293 2006 3346 V.
2025 3298 2079 3346 209
2097 3292 2117 3345 f.
2135 3296 2180 3346 lll'

680 3395 705 3432 n.
726 3384 777 3432 alo
798 3379 883 3447 (sici).
903 3410 936 3420 -
955 3379 1006 3433 lld.
1025 3379 1147 3433 'lireiner
1164 3380 1224 3433 MP.
1243 3380 1256 3433 1
1274 3396 1301 3433 n.
1321 3386 1379 3434 713.
1400 3411 1434 3420 -
1454 3382 1473 3444 ι)
1491 3380 1520 3433 in
1538 3394 1623 3447 marg.
1641 3386 1720 3433 nota:
1739 3379 1782 3446 ,de
1802 3383 1921 3433 cameru‘
1942 3382 1977 3431 Α.

680 3867 798 3935 1482.
825 3866 968 3931 Pterelae
991 3866 1131 3934 Ouarada·
1153 3868 1191 3932 dc
1213 3871 1322 3934 Mdarw
1340 3869 1526 3951 providetur
1548 3870 1586 3934 dc
1615 3868 1798 3954 praebendo
1822 3870 1857 3931 ia
1879 3868 2015 3934 coelecta
2041 3868 2181 3950 Propero

780 4016 817 4030 -
1169 3978 1311 4037 vacante.
1358 3974 1473 4038 Forma
1495 3977 1532 4038 ut
1552 3975 1588 4037 in
1610 3996 1640 4039 n.
1662 3977 1694 4038 4.

781 4051 817 4066 -
1679 4102 1842 4178 Amalune,
1865 4106 1956 4169 1352
1979 4105 2078 4173 ,lunii
2097 4107 2146 4169 17.

719 4120 765 4207 ,ἱ
781 4119 831 4205 ἱ.

783 4285 825 4349 D.
855 4282 876 4347 l.
908 4282 1031 4350 Plichte
1066 4282 1203 4349 conradi
1239 4284 1277 4349 de
1312 4285 1431 4363 Mosen,
1467 4285 1616 4352 canonico
1651 4287 1811 4369 Pragensi,
1842 4304 1868 4350 a.
1893 4293 1957 4352 ete.
2004 4285 2180 4352 Laudabili

679 4389 850 4470 probitatis
873 4391 906 4451 et
927 4387 1079 4452 virtutum
1102 4389 1216 4452 merita
1347 4389 1475 4454 Dudum
1506 4389 1662 4470 siquidem
1692 4390 1894 4456 intendentes
1928 4390 1972 4455 de
2007 4392 2179 4457 canonicatu

679 4496 714 4557 et
735 4491 898 4574 prebenda
921 4491 1057 4556 ecclesie
1080 4492 1257 4574 Fregenae,
1281 4511 1361 4574 quos
1385 4493 1579 4574 quondam)
1604 4495 1776 4559 ll'ernerus
1799 4494 1839 4557 cle
1869 4495 1987 4576 Plaga,
2023 4495 2180 4559 canonieus

677 4595 894 4678 prebendatus
918 4596 1019 4677 ipsius
1041 4594 1186 4675 ecclesie,
1209 4600 1284 4662 tunc
1307 4599 1459 4679 temporis
1482 4600 1653 4675 obtinebat,
1675 4617 1745 4663 eum
1761 4598 1831 4662 illos
1847 4617 1964 4663 vacare
1981 4600 2178 4680 contingeret.

678 4717 736 4782 per
759 4699 935 4782 apostolice
957 4700 1043 4765 sedis
1066 4700 1303 4781 providenciam
1327 4701 1477 4779 ordinari,
1502 4705 1718 4768 canonicatum
1742 4708 1776 4767 et
1798 4703 1998 4783 prehendam
2020 4705 2179 4785 predictos.

681 4802 754 4867 dum
786 4803 889 4867 adhuc
918 4803 1001 4868 idem
1025 4802 1198 4868 Wernerus
1231 4809 1342 4884 ageret
1364 4806 1395 4867 in
1418 4804 1575 4884 humanis,
1598 4807 1749 4872 virlelieet
1770 4808 1820 4872 lll
1843 4805 2005 4871 kalendas
2028 4804 2180 4872 Felunmii

680 4904 885 4987 pontificatus
908 4907 1007 4971 nostri
1031 4925 1113 4971 anno
1137 4907 1298 4986 declino,¹)
1323 4909 1488 4974 collacioni
1509 4916 1541 4974 et
1557 4911 1760 4992 ‹lisposicioni
1776 4916 1884 4976 nostre
1900 4912 2057 4976 duximus
2072 4929 2109 4976 ou
2125 4911 2180 4973 rire

680 5009 863 5090 specialiter
886 5011 1104 5089 reservandos
1128 5010 1336 5077 decernentes
1358 5019 1474 5078 extunc
1497 5015 1619 5079 irritum
1643 5021 1676 5079 ct
1699 5016 1802 5092 inane,
1826 5015 1853 5079 si
1877 5033 1975 5080 secus
2011 5037 2111 5098 snper
2131 5014 2180 5077 liis

680 5131 874 5196 aquoquam
889 5115 1002 5198 quavis
1018 5116 1209 5181 auctoritate
1232 5117 1369 5181 scienter
1392 5117 1441 5181 vel
1465 5119 1647 5201 ignoranter
1670 5121 1867 5199 contingeret
1890 5123 2091 5201 attemptari.
2116 5119 2180 5185 Cun

683 5217 790 5298 itaque
820 5220 1020 5301 postmodum
1050 5220 1254 5285 canonicatus
1285 5226 1318 5287 et
1344 5223 1505 5303 prebenda
1527 5224 1660 5304 predicti
1684 5243 1741 5304 per
1763 5224 1864 5305 ipsius
1887 5223 2040 5289 Werneri
2066 5226 2181 5290 obitum

680 5320 735 5401 qui
767 5341 871 5405 nuper
903 5329 994 5388 entra
1028 5324 1202 5390 Romanam
1237 5327 1356 5390 curiam
1391 5326 1538 5406 decessit,
1573 5329 1754 5391 vacaverint
1788 5335 1820 5390 et
1842 5333 1960 5391 vacent
1983 5330 2023 5392 arl
2050 5345 2180 5411 presens.

681 5425 849 5507 nullusque
871 5432 980 5508 preter
1002 5446 1059 5492 nos
1081 5429 1142 5492 hac
1161 5428 1230 5493 vice
1247 5430 1286 5494 de
1302 5429 1367 5493 illis
1383 5429 1551 5511 disponere
1566 5433 1706 5513 potnerit
1721 5449 1824 5512 neque
1840 5432 1953 5511 possit,
1972 5434 2180 5497 reservantem

680 5534 713 5593 et
735 5529 864 5595 decreto
895 5532 1124 5598 obsistentibus
1154 5534 1364 5615 supradictis:
1395 5553 1452 5599 nos
1482 5536 1626 5607 volentes
1652 5537 1720 5614 tibi,
1745 5536 1799 5617 qui
1822 5536 1853 5599 in
1877 5537 2072 5601 canonicum
2095 5539 2180 5618 ipsius

680 5632 814 5699 ecclesie
838 5654 896 5717 per
918 5635 969 5699 dd.
993 5636 1024 5702 ff.
1048 5636 1222 5718 capitulum
1246 5638 1348 5719 ipsius
1370 5638 1514 5718 ecclesie,
1538 5641 1578 5704 ad
1602 5660 1680 5723 quos
1704 5641 1927 5706 canonicorum
1951 5645 2103 5724 recepcio
2123 5659 2180 5722 per-

679 5738 771 5817 tinet,
806 5757 841 5803 es
874 5744 1032 5822 receptus,
1066 5743 1292 5823 premissorum
1323 5762 1363 5807 m.
1395 5748 1417 5808 t.
1441 5745 1461 5808 i.
1485 5763 1607 5810 necnon
1641 5745 1899 5811 consideracione
1922 5765 1950 5809 c.
1977 5747 2008 5811 in
2033 5747 2091 5812 Ch.
2116 5746 2134 5810 l.
2154 5763 2176 5806 n.
