5184 7050
696 793 761 861 496

693 1000 870 1086 apostolica
893 1001 1086 1066 auctoritate
1108 1000 1288 1079 statuimus
1313 1005 1348 1064 ut
1371 998 1403 1063 in
1429 998 1516 1063 dicta
1546 997 1678 1062 civitate
1709 996 1864 1078 Prcgensi
1896 994 2069 1078 prespetuis
2101 994 2212 1059 futuris

693 1105 889 1187 temporibus
911 1105 1060 1187 generale
1084 1103 1224 1169 studium
1247 1104 1353 1186 vigeat
1375 1102 1407 1167 in
1431 1101 1574 1185 qualibet
1596 1100 1687 1166 licita
1709 1099 1873 1179 facultate,
1896 1103 1932 1164 et
1958 1098 2048 1182 quod
2070 1098 2211 1180 legentes

693 1213 727 1274 et
748 1208 916 1275 studentes
939 1208 1056 1275 ibidem
1079 1209 1224 1275 omuibus
1246 1207 1434 1291 privilegiis,
1458 1207 1662 1272 libertatibus
1693 1224 1730 1270 ac
1760 1203 2021 1282 inmunitatibus,
2053 1205 2210 1270 concessis

693 1313 886 1392 doctoribus,
912 1312 1090 1396 legentibus
1114 1318 1147 1378 et
1170 1312 1383 1390 studentibus,
1407 1310 1673 1377 commorantibus
1697 1311 1729 1375 in
1752 1308 1860 1375 studio
1875 1309 2033 1392 generali,
2049 1308 2209 1390 gaudeant

694 1421 728 1482 et
758 1421 898 1495 utantur,
919 1416 1076 1500 quodque
1107 1417 1163 1496 illi,
1194 1418 1249 1499 qui
1279 1434 1431 1499 processu
1462 1415 1616 1497 temporis
1647 1416 1785 1481 sciencie
1807 1414 2015 1497 margaritam
2038 1413 2161 1479 fuerint
2181 1415 2208 1477 in

695 1522 751 1588 illa
784 1520 946 1601 facultate,
981 1522 1013 1586 in
1048 1541 1111 1604 qua
1145 1521 1337 1600 studuerint,
1372 1521 1511 1586 assecuti
1547 1520 1671 1604 sibique
1705 1519 1840 1585 docendi
1870 1518 2050 1597 licenciam,
2075 1524 2113 1583 ut
2135 1517 2207 1584 alios

693 1626 822 1692 erudire
845 1626 981 1705 valeant,
1005 1645 1042 1691 ac
1063 1627 1241 1710 magisterii
1263 1625 1416 1691 honorem
1439 1643 1497 1690 seu
1519 1624 1650 1691 titulum
1672 1625 1829 1707 pecierint
1856 1625 2029 1708 impartiti,
2059 1643 2122 1707 per
2150 1642 2206 1688 ma·

693 1731 810 1816 gistros
840 1748 898 1795 seu
926 1731 1112 1813 magistrum
1143 1730 1229 1795 illius
1260 1729 1434 1809 facultatis,
1465 1731 1497 1794 in
1528 1750 1590 1812 qua
1621 1730 1817 1795 examinacio
1852 1729 1951 1795 fuerit
1985 1728 2148 1805 facienda,
2172 1777 2205 1792 ..

695 1834 934 1917 archiepiscopo
949 1833 1110 1917 Pragensl,
1127 1835 1182 1916 qui
1198 1839 1248 1901 est
1264 1854 1322 1918 pro
1341 1839 1494 1916 tempore,
1518 1840 1752 1916 presentantur,
1767 1836 1789 1917 ¹)
1814 1835 1897 1899 idem
1921 1852 2052 1917 quoque
2065 1832 2087 1915 ¹)
2112 1834 2205 1899 archi·

693 1941 871 2024 episcopm,
895 1939 1078 2005 doctoribus
1101 1945 1134 2004 et
1155 1941 1317 2023 magistris
1340 1941 1371 2005 in
1396 1941 1507 2006 eadem
1530 1940 1685 2006 facultate
1708 1940 1786 2006 inibi
1808 1945 1882 2005 actu
1917 1939 2110 2023 regentibus
2140 1958 2204 2004 con·

695 2044 827 2123 vocatis,
851 2043 923 2109 illos
946 2044 978 2108 in
1000 2043 1072 2123 hiis,
1096 2063 1157 2126 que
1181 2045 1213 2109 in
1226 2047 1261 2127 ¹¹¹)
1284 2045 1506 2128 promovendis
1530 2045 1571 2110 ad
1587 2045 1773 2111 doctoratus
1789 2063 1846 2110 seu
1864 2044 2045 2129 magisterii
2060 2043 2205 2109 honorem

695 2148 909 2231 requiruntur,
932 2167 991 2231 per
1013 2166 1048 2212 se
1071 2148 1120 2212 vel
1144 2149 1240 2213 alium
1263 2149 1352 2214 iuxta
1370 2149 1498 2214 modum
1514 2154 1547 2215 et
1563 2151 1832 2229 consuetudinem,
1849 2169 1912 2233 que
1928 2168 2031 2233 super
2045 2149 2165 2214 talibus
2179 2150 2204 2213 in

693 2252 897 2338 generalibus
914 2252 1028 2317 studiis
1044 2253 1262 2334 observantur,
1278 2254 1459 2319 examinare
1475 2255 1602 2321 studeat
1618 2255 1790 2338 diligenter
1805 2256 1927 2338 eisque,
1944 2254 1972 2319 si
1990 2255 2033 2320 ad
2048 2254 2113 2320 hoc
2128 2254 2204 2319 suli·

696 2360 818 2424 cieutes
835 2363 866 2422 et
882 2357 988 2422 idonei
1004 2357 1124 2439 reperti
1140 2356 1269 2436 fuerint,
1281 2357 1460 2424 huiusmodi
1476 2359 1640 2425 licenciam
1657 2360 1779 2425 tribuat
1794 2378 1832 2423 ac
1843 2358 2001 2425 honorem
2014 2376 2074 2424 seu
2085 2358 2203 2423 titulum

694 2462 840 2528 conferat
861 2461 1086 2544 magistralem.
1111 2461 1162 2526 Illi
1184 2481 1271 2542 vero,
1295 2464 1350 2544 qui
1375 2462 1407 2527 in
1431 2463 1542 2528 eodem
1565 2464 1671 2529 studio
1694 2464 1789 2550 dicte
1812 2463 1954 2529 civitatis
1980 2464 2156 2530 examinati
2176 2474 2202 2528 et

693 2567 863 2650 approbati
886 2566 1005 2632 fuerint
1028 2584 1065 2631 ac
1089 2566 1222 2632 docendi
1245 2567 1412 2632 licenciam
1435 2572 1468 2633 et
1489 2568 1640 2634 honorem
1671 2588 1727 2634 seu
1757 2569 1886 2633 titulum
1916 2568 2102 2651 magisterii
2132 2569 2200 2633 obti-

692 2672 830 2748 nuerint,
853 2676 889 2735 ut
911 2676 962 2735 est
984 2671 1113 2749 dictum,
1138 2677 1252 2736 extunc
1275 2673 1396 2755 absque
1419 2674 1563 2740 examine
1595 2692 1633 2738 ac
1646 2677 1673 2755 ¹¹)
1708 2673 1943 2755 approbacione
1981 2673 2049 2738 alia
2082 2673 2199 2756 regendi

693 2783 727 2842 et
749 2774 884 2841 docendi
906 2779 971 2840 tam
995 2775 1026 2839 in
1050 2776 1181 2841 civitate
1203 2775 1348 2858 predicta
1380 2796 1475 2860 quam
1508 2777 1583 2843 alibi
1619 2779 1818 2860 ubicumque,
1854 2778 2118 2860 quibuscumque
2148 2784 2199 2841 tan

693 2880 778 2946 dicte
802 2880 942 2944 civitatis
965 2897 1060 2960 quam
1083 2878 1296 2960 quorumlibet
1319 2879 1452 2947 aliorum
1474 2880 1617 2947 locorum
1648 2900 1705 2947 seu
1735 2880 1930 2965 generalium
1964 2881 2155 2960 studiorum,
2174 2882 2197 2945 in

693 2984 808 3066 qulbus
831 2978 990 3049 voluerint
1005 3001 1117 3066 regere
1133 2983 1184 3048 vel
1199 2983 1324 3062 docere,
1341 2985 1472 3049 statutis
1488 2990 1521 3050 et
1537 2984 1820 3051 consuetudinibus
1836 2985 2019 3064 contrariis,
2036 2985 2197 3068 apostolica

693 3087 745 3153 rel
769 3086 831 3153 alia
853 3106 1051 3171 quacumque
1074 3086 1224 3152 firmitate
1247 3087 1384 3168 vallatis,
1408 3107 1609 3171 nequaquam
1632 3090 1842 3168 obstantibus
1864 3089 1999 3174 plenam
2023 3095 2058 3156 et
2080 3090 2195 3155 liberam

694 3191 832 3257 habeant
855 3191 1051 3257 facultatem.
1096 3191 1183 3257 Nulli
1206 3209 1281 3274 ergo
1298 3196 1324 3270 ⁰)
1348 3193 1474 3258 omnino
1496 3194 1658 3259 hominum
1684 3194 1781 3261 liceat
1809 3193 1892 3259 hunc
1922 3192 2079 3278 paginam
2108 3198 2195 3259 nosue

693 3296 935 3363 constitucionis
957 3295 1129 3378 infringere
1143 3294 1170 3380 ¹³)
1200 3296 1251 3360 vel
1282 3296 1312 3361 ei
1334 3315 1415 3362 ausu
1448 3298 1617 3362 temerario
1652 3298 1819 3363 contrmre.
1864 3297 1998 3380 Siquis
2023 3304 2130 3364 autem
2150 3297 2193 3360 boc

694 3405 886 3483 attemptare
916 3400 1158 3483 presumpserit,
1189 3399 1442 3483 indignacionem
1472 3404 1696 3484 omnipotentis
1726 3401 1778 3468 dei
1808 3408 1842 3467 et
1870 3403 2041 3468 beatorum
2070 3403 2152 3468 Petri
2169 3406 2193 3463 et

693 3504 796 3585 Pauli,
820 3505 1036 3588 apostolorum
1059 3504 1138 3586 eius,
1162 3524 1198 3571 se
1220 3506 1345 3571 noverit
1368 3507 1576 3573 incursumm.
1593 3507 1750 3574 Aninione
1766 3507 1936 3593 septimot)
1961 3506 2028 3574 kal.
2045 3504 2191 3574 Februarii

694 3630 725 3693 p.
749 3629 779 3675 n.
789 3613 813 3691 ¹)
835 3630 864 3675 a.
888 3612 1009 3693 quinto.

798 3764 937 3834 Originale
956 3764 985 3818 in
1004 3765 1123 3820 archivio
1142 3763 1330 3821 universitatis
1348 3766 1505 3836 Pragensis,
1524 3766 1600 3821 bulla
1613 3767 1698 3822 deest.
1718 3766 1904 3837 Registratum
1916 3766 1947 3820 iu
1961 3766 2114 3822 Clementis
2126 3765 2156 3819 Vl
2167 3748 2193 3817 l'

693 3852 746 3919 Vsa
765 3853 867 3918 (tomus
886 3855 931 3917 33)
950 3852 967 3905 f.
986 3856 1045 3917 309,
1065 3851 1098 3906 de
1117 3851 1231 3906 indultis
1251 3859 1302 3906 etc.
1321 3871 1367 3922 qu.
1388 3859 1449 3907 8:
1463 3854 1496 3909 V.
1516 3860 1566 3909 174
1577 3855 1595 3910 f.
1610 3856 1669 3908 381'
1684 3871 1709 3907 n.
1726 3861 1800 3921 1169,
1811 3885 1844 3895 -
1856 3853 1908 3908 Ed.
1926 3853 2068 3925 Raynald,
2086 3853 2191 3910 Annales

694 3937 874 3993 ecclesiastici
893 3937 966 4003 llVl,
985 3944 1051 4005 ‘2693
1070 3938 1167 4007 Ldnig,
1187 3938 1251 3993 Cod.
1272 3939 1363 3993 Germ.
1382 3941 1402 4007 1,
1422 3947 1503 4007 10513
1530 3941 1642 3996 Dobner
1659 3940 1748 3994 MBH.
1767 3940 1814 4007 VI,
1833 3946 1900 4009 3023
1922 3941 2096 4011 Bergbauer,
2115 3943 2192 3996 Proto

696 4031 799 4094 martyr
817 4025 1003 4095 poenitentiae
1022 4025 1042 4093 1,
1062 4032 1109 4093 733
1128 4025 1273 4092 Schnabel,
1287 4026 1451 4081 Geschichte
1465 4027 1514 4082 der
1525 4027 1606 4082 iurid.
1619 4027 1752 4082 Fekultet
1764 4044 1797 4082 zu
1810 4027 1881 4096 Prag
1893 4027 1915 4096 1,
1929 4035 1998 4095 1333
2017 4029 2104 4084 cnm.
2117 4028 2161 4083 Vll
2171 4045 2190 4080 n

695 4117 759 4179 6963
777 4112 899 4166 Menum.
919 4112 997 4167 Unir.
1018 4113 1095 4181 l'rag.
1108 4119 1173 4165 torn.
1185 4112 1211 4165 11
1229 4130 1291 4181 pag.
1311 4119 1361 4166 219
1381 4122 1498 4180 num.1;
1517 4114 1619 4182 Huber,
1641 4121 1690 4169 504
1710 4132 1735 4168 u.
1757 4121 1796 4167 11.
1815 4144 1848 4154 -
1876 4118 1900 4184 ¹)
1919 4117 2039 4183 ,meritis
2052 4114 2190 4172 meritis‘l'.

694 4196 707 4238 l
714 4209 723 4264 )
736 4197 851 4265 ,utiliter
863 4198 975 4266 geritur*
985 4199 1014 4250 V.
1030 4203 1052 4266 c)
1063 4198 1260 4265 ,commditatis‘
1274 4199 1320 4253 Or.
1336 4203 1361 4269 ν)
1373 4201 1556 4268 ,saluberimo‘
1570 4202 1615 4256 Or.
1630 4205 1653 4268 ο)
1667 4201 1719 4270 ,ad‘
1733 4200 1788 4268 0r.,
1797 4218 1866 4255 corr.
1881 4202 1915 4256 ab
1929 4202 2050 4259 editore.
2065 4205 2090 4273 s)
2102 4209 2191 4270 ,τειιιιι6

695 4284 727 4337 V.
755 4289 779 4350 s)
808 4285 926 4352 ,prefati‘
952 4284 985 4337 V.
1014 4286 1039 4353 b)
1067 4286 1244 4354 ,paternibus‘
1268 4287 1300 4340 V.
1334 4290 1352 4355 ¹)
1377 4292 1568 4357 ,presentetur
1597 4288 1642 4343 Or.
1674 4290 1691 4357 ¹)
1718 4287 1863 4358 ,idemque‘
1888 4290 1919 4344 V.
1955 4295 1989 4361 m)
2019 4292 2099 4347 deest
2123 4290 2189 4345 inl'.

695 4376 724 4439 Ιι)
743 4375 787 4438 ,et‘
806 4372 838 4425 V.
867 4378 890 4439 ο)
912 4372 1037 4441 sequitur
1055 4378 1123 4439 ,ctc‘
1140 4373 1169 4426 in
1188 4374 1229 4442 V,
1248 4374 1310 4429 loco
1328 4375 1447 4441 ,omniuo
1467 4407 1499 4415 —
1518 4377 1663 4446 paginam‘.
1692 4379 1717 4443 n)
1744 4375 1869 4445 sequitur
1888 4380 1960 4443 ,ete‘
1978 4378 2007 4432 in
2029 4379 2061 4433 V.
2080 4379 2136 4434 loco
2151 4376 2189 4444 ,rel

696 4458 719 4513 ei
740 4489 772 4497 —
791 4459 982 4514 incursurum‘.
1010 4467 1034 4521 s)
1059 4460 1097 4514 sic
1124 4460 1179 4527 Or,
1197 4462 1267 4529 ,Vll‘
1289 4461 1320 4514 V.
1348 4465 1368 4531 r)
1386 4463 1570 4532 ‚pontificatus
1588 4462 1683 4518 nostri‘
1703 4462 1782 4517 deest
1798 4463 1828 4516 in
1845 4462 1879 4518 V.

698 4898 790 4964 846.
822 4895 963 4971 Carolus,
997 4898 1208 4960 Romanorum
1238 4917 1303 4976 rex,
1327 4898 1497 4982 supplicat,
1529 4905 1682 4982 qautenus
1719 4901 1862 4967 coitrado
1892 4906 1922 4966 et
1956 4903 2086 4968 Radani
2112 4901 2187 4966 dictis

700 4999 845 5064 Kocbner
875 4999 912 5062 de
935 4998 1118 5082 Bopfiogcn,
1141 5000 1284 5066 Jobunni
1318 5001 1399 5066 dicto
1433 5003 1471 5067 de
1497 5004 1684 5087 Neruriugcn
1716 5010 1746 5069 ct
1774 5004 1884 5070 Ulrico
1918 5006 2005 5072 dieto
2038 5010 2137 5073 Velm
2160 5005 2190 5068 dc

698 5103 937 5170 canonicatibus
971 5107 1001 5167 ct
1028 5102 1219 5187 praebendis
1247 5106 1457 5188 provideatur
1486 5113 1515 5172 ct
1544 5109 1733 5173 monasterio
1767 5110 1802 5174 in
1832 5109 2103 5194 Herbreebtiugm
2125 5132 2188 5196 por·

842 5207 998 5273 rocbiulcs
1020 5207 1170 5273 ecclesiae
1190 5210 1225 5272 ιἰι
1248 5210 1551 5294 Niederstoltainpcu
1573 5217 1602 5277 et
1624 5213 1788 5295 Sctmngea
1809 5214 2063 5298 incorporentur.

1630 5353 1794 5430 Avisione,
1818 5355 1904 5419 1347
1926 5358 2088 5423 Jamearii
2107 5358 2154 5422 27.

803 5489 967 5571 Supplicat
989 5490 1020 5554 S.
1043 5490 1081 5554 V.
1105 5489 1239 5554 devotus
1269 5497 1376 5556 vester
1407 5499 1440 5556 et
1469 5498 1577 5557 sancte
1608 5493 1747 5557 Roruaue
1778 5493 1914 5560 ecclesie
1947 5494 2035 5564 lilius
2058 5497 2187 5564 Karalus.

698 5593 750 5657 dei
773 5594 879 5673 gracia
901 5593 1111 5657 Romanorum
1135 5613 1190 5658 rex
1214 5613 1340 5677 semper
1369 5603 1534 5678 augustus,
1565 5604 1721 5679 quatenus
1752 5599 1812 5663 sibi
1841 5600 1874 5664 ln
1902 5619 2074 5682 personam
2098 5601 2188 5666 diluti

697 5698 747 5761 sui
772 5697 909 5761 Conradi
931 5697 1007 5761 dicti
1031 5698 1179 5764 Kochner
1202 5699 1241 5763 de
1265 5700 1482 5784 Boppbingen,
1507 5703 1538 5765 in
1561 5703 1629 5767 iure
1653 5704 1801 5767 canonico
1825 5704 1996 5786 studentis,
2021 5709 2070 5773 cui
2094 5724 2187 5785 reseca
