<?xml version="1.0" encoding="UTF-8"?>
<!DOCTYPE html PUBLIC "-//W3C//DTD XHTML 1.0 Transitional//EN"
    "http://www.w3.org/TR/xhtml1/DTD/xhtml1-transitional.dtd">
<html xmlns="http://www.w3.org/1999/xhtml" xml:lang="en" lang="en">
 <head>
  <title>
</title>
<meta http-equiv="Content-Type" content="text/html;charset=utf-8" />
  <meta name='ocr-system' content='tesseract 3.04.00' />
  <meta name='ocr-capabilities' content='ocr_page ocr_carea ocr_par ocr_line ocrx_word'/>
</head>
<body>
  <div class='ocr_page' id='page_1' title='image "./monumentavatica01vatigoog_0710.png"; bbox 0 0 5184 7050; ppageno 0'>
   <div class='ocr_carea' id='block_1_1' title="bbox 543 860 606 927">
    <p class='ocr_par' dir='ltr' id='par_1_1' title="bbox 543 860 606 927">
     <span class='ocr_line' id='line_1_1' title="bbox 543 860 606 927; baseline 0.032 -2"><span class='ocrx_word' id='word_1_1' title='bbox 543 860 606 927; x_wconf 87' lang='lat'><strong>688</strong></span> 
     </span>
    </p>
   </div>
   <div class='ocr_carea' id='block_1_2' title="bbox 542 1065 2053 1258">
    <p class='ocr_par' dir='ltr' id='par_1_2' title="bbox 542 1065 2053 1258">
     <span class='ocr_line' id='line_1_2' title="bbox 542 1065 2053 1153; baseline -0.001 -18"><span class='ocrx_word' id='word_1_2' title='bbox 542 1069 664 1136; x_wconf 90' lang='grc'><strong><em>1301.</em></strong></span> <span class='ocrx_word' id='word_1_3' title='bbox 689 1065 831 1142; x_wconf 78' lang='lat' dir='ltr'><strong><em>Carolus,</em></strong></span> <span class='ocrx_word' id='word_1_4' title='bbox 856 1067 1071 1133; x_wconf 81' lang='lat' dir='ltr'><strong>Romanorum</strong></span> <span class='ocrx_word' id='word_1_5' title='bbox 1093 1072 1123 1132; x_wconf 91' lang='lat' dir='ltr'><strong>et</strong></span> <span class='ocrx_word' id='word_1_6' title='bbox 1146 1068 1317 1133; x_wconf 81' lang='lat' dir='ltr'><strong>Bolremiac</strong></span> <span class='ocrx_word' id='word_1_7' title='bbox 1339 1089 1404 1144; x_wconf 79' lang='lat' dir='ltr'><strong>rea,</strong></span> <span class='ocrx_word' id='word_1_8' title='bbox 1435 1068 1608 1153; x_wconf 75' lang='lat' dir='ltr'><strong><em>supplicat,</em></strong></span> <span class='ocrx_word' id='word_1_9' title='bbox 1632 1073 1789 1151; x_wconf 75' lang='lat' dir='ltr'><strong>quatenus</strong></span> <span class='ocrx_word' id='word_1_10' title='bbox 1816 1068 1961 1133; x_wconf 84' lang='lat' dir='ltr'><strong>Hearico</strong></span> <span class='ocrx_word' id='word_1_11' title='bbox 1984 1068 2053 1133; x_wconf 73' lang='lat' dir='ltr'><strong>Tic</strong></span> 
     </span>
     <span class='ocr_line' id='line_1_3' title="bbox 542 1169 2052 1258; baseline -0.001 -20"><span class='ocrx_word' id='word_1_12' title='bbox 542 1171 636 1238; x_wconf 86' lang='lat' dir='ltr'><strong>sauri</strong></span> <span class='ocrx_word' id='word_1_13' title='bbox 665 1171 703 1236; x_wconf 87' lang='lat' dir='ltr'><strong>dc</strong></span> <span class='ocrx_word' id='word_1_14' title='bbox 733 1169 945 1253; x_wconf 80' lang='lat' dir='ltr'><strong>Norimberpa</strong></span> <span class='ocrx_word' id='word_1_15' title='bbox 974 1171 1012 1236; x_wconf 90' lang='lat' dir='ltr'><strong>de</strong></span> <span class='ocrx_word' id='word_1_16' title='bbox 1040 1173 1223 1256; x_wconf 79' lang='lat' dir='ltr'><strong>praeberuta</strong></span> <span class='ocrx_word' id='word_1_17' title='bbox 1256 1173 1290 1237; x_wconf 88' lang='lat' dir='ltr'><strong>iu</strong></span> <span class='ocrx_word' id='word_1_18' title='bbox 1318 1172 1452 1239; x_wconf 84' lang='lat' dir='ltr'><strong>ecclesia</strong></span> <span class='ocrx_word' id='word_1_19' title='bbox 1483 1175 1641 1255; x_wconf 82' lang='lat' dir='ltr'><strong>Prapeusi</strong></span> <span class='ocrx_word' id='word_1_20' title='bbox 1673 1178 1812 1239; x_wconf 82' lang='lat' dir='ltr'><strong>vacante</strong></span> <span class='ocrx_word' id='word_1_21' title='bbox 1843 1173 2052 1258; x_wconf 65' lang='lat' dir='ltr'><strong>provideatur.</strong></span> 
     </span>
    </p>
   </div>
   <div class='ocr_carea' id='block_1_3' title="bbox 1309 1294 2019 1379">
    <p class='ocr_par' dir='ltr' id='par_1_3' title="bbox 1309 1294 2019 1379">
     <span class='ocr_line' id='line_1_4' title="bbox 1309 1294 2019 1379; baseline 0.001 -20"><span class='ocrx_word' id='word_1_22' title='bbox 1309 1294 1408 1379; x_wconf 86' lang='lat' dir='ltr'><strong>Apud</strong></span> <span class='ocrx_word' id='word_1_23' title='bbox 1437 1295 1790 1370; x_wconf 80' lang='lat' dir='ltr'><strong>Villauruooam‚1350</strong></span> <span class='ocrx_word' id='word_1_24' title='bbox 1818 1295 1972 1362; x_wconf 73' lang='lat' dir='ltr'><strong><em>Octobris</em></strong></span> <span class='ocrx_word' id='word_1_25' title='bbox 1992 1300 2019 1361; x_wconf 80' lang='lat'><strong>2.</strong></span> 
     </span>
    </p>
   </div>
   <div class='ocr_carea' id='block_1_4' title="bbox 545 1415 2056 3061">
    <p class='ocr_par' dir='ltr' id='par_1_4' title="bbox 545 1415 2056 2856">
     <span class='ocr_line' id='line_1_5' title="bbox 650 1415 2055 1498; baseline -0.001 -15"><span class='ocrx_word' id='word_1_26' title='bbox 650 1415 816 1498; x_wconf 87' lang='lat' dir='ltr'><strong>Supplicat</strong></span> <span class='ocrx_word' id='word_1_27' title='bbox 847 1417 878 1482; x_wconf 88' lang='lat' dir='ltr'><strong>S.</strong></span> <span class='ocrx_word' id='word_1_28' title='bbox 903 1416 939 1481; x_wconf 91' lang='lat' dir='ltr'><strong>V.</strong></span> <span class='ocrx_word' id='word_1_29' title='bbox 963 1416 1187 1483; x_wconf 81' lang='lat' dir='ltr'><strong>devotissimus</strong></span> <span class='ocrx_word' id='word_1_30' title='bbox 1217 1417 1238 1482; x_wconf 86' lang='lat' dir='ltr'><strong>f.</strong></span> <span class='ocrx_word' id='word_1_31' title='bbox 1270 1438 1298 1481; x_wconf 86' lang='lat' dir='ltr'><strong>v.</strong></span> <span class='ocrx_word' id='word_1_32' title='bbox 1331 1417 1479 1498; x_wconf 87' lang='lat' dir='ltr'><strong>Karalus,</strong></span> <span class='ocrx_word' id='word_1_33' title='bbox 1513 1419 1728 1483; x_wconf 85' lang='lat' dir='ltr'><strong>Romanorum</strong></span> <span class='ocrx_word' id='word_1_34' title='bbox 1762 1422 1796 1483; x_wconf 88' lang='lat' dir='ltr'><strong>ct</strong></span> <span class='ocrx_word' id='word_1_35' title='bbox 1832 1417 1970 1482; x_wconf 88' lang='lat' dir='ltr'><strong>Boemie</strong></span> <span class='ocrx_word' id='word_1_36' title='bbox 1999 1436 2055 1497; x_wconf 78' lang='lat' dir='ltr'><strong>ren,</strong></span> 
     </span>
     <span class='ocr_line' id='line_1_6' title="bbox 547 1520 2056 1605; baseline 0.001 -19"><span class='ocrx_word' id='word_1_37' title='bbox 547 1526 707 1605; x_wconf 66' lang='lat' dir='ltr'><strong>acaunus</strong></span> <span class='ocrx_word' id='word_1_38' title='bbox 738 1521 798 1586; x_wconf 89' lang='lat' dir='ltr'><strong>sibi</strong></span> <span class='ocrx_word' id='word_1_39' title='bbox 830 1521 861 1585; x_wconf 92' lang='lat' dir='ltr'><strong>iu</strong></span> <span class='ocrx_word' id='word_1_40' title='bbox 893 1539 1060 1602; x_wconf 86' lang='lat' dir='ltr'><strong>personam</strong></span> <span class='ocrx_word' id='word_1_41' title='bbox 1083 1520 1192 1588; x_wconf 88' lang='lat' dir='ltr'><strong>dilecti</strong></span> <span class='ocrx_word' id='word_1_42' title='bbox 1216 1523 1382 1588; x_wconf 80' lang='lat' dir='ltr'><strong>secretarii</strong></span> <span class='ocrx_word' id='word_1_43' title='bbox 1404 1523 1454 1587; x_wconf 92' lang='lat' dir='ltr'><strong>sui</strong></span> <span class='ocrx_word' id='word_1_44' title='bbox 1477 1522 1608 1588; x_wconf 87' lang='lat' dir='ltr'><strong>Henrici</strong></span> <span class='ocrx_word' id='word_1_45' title='bbox 1631 1523 1789 1588; x_wconf 83' lang='lat' dir='ltr'><strong>Thesauri</strong></span> <span class='ocrx_word' id='word_1_46' title='bbox 1814 1522 1858 1586; x_wconf 87' lang='lat' dir='ltr'><strong>de</strong></span> <span class='ocrx_word' id='word_1_47' title='bbox 1881 1521 2056 1605; x_wconf 73' lang='lat' dir='ltr'><strong>Nurenbcrg</strong></span> 
     </span>
     <span class='ocr_line' id='line_1_7' title="bbox 547 1625 2055 1710; baseline 0 -18"><span class='ocrx_word' id='word_1_48' title='bbox 547 1626 718 1710; x_wconf 82' lang='lat' dir='ltr'>specialem</span> <span class='ocrx_word' id='word_1_49' title='bbox 734 1627 874 1708; x_wconf 80' lang='lat' dir='ltr'><strong>graciam</strong></span> <span class='ocrx_word' id='word_1_50' title='bbox 890 1625 1053 1705; x_wconf 71' lang='lat' dir='ltr'><strong>facientes</strong></span> <span class='ocrx_word' id='word_1_51' title='bbox 1071 1627 1175 1692; x_wconf 88' lang='lat' dir='ltr'><strong>eidem</strong></span> <span class='ocrx_word' id='word_1_52' title='bbox 1191 1628 1231 1691; x_wconf 87' lang='lat' dir='ltr'><strong>de</strong></span> <span class='ocrx_word' id='word_1_53' title='bbox 1246 1626 1410 1710; x_wconf 89' lang='lat' dir='ltr'><strong>prebenda</strong></span> <span class='ocrx_word' id='word_1_54' title='bbox 1425 1628 1587 1710; x_wconf 84' lang='lat' dir='ltr'><strong>Pragensi,</strong></span> <span class='ocrx_word' id='word_1_55' title='bbox 1605 1634 1740 1693; x_wconf 85' lang='lat' dir='ltr'><strong>vacante</strong></span> <span class='ocrx_word' id='word_1_56' title='bbox 1755 1646 1846 1692; x_wconf 92' lang='lat' dir='ltr'><strong>nunc</strong></span> <span class='ocrx_word' id='word_1_57' title='bbox 1861 1645 1922 1709; x_wconf 88' lang='lat' dir='ltr'><strong>per</strong></span> <span class='ocrx_word' id='word_1_58' title='bbox 1938 1634 2055 1692; x_wconf 74' lang='lat' dir='ltr'><strong>manen</strong></span> 
     </span>
     <span class='ocr_line' id='line_1_8' title="bbox 547 1728 2054 1814; baseline 0.001 -18"><span class='ocrx_word' id='word_1_59' title='bbox 547 1729 704 1814; x_wconf 84' lang='lat' dir='ltr'><strong>quondam</strong></span> <span class='ocrx_word' id='word_1_60' title='bbox 728 1730 817 1795; x_wconf 91' lang='lat' dir='ltr'><strong>Pauli</strong></span> <span class='ocrx_word' id='word_1_61' title='bbox 835 1729 874 1794; x_wconf 85' lang='lat' dir='ltr'><strong>de</strong></span> <span class='ocrx_word' id='word_1_62' title='bbox 890 1728 1021 1808; x_wconf 83' lang='lat' dir='ltr'><strong>Oladna,</strong></span> <span class='ocrx_word' id='word_1_63' title='bbox 1038 1730 1180 1795; x_wconf 88' lang='lat' dir='ltr'><strong>canonici</strong></span> <span class='ocrx_word' id='word_1_64' title='bbox 1199 1730 1378 1813; x_wconf 84' lang='lat' dir='ltr'><strong>Prageasis,</strong></span> <span class='ocrx_word' id='word_1_65' title='bbox 1395 1730 1497 1796; x_wconf 87' lang='lat' dir='ltr'><strong>ultimi</strong></span> <span class='ocrx_word' id='word_1_66' title='bbox 1513 1733 1709 1814; x_wconf 82' lang='lat' dir='ltr'><strong>possessoris</strong></span> <span class='ocrx_word' id='word_1_67' title='bbox 1727 1732 1879 1797; x_wconf 89' lang='lat' dir='ltr'><strong>ciusdem</strong></span> <span class='ocrx_word' id='word_1_68' title='bbox 1896 1732 2054 1814; x_wconf 74' lang='lat' dir='ltr'><strong>prebende,</strong></span> 
     </span>
     <span class='ocr_line' id='line_1_9' title="bbox 548 1833 2056 1920; baseline 0.001 -21"><span class='ocrx_word' id='word_1_69' title='bbox 548 1834 666 1900; x_wconf 89' lang='lat' dir='ltr'><strong>dudum</strong></span> <span class='ocrx_word' id='word_1_70' title='bbox 690 1852 748 1915; x_wconf 89' lang='lat' dir='ltr'><strong>per</strong></span> <span class='ocrx_word' id='word_1_71' title='bbox 770 1833 801 1899; x_wconf 88' lang='lat' dir='ltr'><strong>S.</strong></span> <span class='ocrx_word' id='word_1_72' title='bbox 825 1834 863 1898; x_wconf 93' lang='lat' dir='ltr'><strong>V.</strong></span> <span class='ocrx_word' id='word_1_73' title='bbox 888 1838 962 1898; x_wconf 87' lang='lat' dir='ltr'><strong>ante</strong></span> <span class='ocrx_word' id='word_1_74' title='bbox 985 1835 1085 1917; x_wconf 90' lang='lat' dir='ltr'><strong>ipsius</strong></span> <span class='ocrx_word' id='word_1_75' title='bbox 1108 1834 1198 1900; x_wconf 91' lang='lat' dir='ltr'><strong>Pauli</strong></span> <span class='ocrx_word' id='word_1_76' title='bbox 1222 1836 1342 1900; x_wconf 87' lang='lat' dir='ltr'><strong>obitum</strong></span> <span class='ocrx_word' id='word_1_77' title='bbox 1364 1842 1537 1915; x_wconf 82' lang='lat' dir='ltr'><strong>reservate,</strong></span> <span class='ocrx_word' id='word_1_78' title='bbox 1562 1836 1629 1901; x_wconf 85' lang='lat' dir='ltr'><strong>sive</strong></span> <span class='ocrx_word' id='word_1_79' title='bbox 1660 1836 1703 1901; x_wconf 91' lang='lat' dir='ltr'><strong>sit</strong></span> <span class='ocrx_word' id='word_1_80' title='bbox 1732 1840 1907 1902; x_wconf 85' lang='lat' dir='ltr'><strong>reservata</strong></span> <span class='ocrx_word' id='word_1_81' title='bbox 1937 1855 2056 1920; x_wconf 82' lang='lat' dir='ltr'><strong>genera·</strong></span> 
     </span>
     <span class='ocr_line' id='line_1_10' title="bbox 545 1938 2053 2023; baseline 0.001 -20"><span class='ocrx_word' id='word_1_82' title='bbox 545 1940 622 2005; x_wconf 89' lang='lat' dir='ltr'><strong>liter</strong></span> <span class='ocrx_word' id='word_1_83' title='bbox 644 1938 693 2003; x_wconf 90' lang='lat' dir='ltr'><strong>vel</strong></span> <span class='ocrx_word' id='word_1_84' title='bbox 718 1938 910 2021; x_wconf 86' lang='lat' dir='ltr'><strong>specialiter,</strong></span> <span class='ocrx_word' id='word_1_85' title='bbox 935 1938 1105 2021; x_wconf 81' lang='lat' dir='ltr'><strong>dignemini</strong></span> <span class='ocrx_word' id='word_1_86' title='bbox 1128 1939 1307 2020; x_wconf 80' lang='lat' dir='ltr'><strong>providere,</strong></span> <span class='ocrx_word' id='word_1_87' title='bbox 1332 1958 1394 2004; x_wconf 95' lang='lat' dir='ltr'><strong>non</strong></span> <span class='ocrx_word' id='word_1_88' title='bbox 1417 1938 1908 2023; x_wconf 83' lang='lat' dir='ltr'><strong>obstante,qu0dscolast1iam</strong></span> <span class='ocrx_word' id='word_1_89' title='bbox 1933 1941 2053 2006; x_wconf 78' lang='lat' dir='ltr'><strong>melesio</strong></span> 
     </span>
     <span class='ocr_line' id='line_1_11' title="bbox 548 2042 2056 2125; baseline 0.001 -17"><span class='ocrx_word' id='word_1_90' title='bbox 548 2049 658 2108; x_wconf 88' lang='lat' dir='ltr'><strong>sancte</strong></span> <span class='ocrx_word' id='word_1_91' title='bbox 681 2042 783 2108; x_wconf 80' lang='lat' dir='ltr'><strong>Mane</strong></span> <span class='ocrx_word' id='word_1_92' title='bbox 807 2043 838 2107; x_wconf 90' lang='lat' dir='ltr'><strong>in</strong></span> <span class='ocrx_word' id='word_1_93' title='bbox 862 2043 1026 2125; x_wconf 79' lang='lat' dir='ltr'><strong>Glogouia,</strong></span> <span class='ocrx_word' id='word_1_94' title='bbox 1050 2042 1323 2108; x_wconf 88' lang='lat' dir='ltr'><strong>Wratislauiensis</strong></span> <span class='ocrx_word' id='word_1_95' title='bbox 1346 2043 1493 2122; x_wconf 85' lang='lat' dir='ltr'><strong>diocesis,</strong></span> <span class='ocrx_word' id='word_1_96' title='bbox 1526 2045 1558 2109; x_wconf 93' lang='lat' dir='ltr'><strong>in</strong></span> <span class='ocrx_word' id='word_1_97' title='bbox 1588 2043 1682 2124; x_wconf 84' lang='lat' dir='ltr'><strong>lite·)</strong></span> <span class='ocrx_word' id='word_1_98' title='bbox 1717 2064 1757 2109; x_wconf 90' lang='lat' dir='ltr'><strong>ac</strong></span> <span class='ocrx_word' id='word_1_99' title='bbox 1791 2046 2004 2111; x_wconf 81' lang='lat' dir='ltr'><strong>canonicatus</strong></span> <span class='ocrx_word' id='word_1_100' title='bbox 2032 2053 2056 2110; x_wconf 83' lang='lat' dir='ltr'><strong>a</strong></span> 
     </span>
     <span class='ocr_line' id='line_1_12' title="bbox 551 2146 2055 2229; baseline 0.002 -18"><span class='ocrx_word' id='word_1_101' title='bbox 551 2146 728 2229; x_wconf 90' lang='lat' dir='ltr'><strong>prebendas</strong></span> <span class='ocrx_word' id='word_1_102' title='bbox 763 2147 970 2212; x_wconf 85' lang='lat' dir='ltr'><strong>ecclesiarum</strong></span> <span class='ocrx_word' id='word_1_103' title='bbox 1001 2147 1119 2212; x_wconf 89' lang='lat' dir='ltr'><strong>Montis</strong></span> <span class='ocrx_word' id='word_1_104' title='bbox 1149 2148 1252 2212; x_wconf 90' lang='lat' dir='ltr'><strong>sancti</strong></span> <span class='ocrx_word' id='word_1_105' title='bbox 1284 2147 1371 2212; x_wconf 88' lang='lat' dir='ltr'><strong>Petri</strong></span> <span class='ocrx_word' id='word_1_106' title='bbox 1396 2147 1427 2212; x_wconf 91' lang='lat' dir='ltr'><strong>in</strong></span> <span class='ocrx_word' id='word_1_107' title='bbox 1449 2148 1590 2228; x_wconf 77' lang='lat' dir='ltr'><strong>Brunca,</strong></span> <span class='ocrx_word' id='word_1_108' title='bbox 1615 2149 1844 2215; x_wconf 87' lang='lat' dir='ltr'><strong>Olomucensis</strong></span> <span class='ocrx_word' id='word_1_109' title='bbox 1857 2150 2013 2229; x_wconf 73' lang='lat' dir='ltr'><strong>uiscess,</strong></span> <span class='ocrx_word' id='word_1_110' title='bbox 2033 2160 2055 2215; x_wconf 83' lang='lat' dir='ltr'><strong>a</strong></span> 
     </span>
     <span class='ocr_line' id='line_1_13' title="bbox 550 2251 2055 2338; baseline 0.002 -22"><span class='ocrx_word' id='word_1_111' title='bbox 550 2257 660 2317; x_wconf 89' lang='lat' dir='ltr'><strong>sancte</strong></span> <span class='ocrx_word' id='word_1_112' title='bbox 677 2252 788 2316; x_wconf 82' lang='lat' dir='ltr'><strong>Crucis</strong></span> <span class='ocrx_word' id='word_1_113' title='bbox 804 2251 1079 2318; x_wconf 84' lang='lat' dir='ltr'><strong>Wratislauiensis</strong></span> <span class='ocrx_word' id='word_1_114' title='bbox 1094 2252 1236 2316; x_wconf 87' lang='lat' dir='ltr'><strong>noscitur</strong></span> <span class='ocrx_word' id='word_1_115' title='bbox 1250 2251 1404 2330; x_wconf 90' lang='lat' dir='ltr'><strong>obtinere,</strong></span> <span class='ocrx_word' id='word_1_116' title='bbox 1422 2256 1455 2316; x_wconf 89' lang='lat' dir='ltr'><strong>et</strong></span> <span class='ocrx_word' id='word_1_117' title='bbox 1472 2252 1557 2334; x_wconf 89' lang='lat' dir='ltr'><strong>quod</strong></span> <span class='ocrx_word' id='word_1_118' title='bbox 1580 2254 1776 2335; x_wconf 87' lang='lat' dir='ltr'><strong>prebendam</strong></span> <span class='ocrx_word' id='word_1_119' title='bbox 1799 2254 2055 2338; x_wconf 83' lang='lat' dir='ltr'><strong>Ratisponensar</strong></span> 
     </span>
     <span class='ocr_line' id='line_1_14' title="bbox 552 2355 2054 2441; baseline 0.001 -20"><span class='ocrx_word' id='word_1_120' title='bbox 552 2356 732 2439; x_wconf 81' lang='lat' dir='ltr'><strong>acceptavit</strong></span> <span class='ocrx_word' id='word_1_121' title='bbox 754 2358 872 2421; x_wconf 80' lang='lat' dir='ltr'><strong>virtute</strong></span> <span class='ocrx_word' id='word_1_122' title='bbox 895 2357 1001 2440; x_wconf 83' lang='lat' dir='ltr'><strong>gracie</strong></span> <span class='ocrx_word' id='word_1_123' title='bbox 1024 2357 1206 2438; x_wconf 88' lang='lat' dir='ltr'><strong>apostolice,</strong></span> <span class='ocrx_word' id='word_1_124' title='bbox 1230 2355 1349 2421; x_wconf 82' lang='lat' dir='ltr'><strong>undum</strong></span> <span class='ocrx_word' id='word_1_125' title='bbox 1372 2357 1432 2421; x_wconf 88' lang='lat' dir='ltr'><strong>sibi</strong></span> <span class='ocrx_word' id='word_1_126' title='bbox 1455 2357 1539 2422; x_wconf 86' lang='lat' dir='ltr'><strong>facte</strong></span> <span class='ocrx_word' id='word_1_127' title='bbox 1564 2358 1603 2422; x_wconf 86' lang='lat' dir='ltr'><strong>de</strong></span> <span class='ocrx_word' id='word_1_128' title='bbox 1627 2359 1817 2424; x_wconf 78' lang='lat' dir='ltr'><strong>canonicatu</strong></span> <span class='ocrx_word' id='word_1_129' title='bbox 1845 2359 2054 2441; x_wconf 81' lang='lat' dir='ltr'><strong>Rutispournsi</strong></span> 
     </span>
     <span class='ocr_line' id='line_1_15' title="bbox 551 2459 2055 2545; baseline -0.001 -18"><span class='ocrx_word' id='word_1_130' title='bbox 551 2460 610 2527; x_wconf 91' lang='lat' dir='ltr'><strong>sub</strong></span> <span class='ocrx_word' id='word_1_131' title='bbox 633 2460 859 2541; x_wconf 88' lang='lat' dir='ltr'><strong>expectaoione</strong></span> <span class='ocrx_word' id='word_1_132' title='bbox 883 2459 1053 2542; x_wconf 85' lang='lat' dir='ltr'><strong>prebende,</strong></span> <span class='ocrx_word' id='word_1_133' title='bbox 1077 2460 1224 2542; x_wconf 88' lang='lat' dir='ltr'><strong>quodque</strong></span> <span class='ocrx_word' id='word_1_134' title='bbox 1244 2459 1304 2525; x_wconf 89' lang='lat' dir='ltr'><strong>sibi</strong></span> <span class='ocrx_word' id='word_1_135' title='bbox 1320 2459 1402 2525; x_wconf 89' lang='lat' dir='ltr'><strong>alias</strong></span> <span class='ocrx_word' id='word_1_136' title='bbox 1418 2461 1457 2525; x_wconf 73' lang='lat' dir='ltr'><strong>cle</strong></span> <span class='ocrx_word' id='word_1_137' title='bbox 1473 2462 1675 2545; x_wconf 79' lang='lat' dir='ltr'><strong>prepositura</strong></span> <span class='ocrx_word' id='word_1_138' title='bbox 1690 2461 1925 2544; x_wconf 85' lang='lat' dir='ltr'><strong>Ratisponensi</strong></span> <span class='ocrx_word' id='word_1_139' title='bbox 1941 2472 2055 2527; x_wconf 71' lang='lat' dir='ltr'><strong>vacante</strong></span> 
     </span>
     <span class='ocr_line' id='line_1_16' title="bbox 554 2554 2055 2650; baseline 0.001 -22"><span class='ocrx_word' id='word_1_140' title='bbox 554 2563 658 2644; x_wconf 87' lang='lat' dir='ltr'><strong>hodie,</strong></span> <span class='ocrx_word' id='word_1_141' title='bbox 684 2563 760 2627; x_wconf 87' lang='lat' dir='ltr'><strong>licet</strong></span> <span class='ocrx_word' id='word_1_142' title='bbox 782 2583 839 2646; x_wconf 86' lang='lat' dir='ltr'><strong>per</strong></span> <span class='ocrx_word' id='word_1_143' title='bbox 862 2563 958 2629; x_wconf 88' lang='lat' dir='ltr'><strong>alium</strong></span> <span class='ocrx_word' id='word_1_144' title='bbox 989 2568 1171 2645; x_wconf 82' lang='lat' dir='ltr'><strong>occupetur,</strong></span> <span class='ocrx_word' id='word_1_145' title='bbox 1205 2568 1238 2627; x_wconf 89' lang='lat' dir='ltr'><strong>et</strong></span> <span class='ocrx_word' id='word_1_146' title='bbox 1269 2563 1309 2628; x_wconf 88' lang='lat' dir='ltr'><strong>de</strong></span> <span class='ocrx_word' id='word_1_147' title='bbox 1339 2565 1525 2631; x_wconf 88' lang='lat' dir='ltr'><strong>canonicatu</strong></span> <span class='ocrx_word' id='word_1_148' title='bbox 1560 2566 1711 2648; x_wconf 83' lang='lat' dir='ltr'><strong>Prageusi</strong></span> <span class='ocrx_word' id='word_1_149' title='bbox 1745 2554 1808 2631; x_wconf 89' lang='lat' dir='ltr'><strong>snb</strong></span> <span class='ocrx_word' id='word_1_150' title='bbox 1844 2568 2055 2650; x_wconf 83' lang='lat' dir='ltr'><strong>expeolaoionr</strong></span> 
     </span>
     <span class='ocr_line' id='line_1_17' title="bbox 552 2667 2053 2751; baseline 0.001 -18"><span class='ocrx_word' id='word_1_151' title='bbox 552 2669 714 2751; x_wconf 85' lang='lat' dir='ltr'><strong>prebende</strong></span> <span class='ocrx_word' id='word_1_152' title='bbox 750 2668 792 2732; x_wconf 86' lang='lat' dir='ltr'><strong>sit</strong></span> <span class='ocrx_word' id='word_1_153' title='bbox 824 2668 986 2750; x_wconf 84' lang='lat' dir='ltr'><strong>provisum</strong></span> <span class='ocrx_word' id='word_1_154' title='bbox 1019 2687 1077 2749; x_wconf 88' lang='lat' dir='ltr'><strong>per</strong></span> <span class='ocrx_word' id='word_1_155' title='bbox 1110 2667 1236 2733; x_wconf 88' lang='lat' dir='ltr'><strong>litteras</strong></span> <span class='ocrx_word' id='word_1_156' title='bbox 1269 2668 1472 2751; x_wconf 90' lang='lat' dir='ltr'><strong>apostolicas,</strong></span> <span class='ocrx_word' id='word_1_157' title='bbox 1508 2688 1578 2734; x_wconf 90' lang='lat' dir='ltr'><strong>cum</strong></span> <span class='ocrx_word' id='word_1_158' title='bbox 1612 2668 1684 2735; x_wconf 89' lang='lat' dir='ltr'><strong>aliis</strong></span> <span class='ocrx_word' id='word_1_159' title='bbox 1714 2688 1779 2735; x_wconf 94' lang='lat' dir='ltr'><strong>non</strong></span> <span class='ocrx_word' id='word_1_160' title='bbox 1806 2670 2009 2737; x_wconf 89' lang='lat' dir='ltr'><strong>obstantibus</strong></span> <span class='ocrx_word' id='word_1_161' title='bbox 2028 2678 2053 2735; x_wconf 87' lang='lat' dir='ltr'><strong>ct</strong></span> 
     </span>
     <span class='ocr_line' id='line_1_18' title="bbox 553 2772 1203 2856; baseline -0.006 -17"><span class='ocrx_word' id='word_1_162' title='bbox 553 2772 704 2839; x_wconf 90' lang='lat' dir='ltr'><strong>clausulis</strong></span> <span class='ocrx_word' id='word_1_163' title='bbox 727 2774 892 2856; x_wconf 89' lang='lat' dir='ltr'><strong>oportunis</strong></span> <span class='ocrx_word' id='word_1_164' title='bbox 914 2777 948 2838; x_wconf 86' lang='lat' dir='ltr'><strong>et</strong></span> <span class='ocrx_word' id='word_1_165' title='bbox 970 2773 1203 2838; x_wconf 82' lang='lat' dir='ltr'><strong>executoribus.</strong></span> 
     </span>
    </p>

    <p class='ocr_par' dir='ltr' id='par_1_5' title="bbox 556 2875 2054 3061">
     <span class='ocr_line' id='line_1_19' title="bbox 656 2875 2054 2965; baseline 0.002 -24"><span class='ocrx_word' id='word_1_166' title='bbox 656 2877 731 2943; x_wconf 87' lang='lat' dir='ltr'><strong>Fiat</strong></span> <span class='ocrx_word' id='word_1_167' title='bbox 753 2877 790 2942; x_wconf 89' lang='lat' dir='ltr'><strong>R.</strong></span> <span class='ocrx_word' id='word_1_168' title='bbox 815 2878 857 2942; x_wconf 84' lang='lat' dir='ltr'><strong>Et</strong></span> <span class='ocrx_word' id='word_1_169' title='bbox 880 2897 909 2960; x_wconf 86' lang='lat' dir='ltr'><strong>q.</strong></span> <span class='ocrx_word' id='word_1_170' title='bbox 934 2883 957 2942; x_wconf 84' lang='lat' dir='ltr'><strong>t.</strong></span> <span class='ocrx_word' id='word_1_171' title='bbox 981 2896 1005 2941; x_wconf 93' lang='lat' dir='ltr'><strong>s.</strong></span> <span class='ocrx_word' id='word_1_172' title='bbox 1030 2896 1059 2941; x_wconf 92' lang='lat' dir='ltr'><strong>a.</strong></span> <span class='ocrx_word' id='word_1_173' title='bbox 1082 2875 1103 2940; x_wconf 88' lang='lat' dir='ltr'><strong>l.</strong></span> <span class='ocrx_word' id='word_1_174' title='bbox 1128 2883 1161 2942; x_wconf 86' lang='lat' dir='ltr'><strong>et</strong></span> <span class='ocrx_word' id='word_1_175' title='bbox 1183 2878 1252 2941; x_wconf 90' lang='lat' dir='ltr'><strong>sine</strong></span> <span class='ocrx_word' id='word_1_176' title='bbox 1275 2878 1430 2943; x_wconf 87' lang='lat' dir='ltr'><strong>examine.</strong></span> <span class='ocrx_word' id='word_1_177' title='bbox 1455 2878 1528 2945; x_wconf 86' lang='lat' dir='ltr'><strong>Fiat</strong></span> <span class='ocrx_word' id='word_1_178' title='bbox 1543 2879 1579 2944; x_wconf 87' lang='lat' dir='ltr'><strong>R.</strong></span> <span class='ocrx_word' id='word_1_179' title='bbox 1603 2876 1672 2961; x_wconf 76' lang='lat' dir='ltr'><strong>Dl’)</strong></span> <span class='ocrx_word' id='word_1_180' title='bbox 1691 2879 1777 2961; x_wconf 89' lang='lat' dir='ltr'><strong>apud</strong></span> <span class='ocrx_word' id='word_1_181' title='bbox 1795 2878 2054 2965; x_wconf 84' lang='lat' dir='ltr'><strong>Villan1[nouam],</strong></span> 
     </span>
     <span class='ocr_line' id='line_1_20' title="bbox 556 2981 1161 3061; baseline -0.003 -14"><span class='ocrx_word' id='word_1_182' title='bbox 556 2983 592 3047; x_wconf 77' lang='lat' dir='ltr'><strong>A.</strong></span> <span class='ocrx_word' id='word_1_183' title='bbox 616 2981 657 3061; x_wconf 78' lang='lat' dir='ltr'><strong>d..</strong></span> <span class='ocrx_word' id='word_1_184' title='bbox 681 2982 726 3047; x_wconf 90' lang='lat' dir='ltr'><strong>VI</strong></span> <span class='ocrx_word' id='word_1_185' title='bbox 750 3001 821 3046; x_wconf 89' lang='lat' dir='ltr'><strong>non.</strong></span> <span class='ocrx_word' id='word_1_186' title='bbox 846 2982 994 3047; x_wconf 89' lang='lat' dir='ltr'><strong>Octobris</strong></span> <span class='ocrx_word' id='word_1_187' title='bbox 1018 3001 1046 3046; x_wconf 88' lang='lat' dir='ltr'><strong>a.</strong></span> <span class='ocrx_word' id='word_1_188' title='bbox 1069 3000 1161 3047; x_wconf 91' lang='lat' dir='ltr'><strong>nono.</strong></span> 
     </span>
    </p>
   </div>
   <div class='ocr_carea' id='block_1_5' title="bbox 552 3118 2054 3261">
    <p class='ocr_par' dir='ltr' id='par_1_6' title="bbox 552 3118 2054 3261">
     <span class='ocr_line' id='line_1_21' title="bbox 658 3118 2054 3190; baseline 0 -16"><span class='ocrx_word' id='word_1_189' title='bbox 658 3118 807 3174; x_wconf 84' lang='lat' dir='ltr'><strong>Clementis</strong></span> <span class='ocrx_word' id='word_1_190' title='bbox 825 3119 863 3173; x_wconf 86' lang='lat' dir='ltr'><strong>VI</strong></span> <span class='ocrx_word' id='word_1_191' title='bbox 881 3118 907 3174; x_wconf 85' lang='lat' dir='ltr'><strong>S.</strong></span> <span class='ocrx_word' id='word_1_192' title='bbox 927 3118 993 3187; x_wconf 77' lang='lat' dir='ltr'><strong>Xlsl</strong></span> <span class='ocrx_word' id='word_1_193' title='bbox 1016 3119 1071 3190; x_wconf 72' lang='lat'><strong>(20)</strong></span> <span class='ocrx_word' id='word_1_194' title='bbox 1091 3118 1109 3172; x_wconf 88' lang='lat' dir='ltr'><strong>l.</strong></span> <span class='ocrx_word' id='word_1_195' title='bbox 1130 3125 1188 3172; x_wconf 76' lang='lat'><strong>151.</strong></span> <span class='ocrx_word' id='word_1_196' title='bbox 1208 3149 1240 3158; x_wconf 95' lang='lat'><strong>—</strong></span> <span class='ocrx_word' id='word_1_197' title='bbox 1268 3124 1291 3185; x_wconf 76' lang='lat'><strong>¹)</strong></span> <span class='ocrx_word' id='word_1_198' title='bbox 1309 3134 1378 3172; x_wconf 86' lang='lat' dir='ltr'><strong>carr.</strong></span> <span class='ocrx_word' id='word_1_199' title='bbox 1398 3135 1431 3174; x_wconf 81' lang='lat' dir='ltr'><strong>ex</strong></span> <span class='ocrx_word' id='word_1_200' title='bbox 1451 3120 1542 3187; x_wconf 85' lang='lat' dir='ltr'><strong>‚licite‘</strong></span> <span class='ocrx_word' id='word_1_201' title='bbox 1560 3120 1586 3174; x_wconf 87' lang='lat' dir='ltr'><strong>S.</strong></span> <span class='ocrx_word' id='word_1_202' title='bbox 1613 3121 1636 3187; x_wconf 86' lang='lat' dir='ltr'><strong>b)</strong></span> <span class='ocrx_word' id='word_1_203' title='bbox 1665 3121 1794 3189; x_wconf 83' lang='lat' dir='ltr'><strong>sequitur</strong></span> <span class='ocrx_word' id='word_1_204' title='bbox 1822 3123 1991 3189; x_wconf 58' lang='lat' dir='ltr'><strong>‚Aninionct</strong></span> <span class='ocrx_word' id='word_1_205' title='bbox 2017 3120 2054 3176; x_wconf 86' lang='lat' dir='ltr'><strong>sol</strong></span> 
     </span>
     <span class='ocr_line' id='line_1_22' title="bbox 552 3205 711 3261; baseline -0.006 0"><span class='ocrx_word' id='word_1_206' title='bbox 552 3205 664 3261; x_wconf 78' lang='lat' dir='ltr'><strong>emcall.</strong></span> <span class='ocrx_word' id='word_1_207' title='bbox 684 3206 711 3260; x_wconf 87' lang='lat' dir='ltr'><strong>S.</strong></span> 
     </span>
    </p>
   </div>
   <div class='ocr_carea' id='block_1_6' title="bbox 547 3415 2057 4530">
    <p class='ocr_par' dir='ltr' id='par_1_7' title="bbox 547 3415 2057 4530">
     <span class='ocr_line' id='line_1_23' title="bbox 554 3415 2056 3502; baseline -0.002 -16"><span class='ocrx_word' id='word_1_208' title='bbox 554 3419 673 3486; x_wconf 72' lang='lat'><strong>13⁰2.</strong></span> <span class='ocrx_word' id='word_1_209' title='bbox 698 3418 835 3482; x_wconf 83' lang='lat' dir='ltr'><strong>Hearico</strong></span> <span class='ocrx_word' id='word_1_210' title='bbox 861 3417 1019 3481; x_wconf 75' lang='lat' dir='ltr'><strong>Thesauri</strong></span> <span class='ocrx_word' id='word_1_211' title='bbox 1040 3417 1079 3481; x_wconf 88' lang='lat' dir='ltr'><strong>de</strong></span> <span class='ocrx_word' id='word_1_212' title='bbox 1101 3416 1310 3498; x_wconf 83' lang='lat' dir='ltr'><strong>Norimberpa</strong></span> <span class='ocrx_word' id='word_1_213' title='bbox 1321 3419 1347 3499; x_wconf 83' lang='lat'><strong>⁸)</strong></span> <span class='ocrx_word' id='word_1_214' title='bbox 1366 3417 1552 3502; x_wconf 86' lang='lat' dir='ltr'><strong>providetur</strong></span> <span class='ocrx_word' id='word_1_215' title='bbox 1567 3415 1591 3499; x_wconf 85' lang='lat'><strong>¹)</strong></span> <span class='ocrx_word' id='word_1_216' title='bbox 1615 3419 1653 3483; x_wconf 92' lang='lat' dir='ltr'><strong>de</strong></span> <span class='ocrx_word' id='word_1_217' title='bbox 1670 3419 1862 3501; x_wconf 82' lang='lat' dir='ltr'><strong>praebenda</strong></span> <span class='ocrx_word' id='word_1_218' title='bbox 1886 3421 1920 3484; x_wconf 89' lang='lat' dir='ltr'><strong>iu</strong></span> <span class='ocrx_word' id='word_1_219' title='bbox 1943 3419 2056 3485; x_wconf 76' lang='lat' dir='ltr'><strong>ecclesio</strong></span> 
     </span>
     <span class='ocr_line' id='line_1_24' title="bbox 558 3519 2056 3606; baseline 0 -20"><span class='ocrx_word' id='word_1_220' title='bbox 558 3523 711 3605; x_wconf 74' lang='lat' dir='ltr'><strong>Properat</strong></span> <span class='ocrx_word' id='word_1_221' title='bbox 728 3546 788 3606; x_wconf 89' lang='lat' dir='ltr'><strong>per</strong></span> <span class='ocrx_word' id='word_1_222' title='bbox 809 3527 939 3586; x_wconf 88' lang='lat' dir='ltr'><strong>mortem</strong></span> <span class='ocrx_word' id='word_1_223' title='bbox 965 3521 1060 3587; x_wconf 83' lang='lat' dir='ltr'><strong>Pauli</strong></span> <span class='ocrx_word' id='word_1_224' title='bbox 1082 3521 1120 3586; x_wconf 87' lang='lat' dir='ltr'><strong>de</strong></span> <span class='ocrx_word' id='word_1_225' title='bbox 1138 3519 1278 3600; x_wconf 64' lang='lat' dir='ltr'><strong>(llodua,</strong></span> <span class='ocrx_word' id='word_1_226' title='bbox 1295 3521 1351 3601; x_wconf 77' lang='lat' dir='ltr'><strong>qui</strong></span> <span class='ocrx_word' id='word_1_227' title='bbox 1365 3542 1466 3603; x_wconf 89' lang='lat' dir='ltr'><strong>uuper</strong></span> <span class='ocrx_word' id='word_1_228' title='bbox 1481 3526 1573 3586; x_wconf 72' lang='lat' dir='ltr'><strong>extra</strong></span> <span class='ocrx_word' id='word_1_229' title='bbox 1588 3523 1710 3587; x_wconf 89' lang='lat' dir='ltr'><strong>curiam</strong></span> <span class='ocrx_word' id='word_1_230' title='bbox 1728 3525 1916 3588; x_wconf 81' lang='lat' dir='ltr'><strong>Itomauaru</strong></span> <span class='ocrx_word' id='word_1_231' title='bbox 1931 3525 2056 3599; x_wconf 72' lang='lat' dir='ltr'><strong>decuut</strong></span> 
     </span>
     <span class='ocr_line' id='line_1_25' title="bbox 552 3624 2057 3711; baseline 0.001 -20"><span class='ocrx_word' id='word_1_232' title='bbox 552 3632 695 3706; x_wconf 87' lang='lat' dir='ltr'><strong>oacaute,</strong></span> <span class='ocrx_word' id='word_1_233' title='bbox 729 3649 811 3711; x_wconf 82' lang='lat' dir='ltr'><strong>puae</strong></span> <span class='ocrx_word' id='word_1_234' title='bbox 842 3627 967 3710; x_wconf 80' lang='lat' dir='ltr'><strong>quidem</strong></span> <span class='ocrx_word' id='word_1_235' title='bbox 996 3625 1181 3710; x_wconf 81' lang='lat' dir='ltr'><strong>praebenda</strong></span> <span class='ocrx_word' id='word_1_236' title='bbox 1215 3626 1335 3690; x_wconf 85' lang='lat' dir='ltr'><strong>oireute</strong></span> <span class='ocrx_word' id='word_1_237' title='bbox 1368 3624 1472 3689; x_wconf 81' lang='lat' dir='ltr'><strong>adbuc</strong></span> <span class='ocrx_word' id='word_1_238' title='bbox 1505 3626 1610 3689; x_wconf 89' lang='lat' dir='ltr'><strong>eodem</strong></span> <span class='ocrx_word' id='word_1_239' title='bbox 1643 3625 1753 3700; x_wconf 89' lang='lat' dir='ltr'><strong>Paulo,</strong></span> <span class='ocrx_word' id='word_1_240' title='bbox 1785 3626 1936 3693; x_wconf 81' lang='lat' dir='ltr'><strong>uidelicet</strong></span> <span class='ocrx_word' id='word_1_241' title='bbox 1968 3628 2057 3693; x_wconf 79' lang='lat' dir='ltr'><strong>idibru</strong></span> 
     </span>
     <span class='ocr_line' id='line_1_26' title="bbox 553 3729 2055 3815; baseline -0.002 -15"><span class='ocrx_word' id='word_1_242' title='bbox 553 3733 710 3800; x_wconf 89' lang='lat' dir='ltr'><strong>Jauuarii</strong></span> <span class='ocrx_word' id='word_1_243' title='bbox 727 3732 933 3815; x_wconf 79' lang='lat' dir='ltr'><strong>pontificatus</strong></span> <span class='ocrx_word' id='word_1_244' title='bbox 957 3730 1130 3798; x_wconf 83' lang='lat' dir='ltr'><strong>Clementis</strong></span> <span class='ocrx_word' id='word_1_245' title='bbox 1163 3731 1202 3794; x_wconf 92' lang='lat' dir='ltr'><strong>Vl</strong></span> <span class='ocrx_word' id='word_1_246' title='bbox 1230 3749 1313 3794; x_wconf 91' lang='lat' dir='ltr'><strong>auuo</strong></span> <span class='ocrx_word' id='word_1_247' title='bbox 1335 3731 1469 3812; x_wconf 81' lang='lat' dir='ltr'><strong>seato‚²)</strong></span> <span class='ocrx_word' id='word_1_248' title='bbox 1493 3729 1655 3795; x_wconf 74' lang='lat' dir='ltr'><strong>collaboui</strong></span> <span class='ocrx_word' id='word_1_249' title='bbox 1677 3730 1878 3814; x_wconf 88' lang='lat' dir='ltr'><strong>apostolieae</strong></span> <span class='ocrx_word' id='word_1_250' title='bbox 1908 3735 2055 3797; x_wconf 76' lang='lat' dir='ltr'><strong>reservato</strong></span> 
     </span>
     <span class='ocr_line' id='line_1_27' title="bbox 547 3834 2057 3917; baseline -0.002 -17"><span class='ocrx_word' id='word_1_251' title='bbox 547 3837 628 3917; x_wconf 86' lang='lat' dir='ltr'><strong>suit,</strong></span> <span class='ocrx_word' id='word_1_252' title='bbox 645 3856 706 3900; x_wconf 88' lang='lat' dir='ltr'><strong>uou</strong></span> <span class='ocrx_word' id='word_1_253' title='bbox 721 3837 863 3901; x_wconf 72' lang='lat' dir='ltr'><strong>obstame</strong></span> <span class='ocrx_word' id='word_1_254' title='bbox 877 3840 913 3899; x_wconf 92' lang='lat' dir='ltr'><strong>ut</strong></span> <span class='ocrx_word' id='word_1_255' title='bbox 927 3836 962 3900; x_wconf 86' lang='lat' dir='ltr'><strong>iu</strong></span> <span class='ocrx_word' id='word_1_256' title='bbox 977 3857 1061 3900; x_wconf 82' lang='lat' dir='ltr'><strong>auur.</strong></span> <span class='ocrx_word' id='word_1_257' title='bbox 1078 3839 1174 3914; x_wconf 83' lang='lat'><strong>1301,</strong></span> <span class='ocrx_word' id='word_1_258' title='bbox 1194 3834 1255 3899; x_wconf 83' lang='lat' dir='ltr'><strong>bac</strong></span> <span class='ocrx_word' id='word_1_259' title='bbox 1277 3838 1384 3898; x_wconf 89' lang='lat' dir='ltr'><strong>tameu</strong></span> <span class='ocrx_word' id='word_1_260' title='bbox 1407 3835 1589 3914; x_wconf 79' lang='lat' dir='ltr'><strong>coraliticus,</strong></span> <span class='ocrx_word' id='word_1_261' title='bbox 1612 3839 1647 3897; x_wconf 87' lang='lat' dir='ltr'><strong>ut</strong></span> <span class='ocrx_word' id='word_1_262' title='bbox 1668 3835 1797 3899; x_wconf 76' lang='lat' dir='ltr'><strong>litterae</strong></span> <span class='ocrx_word' id='word_1_263' title='bbox 1820 3836 1861 3900; x_wconf 89' lang='lat' dir='ltr'><strong>de</strong></span> <span class='ocrx_word' id='word_1_264' title='bbox 1884 3837 2057 3902; x_wconf 80' lang='lat' dir='ltr'><strong>cauouiartu</strong></span> 
     </span>
     <span class='ocr_line' id='line_1_28' title="bbox 554 3938 2056 4024; baseline 0.001 -21"><span class='ocrx_word' id='word_1_265' title='bbox 554 3939 612 4003; x_wconf 89' lang='lat' dir='ltr'><strong>sub</strong></span> <span class='ocrx_word' id='word_1_266' title='bbox 634 3940 849 4023; x_wconf 76' lang='lat' dir='ltr'><strong>expectatione</strong></span> <span class='ocrx_word' id='word_1_267' title='bbox 877 3940 1075 4023; x_wconf 66' lang='lat' dir='ltr'><strong>praelocutae</strong></span> <span class='ocrx_word' id='word_1_268' title='bbox 1104 3938 1253 4004; x_wconf 87' lang='lat' dir='ltr'><strong>ecclesiae</strong></span> <span class='ocrx_word' id='word_1_269' title='bbox 1279 3939 1450 4018; x_wconf 83' lang='lat' dir='ltr'><strong>Prapeusis</strong></span> <span class='ocrx_word' id='word_1_270' title='bbox 1472 3942 1502 4002; x_wconf 90' lang='lat' dir='ltr'><strong>et</strong></span> <span class='ocrx_word' id='word_1_271' title='bbox 1529 3958 1697 4021; x_wconf 79' lang='lat' dir='ltr'><strong>processus</strong></span> <span class='ocrx_word' id='word_1_272' title='bbox 1719 3938 1826 4004; x_wconf 81' lang='lat' dir='ltr'><strong>babiti</strong></span> <span class='ocrx_word' id='word_1_273' title='bbox 1853 3963 1917 4024; x_wconf 89' lang='lat' dir='ltr'><strong>per</strong></span> <span class='ocrx_word' id='word_1_274' title='bbox 1938 3939 2056 4012; x_wconf 75' lang='lat' dir='ltr'><strong>easdem</strong></span> 
     </span>
     <span class='ocr_line' id='line_1_29' title="bbox 554 4041 2056 4128; baseline 0.001 -21"><span class='ocrx_word' id='word_1_275' title='bbox 554 4045 790 4128; x_wconf 79' lang='lat' dir='ltr'><strong>quamprimum</strong></span> <span class='ocrx_word' id='word_1_276' title='bbox 818 4043 992 4128; x_wconf 76' lang='lat' dir='ltr'><strong>pacificam</strong></span> <span class='ocrx_word' id='word_1_277' title='bbox 1022 4044 1250 4127; x_wconf 70' lang='lat' dir='ltr'><strong>possessiouem</strong></span> <span class='ocrx_word' id='word_1_278' title='bbox 1281 4041 1368 4106; x_wconf 85' lang='lat' dir='ltr'><strong>iltius</strong></span> <span class='ocrx_word' id='word_1_279' title='bbox 1398 4042 1599 4125; x_wconf 80' lang='lat' dir='ltr'><strong>praebendae</strong></span> <span class='ocrx_word' id='word_1_280' title='bbox 1621 4048 1786 4108; x_wconf 71' lang='lat' dir='ltr'><strong>assecutm</strong></span> <span class='ocrx_word' id='word_1_281' title='bbox 1813 4044 1937 4124; x_wconf 82' lang='lat' dir='ltr'><strong>fuerit,</strong></span> <span class='ocrx_word' id='word_1_282' title='bbox 1961 4050 2056 4109; x_wconf 77' lang='lat' dir='ltr'><strong>eatuu</strong></span> 
     </span>
     <span class='ocr_line' id='line_1_30' title="bbox 554 4146 2056 4232; baseline -0.001 -20"><span class='ocrx_word' id='word_1_283' title='bbox 554 4149 659 4231; x_wconf 73' lang='lat' dir='ltr'><strong>prcoad</strong></span> <span class='ocrx_word' id='word_1_284' title='bbox 687 4149 904 4232; x_wconf 89' lang='lat' dir='ltr'><strong>praebcudam</strong></span> <span class='ocrx_word' id='word_1_285' title='bbox 934 4149 1103 4213; x_wconf 72' lang='lat' dir='ltr'><strong>dumtaxat</strong></span> <span class='ocrx_word' id='word_1_286' title='bbox 1126 4148 1244 4212; x_wconf 86' lang='lat' dir='ltr'><strong>nultius</strong></span> <span class='ocrx_word' id='word_1_287' title='bbox 1273 4148 1338 4210; x_wconf 87' lang='lat' dir='ltr'><strong>siut</strong></span> <span class='ocrx_word' id='word_1_288' title='bbox 1368 4146 1496 4225; x_wconf 78' lang='lat' dir='ltr'><strong>caloris,</strong></span> <span class='ocrx_word' id='word_1_289' title='bbox 1519 4149 1564 4212; x_wconf 86' lang='lat' dir='ltr'><strong>eis</strong></span> <span class='ocrx_word' id='word_1_290' title='bbox 1586 4148 1691 4229; x_wconf 82' lang='lat' dir='ltr'><strong>quoad</strong></span> <span class='ocrx_word' id='word_1_291' title='bbox 1713 4147 1781 4213; x_wconf 80' lang='lat' dir='ltr'><strong>adia</strong></span> <span class='ocrx_word' id='word_1_292' title='bbox 1813 4150 1848 4213; x_wconf 88' lang='lat' dir='ltr'><strong>iu</strong></span> <span class='ocrx_word' id='word_1_293' title='bbox 1878 4171 1936 4214; x_wconf 85' lang='lat' dir='ltr'><strong>suo</strong></span> <span class='ocrx_word' id='word_1_294' title='bbox 1967 4150 2056 4214; x_wconf 76' lang='lat' dir='ltr'><strong>robore</strong></span> 
     </span>
     <span class='ocr_line' id='line_1_31' title="bbox 555 4252 2054 4338; baseline -0.002 -22"><span class='ocrx_word' id='word_1_295' title='bbox 555 4253 731 4318; x_wconf 82' lang='lat' dir='ltr'><strong>duraturis.</strong></span> <span class='ocrx_word' id='word_1_296' title='bbox 757 4256 808 4332; x_wconf 89' lang='lat' dir='ltr'><strong>,D.</strong></span> <span class='ocrx_word' id='word_1_297' title='bbox 833 4254 920 4338; x_wconf 88' lang='lat' dir='ltr'><strong>apud</strong></span> <span class='ocrx_word' id='word_1_298' title='bbox 954 4252 1194 4326; x_wconf 81' lang='lat' dir='ltr'><strong>l&#39;illamuouaur,</strong></span> <span class='ocrx_word' id='word_1_299' title='bbox 1218 4252 1257 4317; x_wconf 82' lang='lat' dir='ltr'><strong>A.</strong></span> <span class='ocrx_word' id='word_1_300' title='bbox 1281 4252 1322 4330; x_wconf 75' lang='lat' dir='ltr'><strong>d,</strong></span> <span class='ocrx_word' id='word_1_301' title='bbox 1357 4252 1400 4317; x_wconf 81' lang='lat' dir='ltr'><strong>l&#39;l</strong></span> <span class='ocrx_word' id='word_1_302' title='bbox 1419 4272 1489 4316; x_wconf 89' lang='lat' dir='ltr'><strong>uou.</strong></span> <span class='ocrx_word' id='word_1_303' title='bbox 1516 4252 1657 4316; x_wconf 82' lang='lat' dir='ltr'><strong>Octobris</strong></span> <span class='ocrx_word' id='word_1_304' title='bbox 1681 4275 1712 4317; x_wconf 88' lang='lat' dir='ltr'><strong>a.</strong></span> <span class='ocrx_word' id='word_1_305' title='bbox 1735 4262 1839 4318; x_wconf 89' lang='lat' dir='ltr'><strong>uouo.‘</strong></span> <span class='ocrx_word' id='word_1_306' title='bbox 1872 4294 1901 4301; x_wconf 93' lang='lat'><em>-</em></span> <span class='ocrx_word' id='word_1_307' title='bbox 1935 4258 1974 4319; x_wconf 85' lang='lat' dir='ltr'><strong>lu</strong></span> <span class='ocrx_word' id='word_1_308' title='bbox 1988 4278 2011 4318; x_wconf 82' lang='lat' dir='ltr'><strong>e.</strong></span> <span class='ocrx_word' id='word_1_309' title='bbox 2025 4275 2054 4315; x_wconf 83' lang='lat' dir='ltr'><strong>rr.</strong></span> 
     </span>
     <span class='ocr_line' id='line_1_32' title="bbox 557 4356 2055 4439; baseline -0.003 -17"><span class='ocrx_word' id='word_1_310' title='bbox 557 4356 836 4439; x_wconf 67' lang='lat' dir='ltr'><strong>Brecmcteaisbr</strong></span> <span class='ocrx_word' id='word_1_311' title='bbox 868 4362 898 4421; x_wconf 92' lang='lat' dir='ltr'><strong>et</strong></span> <span class='ocrx_word' id='word_1_312' title='bbox 928 4356 1158 4438; x_wconf 79' lang='lat' dir='ltr'><strong>Sedtiocusis,⁰)</strong></span> <span class='ocrx_word' id='word_1_313' title='bbox 1190 4357 1362 4438; x_wconf 81' lang='lat' dir='ltr'><strong>Prapcusis</strong></span> <span class='ocrx_word' id='word_1_314' title='bbox 1390 4356 1532 4437; x_wconf 72' lang='lat' dir='ltr'><strong>duceris,</strong></span> <span class='ocrx_word' id='word_1_315' title='bbox 1556 4357 1819 4421; x_wconf 79' lang='lat' dir='ltr'><strong>monasteriorum</strong></span> <span class='ocrx_word' id='word_1_316' title='bbox 1844 4358 2010 4424; x_wconf 81' lang='lat' dir='ltr'><strong>abbatibus</strong></span> <span class='ocrx_word' id='word_1_317' title='bbox 2029 4377 2055 4419; x_wconf 85' lang='lat' dir='ltr'><strong>ac</strong></span> 
     </span>
     <span class='ocr_line' id='line_1_33' title="bbox 665 4460 1795 4530; baseline -0.004 0"><span class='ocrx_word' id='word_1_318' title='bbox 665 4515 702 4530; x_wconf 95' lang='grc'><strong>..</strong></span> <span class='ocrx_word' id='word_1_319' title='bbox 831 4463 989 4528; x_wconf 83' lang='lat' dir='ltr'><strong>sacristae</strong></span> <span class='ocrx_word' id='word_1_320' title='bbox 1011 4460 1157 4527; x_wconf 82' lang='lat' dir='ltr'><strong>ecclesiae</strong></span> <span class='ocrx_word' id='word_1_321' title='bbox 1181 4460 1412 4526; x_wconf 83' lang='lat' dir='ltr'><strong>Aciuioueusis.</strong></span> <span class='ocrx_word' id='word_1_322' title='bbox 1458 4462 1573 4526; x_wconf 90' lang='lat' dir='ltr'><strong>Forma</strong></span> <span class='ocrx_word' id='word_1_323' title='bbox 1597 4461 1687 4524; x_wconf 86' lang='lat' dir='ltr'><strong>utin</strong></span> <span class='ocrx_word' id='word_1_324' title='bbox 1711 4483 1739 4525; x_wconf 93' lang='lat' dir='ltr'><strong>u.</strong></span> <span class='ocrx_word' id='word_1_325' title='bbox 1764 4464 1795 4526; x_wconf 75' lang='lat'><strong>4.</strong></span> 
     </span>
    </p>
   </div>
   <div class='ocr_carea' id='block_1_7' title="bbox 1324 4598 2022 4684">
    <p class='ocr_par' dir='ltr' id='par_1_8' title="bbox 1324 4598 2022 4684">
     <span class='ocr_line' id='line_1_34' title="bbox 1324 4598 2022 4684; baseline -0.003 -19"><span class='ocrx_word' id='word_1_326' title='bbox 1324 4599 1421 4684; x_wconf 84' lang='lat' dir='ltr'><strong>Apud</strong></span> <span class='ocrx_word' id='word_1_327' title='bbox 1452 4598 1688 4679; x_wconf 81' lang='lat' dir='ltr'><strong>Viltaruuocaur,</strong></span> <span class='ocrx_word' id='word_1_328' title='bbox 1713 4599 1801 4665; x_wconf 82' lang='lat'><em>1350</em></span> <span class='ocrx_word' id='word_1_329' title='bbox 1828 4602 1976 4667; x_wconf 76' lang='lat' dir='ltr'><strong>Octobris</strong></span> <span class='ocrx_word' id='word_1_330' title='bbox 1996 4607 2022 4666; x_wconf 82' lang='grc'><strong>2.</strong></span> 
     </span>
    </p>
   </div>
   <div class='ocr_carea' id='block_1_8' title="bbox 562 4736 2053 5056">
    <p class='ocr_par' dir='ltr' id='par_1_9' title="bbox 562 4736 2053 5056">
     <span class='ocr_line' id='line_1_35' title="bbox 664 4736 2053 4806; baseline -0.005 -13"><span class='ocrx_word' id='word_1_331' title='bbox 664 4740 812 4795; x_wconf 74' lang='lat' dir='ltr'><strong>Clementis</strong></span> <span class='ocrx_word' id='word_1_332' title='bbox 831 4740 868 4792; x_wconf 89' lang='lat' dir='ltr'><strong>Vl</strong></span> <span class='ocrx_word' id='word_1_333' title='bbox 887 4742 920 4791; x_wconf 84' lang='grc' dir='ltr'><strong>Α.</strong></span> <span class='ocrx_word' id='word_1_334' title='bbox 940 4738 1005 4805; x_wconf 78' lang='lat' dir='ltr'><strong>IXsl</strong></span> <span class='ocrx_word' id='word_1_335' title='bbox 1028 4740 1100 4806; x_wconf 81' lang='lat' dir='ltr'><strong>(tlt)</strong></span> <span class='ocrx_word' id='word_1_336' title='bbox 1119 4737 1138 4791; x_wconf 85' lang='lat' dir='ltr'><strong>f.</strong></span> <span class='ocrx_word' id='word_1_337' title='bbox 1161 4740 1227 4804; x_wconf 80' lang='lat'><strong>172&#39;,</strong></span> <span class='ocrx_word' id='word_1_338' title='bbox 1256 4738 1290 4791; x_wconf 86' lang='lat' dir='ltr'><strong>de</strong></span> <span class='ocrx_word' id='word_1_339' title='bbox 1318 4736 1458 4791; x_wconf 85' lang='lat' dir='ltr'><strong>beneficiis</strong></span> <span class='ocrx_word' id='word_1_340' title='bbox 1486 4736 1645 4789; x_wconf 88' lang='lat' dir='ltr'><strong>vacantibus</strong></span> <span class='ocrx_word' id='word_1_341' title='bbox 1673 4752 1719 4803; x_wconf 88' lang='lat' dir='ltr'><strong>qn.</strong></span> <span class='ocrx_word' id='word_1_342' title='bbox 1748 4736 1858 4789; x_wconf 68' lang='lat' dir='ltr'><strong>szt&#39;.</strong></span> <span class='ocrx_word' id='word_1_343' title='bbox 1892 4745 1940 4791; x_wconf 75' lang='grc'><strong>199</strong></span> <span class='ocrx_word' id='word_1_344' title='bbox 1967 4739 1983 4791; x_wconf 84' lang='lat' dir='ltr'><strong>f.</strong></span> <span class='ocrx_word' id='word_1_345' title='bbox 2011 4739 2053 4789; x_wconf 73' lang='lat' dir='ltr'><strong>tot</strong></span> 
     </span>
     <span class='ocr_line' id='line_1_36' title="bbox 565 4822 2053 4894; baseline -0.005 -13"><span class='ocrx_word' id='word_1_346' title='bbox 565 4846 591 4881; x_wconf 91' lang='lat' dir='ltr'><strong>n.</strong></span> <span class='ocrx_word' id='word_1_347' title='bbox 613 4834 670 4881; x_wconf 68' lang='lat' dir='ltr'><strong>ata.</strong></span> <span class='ocrx_word' id='word_1_348' title='bbox 691 4858 724 4866; x_wconf 94' lang='lat'><em>-</em></span> <span class='ocrx_word' id='word_1_349' title='bbox 752 4825 1026 4893; x_wconf 77' lang='lat' dir='ltr'><strong>²),Nure11berg‘A.</strong></span> <span class='ocrx_word' id='word_1_350' title='bbox 1054 4823 1078 4890; x_wconf 83' lang='lat' dir='ltr'><strong>b)</strong></span> <span class='ocrx_word' id='word_1_351' title='bbox 1097 4824 1313 4890; x_wconf 85' lang='lat' dir='ltr'><strong>,Brunoniensis‘</strong></span> <span class='ocrx_word' id='word_1_352' title='bbox 1331 4826 1364 4876; x_wconf 83' lang='lat' dir='ltr'><strong>A.</strong></span> <span class='ocrx_word' id='word_1_353' title='bbox 1392 4829 1413 4890; x_wconf 68' lang='grc' dir='ltr'><strong>ο)</strong></span> <span class='ocrx_word' id='word_1_354' title='bbox 1434 4822 1635 4889; x_wconf 84' lang='lat' dir='ltr'><strong>,Caedlicensis‘</strong></span> <span class='ocrx_word' id='word_1_355' title='bbox 1654 4824 1685 4875; x_wconf 84' lang='grc' dir='ltr'><strong>Α.</strong></span> <span class='ocrx_word' id='word_1_356' title='bbox 1708 4854 1734 4862; x_wconf 82' lang='lat'><em>-</em></span> <span class='ocrx_word' id='word_1_357' title='bbox 1760 4825 1779 4887; x_wconf 84' lang='lat'><strong>¹)</strong></span> <span class='ocrx_word' id='word_1_358' title='bbox 1806 4823 1843 4877; x_wconf 84' lang='lat' dir='ltr'><strong>de</strong></span> <span class='ocrx_word' id='word_1_359' title='bbox 1872 4826 2053 4894; x_wconf 77' lang='lat' dir='ltr'><strong>supplicatione</strong></span> 
     </span>
     <span class='ocr_line' id='line_1_37' title="bbox 562 4909 2053 4980; baseline -0.004 -12"><span class='ocrx_word' id='word_1_360' title='bbox 562 4914 662 4980; x_wconf 80' lang='lat' dir='ltr'><strong>t&#39;aroli,</strong></span> <span class='ocrx_word' id='word_1_361' title='bbox 683 4914 866 4968; x_wconf 85' lang='lat' dir='ltr'><strong>Romanorum</strong></span> <span class='ocrx_word' id='word_1_362' title='bbox 885 4913 966 4980; x_wconf 77' lang='lat' dir='ltr'><strong>regis,</strong></span> <span class='ocrx_word' id='word_1_363' title='bbox 985 4928 1067 4979; x_wconf 87' lang='lat' dir='ltr'><strong>qnam</strong></span> <span class='ocrx_word' id='word_1_364' title='bbox 1086 4910 1147 4964; x_wconf 80' lang='lat' dir='ltr'><strong>vide</strong></span> <span class='ocrx_word' id='word_1_365' title='bbox 1168 4912 1218 4966; x_wconf 92' lang='lat' dir='ltr'><strong>sub</strong></span> <span class='ocrx_word' id='word_1_366' title='bbox 1237 4929 1311 4965; x_wconf 87' lang='lat' dir='ltr'><strong>num.</strong></span> <span class='ocrx_word' id='word_1_367' title='bbox 1332 4917 1406 4977; x_wconf 86' lang='lat'><strong>1301,</strong></span> <span class='ocrx_word' id='word_1_368' title='bbox 1427 4912 1453 4963; x_wconf 89' lang='lat' dir='ltr'><strong>in</strong></span> <span class='ocrx_word' id='word_1_369' title='bbox 1472 4910 1515 4963; x_wconf 90' lang='lat' dir='ltr'><strong>his</strong></span> <span class='ocrx_word' id='word_1_370' title='bbox 1535 4909 1633 4963; x_wconf 89' lang='lat' dir='ltr'><strong>littoris</strong></span> <span class='ocrx_word' id='word_1_371' title='bbox 1656 4910 1731 4964; x_wconf 87' lang='lat' dir='ltr'><strong>nulla</strong></span> <span class='ocrx_word' id='word_1_372' title='bbox 1756 4912 1786 4964; x_wconf 84' lang='lat' dir='ltr'><strong>tit</strong></span> <span class='ocrx_word' id='word_1_373' title='bbox 1814 4912 1929 4966; x_wconf 88' lang='lat' dir='ltr'><strong>mentio.</strong></span> <span class='ocrx_word' id='word_1_374' title='bbox 1967 4917 2053 4970; x_wconf 59' lang='lat' dir='ltr'><strong>uitta</strong></span> 
     </span>
     <span class='ocr_line' id='line_1_38' title="bbox 562 5001 749 5056; baseline -0.016 0"><span class='ocrx_word' id='word_1_375' title='bbox 562 5001 688 5056; x_wconf 80' lang='lat' dir='ltr'><strong>ianuarii</strong></span> <span class='ocrx_word' id='word_1_376' title='bbox 711 5008 749 5054; x_wconf 83' lang='lat'><strong>13.</strong></span> 
     </span>
    </p>
   </div>
   <div class='ocr_carea' id='block_1_9' title="bbox 560 5208 2053 5500">
    <p class='ocr_par' dir='ltr' id='par_1_10' title="bbox 560 5208 2053 5500">
     <span class='ocr_line' id='line_1_39' title="bbox 560 5208 2053 5291; baseline -0.006 -12"><span class='ocrx_word' id='word_1_377' title='bbox 560 5214 679 5279; x_wconf 88' lang='grc'><strong><em>1303.</em></strong></span> <span class='ocrx_word' id='word_1_378' title='bbox 705 5209 847 5288; x_wconf 86' lang='lat' dir='ltr'><strong>Carolus,</strong></span> <span class='ocrx_word' id='word_1_379' title='bbox 876 5213 1085 5275; x_wconf 84' lang='lat' dir='ltr'><strong>ltomauorum</strong></span> <span class='ocrx_word' id='word_1_380' title='bbox 1108 5213 1138 5273; x_wconf 91' lang='lat' dir='ltr'><strong>et</strong></span> <span class='ocrx_word' id='word_1_381' title='bbox 1161 5209 1332 5274; x_wconf 76' lang='lat' dir='ltr'><strong>llolreuuae</strong></span> <span class='ocrx_word' id='word_1_382' title='bbox 1354 5230 1421 5283; x_wconf 83' lang='lat' dir='ltr'><strong>rea,</strong></span> <span class='ocrx_word' id='word_1_383' title='bbox 1444 5208 1615 5291; x_wconf 78' lang='lat' dir='ltr'><strong>supplicat,</strong></span> <span class='ocrx_word' id='word_1_384' title='bbox 1631 5212 1787 5289; x_wconf 77' lang='lat' dir='ltr'><strong>puateuus</strong></span> <span class='ocrx_word' id='word_1_385' title='bbox 1805 5209 1971 5274; x_wconf 65' lang='lat' dir='ltr'><strong>liiderico</strong></span> <span class='ocrx_word' id='word_1_386' title='bbox 1985 5209 2053 5272; x_wconf 63' lang='lat' dir='ltr'><strong>&amp;ro</strong></span> 
     </span>
     <span class='ocr_line' id='line_1_40' title="bbox 560 5310 2053 5397; baseline -0.001 -19"><span class='ocrx_word' id='word_1_387' title='bbox 560 5315 674 5379; x_wconf 75' lang='lat' dir='ltr'><strong>ruauri</strong></span> <span class='ocrx_word' id='word_1_388' title='bbox 689 5315 727 5379; x_wconf 84' lang='lat' dir='ltr'><strong>de</strong></span> <span class='ocrx_word' id='word_1_389' title='bbox 742 5314 952 5394; x_wconf 80' lang='lat' dir='ltr'><strong>Norimberpa</strong></span> <span class='ocrx_word' id='word_1_390' title='bbox 969 5314 1006 5377; x_wconf 87' lang='lat' dir='ltr'><strong>de</strong></span> <span class='ocrx_word' id='word_1_391' title='bbox 1022 5314 1210 5379; x_wconf 78' lang='lat' dir='ltr'><strong>crormuicatu</strong></span> <span class='ocrx_word' id='word_1_392' title='bbox 1225 5318 1255 5377; x_wconf 88' lang='lat' dir='ltr'><strong>et</strong></span> <span class='ocrx_word' id='word_1_393' title='bbox 1272 5313 1458 5397; x_wconf 79' lang='lat' dir='ltr'><strong>praebenda</strong></span> <span class='ocrx_word' id='word_1_394' title='bbox 1472 5314 1507 5376; x_wconf 87' lang='lat' dir='ltr'><strong>iu</strong></span> <span class='ocrx_word' id='word_1_395' title='bbox 1521 5310 1653 5376; x_wconf 83' lang='lat' dir='ltr'><strong>ecclesia</strong></span> <span class='ocrx_word' id='word_1_396' title='bbox 1672 5311 1873 5377; x_wconf 76' lang='lat' dir='ltr'><strong>(ltomuoeusi</strong></span> <span class='ocrx_word' id='word_1_397' title='bbox 1886 5311 2053 5378; x_wconf 66' lang='lat' dir='ltr'><strong>sauata</strong></span> 
     </span>
     <span class='ocr_line' id='line_1_41' title="bbox 1204 5417 1422 5500; baseline 0.005 -20"><span class='ocrx_word' id='word_1_398' title='bbox 1204 5417 1422 5500; x_wconf 80' lang='lat' dir='ltr'><strong>provideatur.</strong></span> 
     </span>
    </p>
   </div>
   <div class='ocr_carea' id='block_1_10' title="bbox 1326 5529 2019 5612">
    <p class='ocr_par' dir='ltr' id='par_1_11' title="bbox 1326 5529 2019 5612">
     <span class='ocr_line' id='line_1_42' title="bbox 1326 5529 2019 5612; baseline -0.001 -19"><span class='ocrx_word' id='word_1_399' title='bbox 1326 5529 1423 5612; x_wconf 83' lang='lat' dir='ltr'><strong>Aprul</strong></span> <span class='ocrx_word' id='word_1_400' title='bbox 1455 5529 1690 5606; x_wconf 86' lang='lat' dir='ltr'><strong>l&#39;illarrmoraru,</strong></span> <span class='ocrx_word' id='word_1_401' title='bbox 1714 5529 1802 5592; x_wconf 82' lang='lat'><em>1350</em></span> <span class='ocrx_word' id='word_1_402' title='bbox 1828 5529 1974 5595; x_wconf 72' lang='lat' dir='ltr'><strong>Octobris</strong></span> <span class='ocrx_word' id='word_1_403' title='bbox 1994 5531 2019 5595; x_wconf 84' lang='lat'><strong>·2.</strong></span> 
     </span>
    </p>
   </div>
   <div class='ocr_carea' id='block_1_11' title="bbox 561 5659 2053 5851">
    <p class='ocr_par' dir='ltr' id='par_1_12' title="bbox 561 5659 2053 5851">
     <span class='ocr_line' id='line_1_43' title="bbox 668 5659 2053 5745; baseline -0.009 -15"><span class='ocrx_word' id='word_1_404' title='bbox 668 5664 832 5745; x_wconf 85' lang='lat' dir='ltr'><strong>Supplicat</strong></span> <span class='ocrx_word' id='word_1_405' title='bbox 856 5664 885 5729; x_wconf 87' lang='lat' dir='ltr'><strong>S.</strong></span> <span class='ocrx_word' id='word_1_406' title='bbox 912 5663 947 5726; x_wconf 80' lang='lat' dir='ltr'><strong>V.</strong></span> <span class='ocrx_word' id='word_1_407' title='bbox 973 5663 1107 5727; x_wconf 77' lang='lat' dir='ltr'><strong>uorans</strong></span> <span class='ocrx_word' id='word_1_408' title='bbox 1127 5661 1358 5739; x_wconf 75' lang='lat' dir='ltr'><strong>f.v.1&lt;a1·0lus,</strong></span> <span class='ocrx_word' id='word_1_409' title='bbox 1383 5662 1592 5725; x_wconf 83' lang='lat' dir='ltr'><strong>ltonrauoruur</strong></span> <span class='ocrx_word' id='word_1_410' title='bbox 1617 5664 1649 5723; x_wconf 89' lang='lat' dir='ltr'><strong>ct</strong></span> <span class='ocrx_word' id='word_1_411' title='bbox 1673 5659 1801 5724; x_wconf 87' lang='lat' dir='ltr'><strong>Boomie</strong></span> <span class='ocrx_word' id='word_1_412' title='bbox 1824 5677 1893 5739; x_wconf 81' lang='lat' dir='ltr'><strong>rex,</strong></span> <span class='ocrx_word' id='word_1_413' title='bbox 1917 5667 2053 5742; x_wconf 79' lang='lat' dir='ltr'><strong>quatenns</strong></span> 
     </span>
     <span class='ocr_line' id='line_1_44' title="bbox 561 5761 2053 5851; baseline -0.007 -17"><span class='ocrx_word' id='word_1_414' title='bbox 561 5770 622 5836; x_wconf 89' lang='lat' dir='ltr'><strong>sibi</strong></span> <span class='ocrx_word' id='word_1_415' title='bbox 645 5771 676 5833; x_wconf 90' lang='lat' dir='ltr'><strong>iu</strong></span> <span class='ocrx_word' id='word_1_416' title='bbox 701 5786 869 5851; x_wconf 84' lang='lat' dir='ltr'><strong>porsonam</strong></span> <span class='ocrx_word' id='word_1_417' title='bbox 893 5766 1002 5831; x_wconf 88' lang='lat' dir='ltr'><strong>dilecti</strong></span> <span class='ocrx_word' id='word_1_418' title='bbox 1025 5768 1074 5831; x_wconf 89' lang='lat' dir='ltr'><strong>sui</strong></span> <span class='ocrx_word' id='word_1_419' title='bbox 1098 5766 1250 5831; x_wconf 82' lang='lat' dir='ltr'><strong>Fridcrici</strong></span> <span class='ocrx_word' id='word_1_420' title='bbox 1274 5766 1438 5832; x_wconf 87' lang='lat' dir='ltr'><strong>Strourairi</strong></span> <span class='ocrx_word' id='word_1_421' title='bbox 1472 5765 1511 5829; x_wconf 84' lang='lat' dir='ltr'><strong>le</strong></span> <span class='ocrx_word' id='word_1_422' title='bbox 1533 5761 1748 5842; x_wconf 86' lang='lat' dir='ltr'><strong>Nurcuberch,</strong></span> <span class='ocrx_word' id='word_1_423' title='bbox 1781 5762 1892 5828; x_wconf 88' lang='lat' dir='ltr'><strong>clerici</strong></span> <span class='ocrx_word' id='word_1_424' title='bbox 1923 5764 2053 5830; x_wconf 80' lang='lat' dir='ltr'><strong>Bamba-</strong></span> 
     </span>
    </p>
   </div>
   <div class='ocr_carea' id='block_1_12' title="bbox 0 0 2601 7044">
    <p class='ocr_par' dir='ltr' id='par_1_13' title="bbox 0 0 2601 7044">
     <span class='ocr_line' id='line_1_45' title="bbox 0 0 2601 7044; baseline 0 0"><span class='ocrx_word' id='word_1_425' title='bbox 0 0 2601 7044; x_wconf 95' lang='lat' dir='ltr'><strong> </strong></span> 
     </span>
    </p>
   </div>
  </div>
 </body>
</html>
