5184 7050
679 820 743 890 632

677 1030 798 1099 1166.
820 1027 926 1104 Anna,
954 1028 1164 1094 &manorum
1194 1031 1224 1092 ct
1246 1026 1418 1092 Bobeniae
1447 1026 1571 1109 rapina,
1600 1026 1769 1110 supplicat,
1801 1030 1962 1108 quatenus
1997 1024 2130 1089 Henrieo
2153 1024 2182 1088 de

688 1133 826 1201 Wesolt'a
847 1135 885 1198 de
906 1134 1095 1199 canonicatu
1117 1132 1265 1199 ccclesiae
1287 1132 1325 1196 de
1348 1133 1542 1197 Monosterio
1564 1133 1599 1196 in
1615 1131 1756 1211 Meeycld
1779 1135 1810 1195 et
1829 1129 1999 1214 aucupto
2030 1128 2070 1193 de
2087 1127 2183 1192 Fried-

681 1240 755 1323 bcrp
777 1240 815 1306 de
830 1240 1020 1305 canonicatu
1033 1237 1182 1303 cadusiae
1196 1237 1305 1303 aaron
1320 1236 1449 1300 Florini
1467 1234 1678 1318 Confluentiac
1693 1236 1751 1301 sub
1766 1237 1989 1319 ecpecdationc
1998 1234 2185 1319 praebendae

1323 1341 1541 1426 provideatur.

1606 1428 1769 1508 Acinione,
1791 1431 1881 1494 1349
1904 1427 2103 1511 Sepdcnubris
2124 1429 2149 1490 7.

785 1605 949 1689 Supplicat
972 1605 1003 1671 S.
1026 1605 1064 1671 V.
1089 1604 1203 1669 devota
1232 1602 1299 1668 filia
1328 1609 1436 1669 vestra
1467 1606 1569 1677 Anna,
1602 1604 1813 1669 Romanorum
1844 1608 1878 1667 et
1908 1601 2047 1668 Boernie
2080 1601 2184 1683 mana,

685 1717 843 1794 quatenus
874 1709 990 1774 dilecta
1021 1726 1078 1774 suo
1112 1709 1250 1774 Henrieo
1281 1708 1321 1772 de
1352 1708 1503 1784 wasalia,
1536 1708 1667 1774 diacono
1698 1708 1910 1773 Treuerensis
1945 1707 2097 1786 (lienosis,
2130 1707 2185 1770 eius

686 1814 878 1881 conthoralis
894 1818 927 1879 et
941 1812 1109 1878 reverendi
1125 1812 1225 1895 patris
1242 1812 1358 1876 domini
1374 1812 1558 1891 Baldewini
1576 1812 1808 1894 archiepiscopi
1831 1812 2059 1889 Treuerensis
2076 1811 2185 1886 ueremi,

686 1939 779 2001 quem
803 1937 873 1983 cum
895 1919 985 1982 novis
1009 1915 1224 1982 coronacionis
1254 1934 1311 1980 sue
1341 1935 1442 1998 nuper
1473 1916 1666 1998 Aquisgrani
1693 1916 1877 1981 solemnitor
1901 1916 1992 1981 lacte
2021 1915 2186 1979 addictam

685 2023 717 2090 S.
741 2024 778 2089 V.
801 2022 988 2100 transmisit,
1005 2020 1045 2085 de
1068 2020 1254 2083 canonicatu
1278 2020 1413 2084 ecclesie
1437 2020 1476 2085 dc
1499 2019 1695 2084 Monastcrio
1718 2021 1751 2084 in
1774 2020 1972 2102 Meyneuelt,
1990 2018 2186 2084 Treucrcnsis

686 2127 831 2206 diocesis,
856 2125 1026 2210 dignemini
1049 2123 1217 2206 providere
1240 2143 1277 2188 ac
1299 2123 1493 2206 prebendam
1524 2142 1644 2189 necnon
1675 2124 1871 2206 dignitatem,
1909 2130 2120 2205 personatum
2146 2123 2187 2186 rel

685 2231 823 2299 cilicium
847 2250 917 2296 cum
941 2247 1017 2294 cura
1039 2227 1089 2292 vel
1113 2228 1180 2292 sine
1204 2246 1289 2307 cura,
1314 2232 1347 2292 et
1370 2229 1396 2293 si
1422 2228 1559 2309 dignitas
1582 2229 1699 2311 ipsein
1715 2228 1826 2294 eadem
1848 2228 1993 2293 ecclesia
2017 2227 2188 2310 principalis

686 2337 803 2401 existat
826 2339 859 2398 et
881 2331 922 2398 ad
945 2350 1015 2397 eam
1039 2332 1242 2397 consueverit
1272 2350 1329 2412 per
1359 2331 1549 2397 eleccionem
1580 2333 1651 2414 quis
1681 2334 1808 2411 assumi,
1840 2337 1872 2397 et
1905 2333 2013 2397 eciam
2044 2334 2071 2397 si
2093 2333 2189 2413 rigore

688 2438 928 2506 constitucionis
947 2435 1180 2519 „Execr·abilis“
1200 2435 1239 2499 ad
1257 2435 1500 2517 disposicionem
1516 2437 1603 2501 sedis
1627 2438 1802 2520 apostolice
1825 2438 2000 2503 clarirtaxat
2018 2438 2188 2519 pertineret

687 2545 713 2609 si
737 2544 818 2626 quia,
842 2543 877 2617 si¹
892 2560 955 2623 qua
976 2539 1027 2605 vel
1051 2541 1078 2604 si
1102 2538 1186 2622 quod
1209 2540 1241 2604 in
1264 2540 1376 2605 cadem
1399 2541 1536 2605 ecclesia
1558 2547 1673 2606 vacant
1699 2541 1738 2606 ad
1762 2558 1907 2622 presens,
1931 2542 1986 2605 vel
2013 2562 2083 2606 eum
2107 2538 2187 2606 simul

687 2654 744 2715 aut
767 2647 948 2714 successive
970 2646 1162 2721 vacaverint,
1187 2644 1410 2710 conterendam
1440 2646 1501 2727 ipsi
1533 2645 1672 2710 Henrico
1695 2646 1861 2710 ‹lorracioui
1887 2647 2070 2727 apostolice
2094 2645 2189 2727 digne

688 2751 765 2818 mini
788 2769 964 2828 reservare,
989 2768 1058 2814 cunr
1083 2749 1315 2829 acceptacione,
1332 2748 1534 2825 inhibitione,
1552 2749 1680 2814 decreto
1696 2754 1728 2814 et
1743 2749 1888 2814 clausula
1905 2752 2064 2815 anteferri
2080 2756 2113 2814 et
2128 2749 2190 2812 aliis

686 2855 970 2922 nonobstantibus
993 2859 1026 2917 ct
1049 2852 1199 2918 clausulis
1223 2853 1388 2934 oportunis
1411 2859 1444 2918 et
1467 2856 1700 2933 executoribus
1717 2875 1778 2919 non
1802 2856 1964 2934 obstante,
1987 2856 2074 2937 quod
2099 2854 2190 2917 «lictus

688 2961 845 3028 Henricus
861 2959 1078 3024 canonicatum
1093 2964 1126 3022 et
1142 2957 1336 3038 prebendam
1360 2958 1460 3023 sancti
1479 2958 1598 3022 Florini
1616 2958 1818 3024 Conflueueie
1834 2964 1869 3024 et
1883 2961 2045 3023 vicariam
2061 2966 2190 3024 curatam

688 3064 895 3148 parrochialis
918 3063 950 3128 in
974 3062 1121 3129 Couerna
1144 3061 1361 3141 eeclesiarum,
1385 3063 1469 3127 dicte
1494 3062 1639 3141 diocesis,
1662 3065 1803 3128 noscitur
1825 3064 1986 3128 obtinere.

794 3203 866 3268 Fiat
888 3202 920 3267 in
942 3199 1043 3266 farina
1067 3199 1107 3263 de
1129 3201 1316 3266 canonicatu
1347 3203 1405 3266 sub
1436 3203 1659 3284 expectacione
1686 3202 1856 3285 prebende,
1880 3203 2055 3286 ‹lignitatis
2080 3202 2190 3268 etelt

789 3344 872 3409 Item
895 3341 1053 3422 supplicat
1078 3340 1164 3404 dieta
1185 3339 1303 3422 regina,
1320 3344 1477 3421 quatenus
1493 3341 1657 3423 Rodolpho
1674 3342 1713 3407 de
1728 3342 1914 3425 Frideberg,
1932 3343 2054 3408 clerico
2071 3344 2192 3419 hlasan-

690 3448 825 3514 tinensis
841 3446 987 3524 diocesia,
1004 3444 1138 3526 predicti
1153 3444 1270 3508 domini
1286 3443 1518 3528 archiepiscopi
1533 3447 1740 3512 Treuerensis
1754 3448 1889 3528 notario,
1907 3448 2050 3513 similem
2065 3450 2191 3532 graciam

690 3553 856 3631 iacientes,
880 3551 910 3615 ei
933 3550 973 3615 de
996 3549 1184 3614 canonicatu
1207 3549 1343 3614 ecclesie
1369 3550 1470 3614 saneti
1501 3551 1620 3616 Florini
1653 3551 1866 3631 Conflueneie,
1898 3553 2114 3620 Treuer·ensis
2136 3554 2192 3618 dio·

690 3659 782 3736 cesis,
798 3656 968 3738 dignemini
985 3655 1151 3737 providere
1166 3673 1203 3718 ac
1214 3654 1407 3736 prebendam
1422 3673 1543 3719 necnon
1560 3656 1754 3738 dignitatem,
1768 3664 1978 3739 personatum
1994 3660 2048 3724 uel
2064 3658 2190 3724 osticium

690 3781 759 3828 cum
783 3779 858 3826 cura
881 3758 931 3823 vel
954 3759 1023 3823 sine
1053 3777 1137 3834 cura,
1172 3759 1274 3822 eciam
1312 3759 1339 3822 si
1369 3758 1507 3840 dignitas
1538 3761 1609 3841 ipsa
1640 3764 1671 3826 in
1702 3761 1812 3825 euclem
1843 3761 1985 3828 ecclesia
2019 3761 2192 3844 principalis

690 3867 807 3931 existat
830 3867 863 3929 et
886 3863 926 3926 ad
949 3880 1019 3926 eam
1042 3882 1099 3943 per
1121 3861 1313 3926 eleccionem
1344 3862 1543 3928 corisueverit
1573 3864 1644 3944 quis
1675 3866 1803 3943 assumi,
1835 3866 1862 3930 si
1894 3869 1981 3948 quis,
2014 3869 2042 3931 si
2069 3887 2130 3948 qua
2149 3864 2191 3928 rel

691 3972 718 4037 si
742 3969 827 4052 quod
850 3968 966 4033 ibidem
989 3971 1026 4030 ut
1049 3983 1154 4048 supra,
1179 3966 1343 4029 ‹lonacioui
1369 3966 1542 4047 apostolice
1567 3968 1738 4049 dignemini
1759 3987 1937 4048 reservare,
1954 3991 2021 4035 non
2045 3974 2190 4036 olistantc.

691 4074 774 4158 quod
808 4073 890 4137 idem
922 4069 1106 4151 Rodolphus
1137 4070 1368 4150 parrochialem
1399 4070 1565 4135 eccclesiam
1590 4073 1621 4135 iu
1645 4072 1768 4153 Lysura
1802 4074 1925 4138 obtinet
1960 4083 1997 4139 et
2028 4076 2112 4158 quod
2144 4093 2192 4157 per

692 4179 927 4245 serenissimum
952 4175 1127 4256 principem
1151 4175 1309 4238 rhunirmm
1333 4174 1494 4253 Karolmn,
1512 4175 1721 4240 Rorrranorum
1740 4181 1773 4240 et
1788 4179 1920 4242 Boemie
1934 4198 2057 4261 regern,
2074 4181 2114 4243 ad
2130 4197 2191 4262 pre·

691 4283 867 4366 posituram
890 4278 1025 4345 ecclesie
1049 4278 1296 4356 WetslariensiS,
1335 4279 1419 4342 dicte
1450 4280 1657 4345 Treucreusis
1680 4281 1825 4360 diocesis,
1853 4289 2062 4363 presentatus
2086 4285 2191 4348 existat

693 4392 764 4466 etc,
788 4391 822 4451 et
844 4404 913 4449 curn
937 4384 1009 4448 aliis
1033 4402 1094 4447 non
1117 4382 1317 4446 obstantibus
1340 4387 1372 4446 et
1395 4384 1546 4448 clausulis
1570 4386 1735 4467 oportunis
1757 4390 1790 4449 ct
1812 4390 2054 4453 executoribus.

792 4523 865 4588 Fiat
888 4526 924 4587 ut
946 4523 978 4587 in
1002 4522 1065 4586 alia
1088 4522 1124 4586 R.

793 4664 875 4729 Item
898 4662 1065 4745 supplicat,
1089 4662 1173 4744 quod
1197 4661 1281 4727 dieto
1304 4662 1469 4744 Redolpho
1501 4663 1673 4746 dignemini
1703 4684 1835 4731 examen
1866 4667 2036 4733 remittere
2066 4668 2116 4733 rel
2142 4666 2190 4730 ali-

691 4768 807 4851 quibus
830 4767 977 4832 discrctis
1000 4766 1196 4831 committere
1218 4766 1259 4829 ad
1282 4772 1400 4848 partes.

794 4906 1078 4971 comminatae.
1112 4906 1207 4986 th.
1232 4911 1303 4970 ts.
1329 4907 1401 4970 al.
1437 4906 1509 4971 Fiat
1531 4907 1568 4970 n.
1604 4910 1643 4973 Ι).
1667 4909 1825 4975 huinione
1847 4909 1911 4976 VII
1935 4911 1978 4976 id.
2005 4911 2188 4995 Septembris

691 5029 720 5074 a.
743 5015 864 5075 octavo.

796 5214 943 5269 clementia
961 5214 998 5267 vr
1017 5214 1042 5268 s
1061 5215 1157 5283 vum
1178 5219 1233 5283 (ra)
1252 5216 1270 5270 r.
1291 5223 1348 5270 ica.
