5184 7050
1859 866 1932 958 *rer

520 1071 559 1136 ln
581 1089 609 1135 e.
632 1090 675 1135 m.
699 1090 748 1135 vv.
765 1070 795 1136 n.
814 1122 821 1135 .
838 1122 845 1135 .
860 1071 1118 1137 Wratislenieusi
1141 1072 1414 1136 et..Lubucensi
1437 1073 1597 1155 episeopis
1620 1074 1693 1156 aci)
1725 1073 1754 1137 d.
1778 1075 1799 1139 f.
1824 1125 1856 1138 ..
1882 1094 1934 1139 sa-

415 1175 515 1239 criste
539 1176 675 1240 ecclesie
698 1176 925 1240 Aninienensis
947 1194 973 1240 s.
997 1180 1056 1241 eto.
1081 1226 1164 1241 ....
1190 1178 1228 1242 D.
1253 1182 1288 1241 ut
1312 1194 1336 1242 s.

524 1387 675 1443 Clementis
699 1389 738 1443 VI
761 1391 794 1443 Α.
818 1390 872 1456 Vsa
897 1391 955 1459 (87)
980 1391 999 1445 f.
1023 1391 1093 1457 316',
1121 1390 1156 1445 do
1184 1390 1325 1445 beneficiis
1353 1407 1415 1445 eum
1442 1390 1485 1444 rol
1513 1393 1573 1447 sine
1597 1409 1663 1449 eura
1687 1394 1932 1462 qu.4:V.174

417 1472 436 1526 l.
459 1479 508 1526 145
527 1491 553 1525 ιι.
572 1475 869 1544 asu-Registramm
887 1477 915 1530 in
934 1478 1042 1532 ZVGA.
1056 1478 1213 1532 Schlesiens
1231 1478 1317 1546 XXV,
1335 1484 1395 1532 296.
1413 1509 1447 1518 -
1474 1481 1496 1547 1)
1516 1479 1559 1546 ,de
1577 1480 1712 1535 beneficio
1729 1481 1932 1536 ecelesiastico‘.

418 1558 510 1628 suppl.
535 1561 565 1613 in
590 1578 674 1630 marg.
701 1564 735 1615 A.
763 1563 787 1629 h)
815 1580 884 1618 corr.
909 1580 944 1618 ex
968 1569 1129 1634 ‚spectante‘
1154 1566 1188 1618 Δ.
1217 1566 1239 1633 τ)
1260 1565 1339 1621 deest
1362 1566 1391 1619 in
1418 1567 1461 1633 A,
1489 1566 1580 1636 suppl.
1608 1567 1643 1621 ab
1670 1567 1783 1621 editore.
1812 1569 1835 1635 d)
1861 1585 1931 1625 corr.

419 1662 453 1700 ex
477 1651 524 1715 ‚et‘
542 1650 576 1700 A.

421 2181 513 2248 ιιι.
547 2163 684 2246 deuote
712 2182 870 2264 teneam
900 2183 1029 2248 metat·
1057 2184 1096 2248 e
1118 2185 1236 2248 norm
1257 2185 1305 2268 (r)
1333 2183 1520 2267 pressero
1549 2184 1588 2248 oe
1616 2182 1763 2266 betete
1791 2204 1862 2249 cern
1884 2185 1933 2249 ve

419 2285 489 2348 siue
518 2307 607 2361 cure,
637 2289 768 2353 vocene
796 2288 844 2353 ecl
873 2293 1036 2365 emutare,
1068 2286 1112 2352 ed
1141 2287 1338 2354 collationem
1371 2287 1506 2371 capituli
1537 2288 1719 2369 Propensis.
1753 2288 1872 2354 Ferme
1896 2294 1932 2353 er

1098 2392 1134 2458 in
1155 2414 1186 2457 n.
1211 2395 1262 2458 76.

463 2547 513 2635 οἱ
528 2513 575 2633 ᾗ
1329 2540 1493 2615 naneae,
1519 2541 1603 2604 1346
1626 2538 1812 2605 Nemera
1834 2545 1886 2606 22.
1914 2506 1917 2513 ’

528 2759 566 2822 Ι).
591 2757 612 2821 i.
638 2755 809 2834 Ozenlreni,
834 2761 908 2821 nate
931 2758 1088 2838 quendam
1120 2758 1149 2822 d.
1174 2757 1195 2822 f.
1219 2756 1342 2823 Nicolai
1367 2757 1406 2822 de
1430 2757 1594 2836 Oberzetz,
1625 2757 1740 2823 clerice
1763 2759 1932 2842 Progensis

416 2863 567 2937 diocesis,
592 2880 617 2926 s.
641 2860 858 2942 suffragancis
881 2860 939 2925 tibi
963 2863 1077 2927 merita
1099 2862 1268 2943 probitatis
1293 2913 1375 2927 ....
1399 2861 1553 2927 Veientes
1575 2863 1685 2944 itaque
1707 2863 1766 2927 tibi
1789 2883 1819 2946 p.
1843 2882 1882 2927 m.
1906 2869 1929 2929 t.

417 2969 438 3033 i.
465 2986 589 3031 necnon
612 2966 871 3031 consideracione
902 2985 928 3030 c.
952 2965 984 3029 in
1008 2965 1064 3030 Ch.
1095 2967 1116 3032 f.
1147 2987 1178 3031 n.
1204 2967 1320 3045 Caroli,
1350 2967 1561 3031 Romanorum
1591 2968 1676 3048 regis
1706 2966 1849 3046 illustris,
1874 2987 1930 3049 pro

414 3079 450 3137 te
473 3073 567 3136 nobis
590 3090 686 3153 super
707 3070 767 3136 heo
789 3070 952 3135 humiliter
973 3070 1193 3153 supplicantia,
1216 3092 1246 3154 g.
1270 3071 1290 3136 f.
1317 3089 1352 3150 s,
1372 3070 1561 3137 beneficium
1584 3071 1836 3136 ecclesiasticum
1859 3091 1930 3136 cum

416 3195 497 3242 cure
520 3175 571 3240 vel
595 3176 662 3240 siue
687 3194 771 3252 cura,
796 3175 897 3240 eciam
920 3175 947 3239 si
970 3176 1002 3239 in
1025 3175 1161 3239 ccclesia
1185 3177 1337 3257 Pragensi
1368 3176 1495 3254 existet,
1520 3176 1611 3240 cuius
1633 3175 1765 3253 fruetus,
1782 3196 1806 3240 r.
1832 3181 1865 3241 et
1887 3197 1929 3259 p.,

416 3282 444 3345 si
470 3300 543 3344 cum
567 3299 654 3358 eura,
677 3279 940 3362 vigintiquinque,
965 3279 991 3342 si
1015 3297 1090 3344 vere
1113 3279 1181 3342 sine
1205 3298 1281 3344 cura
1304 3279 1410 3357 fuerit,
1442 3279 1550 3344 decem
1581 3284 1614 3344 et
1637 3284 1708 3343 octe
1731 3281 1930 3346 marcharum

415 3385 547 3467 argenti
570 3402 594 3447 s.
618 3390 641 3448 t.
666 3383 695 3448 d.
720 3383 860 3447 valorem
884 3401 1023 3447 annuum
1053 3401 1115 3448 nen
1145 3383 1310 3462 excedant,
1335 3383 1374 3447 ad
1403 3382 1454 3446 dd.
1477 3381 1509 3447 fl.
1531 3433 1563 3447 ..
1586 3385 1752 3466 prepositi,
1770 3433 1777 3447 .
1795 3434 1801 3447 .
1818 3384 1930 3449 deceni

414 3496 449 3555 et
473 3489 607 3573 capituli
630 3488 715 3553 dicte
739 3489 874 3554 ecclesie
904 3487 1075 3570 Pragsnsis
1106 3487 1320 3567 senecionem,
1348 3506 1447 3570 prov,
1470 3506 1554 3571 pres.
1587 3505 1644 3553 seu
1677 3507 1706 3569 q.
1739 3507 1768 3553 a.
1792 3488 1822 3553 d.
1846 3508 1928 3555 eem-

414 3595 561 3659 muniter
583 3592 633 3658 vel
657 3594 783 3658 divisim
806 3594 979 3675 pertinens,
1000 3594 1025 3657 si
1051 3593 1134 3674 quod
1157 3598 1249 3657 vacat
1272 3592 1312 3656 ad
1335 3610 1477 3674 presens,
1503 3592 1553 3657 vel
1576 3612 1646 3657 cum
1669 3594 1851 3658 vacaverit.
1870 3644 1877 3658 .
1895 3644 1927 3659 ..

417 3698 648 3763 conferendum
678 3698 738 3763 tibi
762 3747 845 3764 ....
868 3698 898 3763 d.
929 3716 957 3761 a.
990 3715 1212 3762 reservamus.
1230 3748 1237 3762 .
1255 3747 1262 3761 .
1280 3717 1306 3774 .;
1337 3716 1399 3762 nen
1430 3697 1630 3762 obstantibus
1655 3746 1686 3762 ..
1706 3747 1712 3760 .
1731 3746 1737 3761 .
1755 3715 1811 3761 seu
1844 3699 1929 3779 quod

417 3802 542 3867 dudum
564 3802 624 3867 tibi
648 3802 687 3866 de
710 3801 863 3866 beneficio
893 3800 1113 3866 ecclesiastico
1144 3821 1214 3866 cum
1245 3820 1322 3866 cura
1351 3801 1402 3865 vel
1431 3801 1501 3865 sinc
1531 3820 1617 3880 cura,
1649 3806 1815 3882 spectante
1845 3821 1929 3866 eem-

414 3908 560 3971 muniter
581 3906 632 3970 vel
655 3906 780 3971 divisim
805 3905 845 3970 ad
869 3905 1072 3970 collacionem
1095 3923 1153 3969 seu
1175 3906 1447 3987 presentaciouem
1471 3905 1522 3969 dd.
1546 3904 1576 3970 il.
1601 3955 1608 3969 .
1634 3957 1640 3970 .
1666 3906 1790 3970 abbatis
1807 3912 1839 3970 et
1856 3925 1926 3970 cou-

413 4016 534 4075 sentus
557 4011 742 4077 monasterii
765 4012 796 4074 in
820 4009 953 4087 Peniuk,
976 4010 1096 4076 ordinis
1126 4010 1227 4075 sancti
1258 4009 1433 4087 Benedicti,
1466 4010 1550 4073 dicte
1581 4011 1750 4091 Pragcnsis
1782 4010 1927 4088 diocesis,

412 4118 448 4183 in
472 4136 513 4180 ea
535 4117 644 4192 ferma,
668 4114 840 4179 secundum
860 4133 955 4195 quam
972 4132 1028 4194 pre
1043 4114 1238 4195 pauperibus
1254 4114 1379 4178 clericis
1395 4112 1622 4178 beneficiandis
1638 4120 1715 4178 tunc
1730 4115 1926 4196 scripsimus,

413 4241 475 4304 per
500 4225 627 4284 nostras
650 4220 776 4284 litteras
799 4217 1018 4283 mandavimus
1040 4217 1209 4299 provideri,
1234 4236 1313 4298 quas
1337 4218 1465 4299 quidem
1487 4217 1613 4281 litteras
1633 4224 1666 4282 et
1681 4232 1849 4301 processus
1871 4218 1927 4283 he-

412 4327 503 4391 bites
528 4343 585 4406 per
607 4324 736 4388 easdem
767 4327 800 4386 et
830 4340 1018 4404 quecunque
1048 4321 1122 4386 inde
1152 4327 1262 4386 secuta
1296 4340 1419 4386 exnunc
1450 4340 1613 4387 cessamus
1643 4326 1676 4385 et
1706 4322 1867 4387 irritamus
1891 4343 1928 4388 ae

412 4428 539 4494 nullius
563 4428 762 4492 decernimus
793 4426 930 4490 existere
961 4426 1083 4490 roboris
1109 4424 1160 4489 vel
1193 4426 1343 4490 momenti
1482 4426 1520 4491 D.
1545 4426 1702 4492 Auinioue
1724 4427 1753 4493 X
1778 4426 1839 4491 kal.
1864 4429 1928 4492 De-

413 4533 558 4601 cembris
582 4552 610 4596 a.
635 4532 755 4613 quinto.

524 4673 562 4737 ln
585 4690 614 4735 e.
637 4690 677 4734 m.
701 4671 752 4735 dd.
777 4670 807 4735 n.
832 4720 839 4734 .
863 4720 870 4734 .
895 4670 1016 4734 decano
1040 4669 1143 4734 sancti
1166 4669 1254 4734 Petri
1277 4669 1309 4732 in
1329 4668 1541 4751 Wyssegredo
1565 4688 1663 4750 prepe
1687 4670 1820 4752 Pragam
1845 4676 1925 4735 et..

409 4776 644 4844 archidiacono
674 4774 921 4858 Inprereuiensi,
953 4773 1184 4851 Olomucensis,
1213 4792 1249 4837 ac
1267 4823 1273 4835 .
1292 4823 1299 4835 .
1316 4775 1450 4839 sacriste
1473 4774 1699 4839 Auinienensis
1721 4775 1927 4839 ecclesiarum

410 4904 437 4949 s.
582 4880 621 4943 D.
645 4886 730 4944 ute.

522 5119 672 5175 Clementis
689 5119 728 5173 VI
746 5122 779 5173 A.
797 5120 851 5190 llll
871 5121 927 5189 (91)
945 5119 964 5173 l.
983 5125 1015 5172 63
1034 5137 1060 5173 n.
1080 5125 1121 5186 ld,
1141 5119 1174 5173 de
1193 5119 1336 5174 beneficiis
1354 5119 1491 5174 vacaturis
1509 5136 1554 5188 qu.
1570 5126 1586 5172 3
1600 5138 1633 5171 2:
1646 5118 1678 5173 V.
1695 5123 1743 5172 175
1762 5118 1779 5172 i.
1800 5124 1833 5172 34
1846 5135 1872 5173 n.
1886 5125 1927 5176 tl.
