5184 7050
1866 876 1931 943 soc

422 1073 515 1141 589.
539 1074 582 1139 N.
604 1097 633 1140 a.
656 1074 789 1140 Bdboai
810 1075 848 1141 dc
873 1077 997 1161 Opol,·)
1020 1077 1102 1156 duci,
1127 1081 1157 1142 et
1178 1076 1354 1153 Elisabeth,
1378 1077 1524 1143 ducissae
1547 1079 1705 1158 Poloaiac,
1739 1083 1833 1146 uxori
1856 1083 1932 1162 eius,

421 1178 602 1244 conceditur
632 1179 785 1244 abaductio
809 1180 908 1264 plena
938 1181 972 1244 ia
1002 1183 1113 1247 mortis
1143 1181 1287 1247 (articulo.
1333 1184 1386 1262 ,D.
1409 1181 1566 1248 dacione
1589 1186 1693 1251 XVII
1716 1186 1781 1251 troi.
1805 1185 1932 1270 Aprdis

877 1307 908 1350 a.
931 1289 1066 1367 quoda}
1110 1287 1228 1351 ιὀνιιια
1248 1291 1286 1351 ut
1307 1287 1343 1352 iu
1364 1308 1395 1352 u.
1417 1289 1471 1352 65.

1399 1461 1672 1539 Aaiaioue,1346
1694 1464 1812 1531 Martii
1834 1466 1886 1532 16.

527 1663 676 1720 Clementis
694 1664 733 1720 v1
750 1667 785 1720 Δ.
802 1666 869 1737 lvio
889 1671 945 1737 (84)
964 1667 982 1721 ι.
1002 1669 1053 1734 26',
1072 1666 1106 1722 de
1125 1667 1299 1724 absolutione
1317 1684 1363 1737 qa.
1383 1674 1407 1737 2,
1426 1669 1537 1724 rubrica
1554 1669 1615 1724 sola
1634 1673 1795 1738 (quaternus
1812 1670 1931 1740 delicit);

420 1749 533 1805 litterae
551 1750 580 1805 in
598 1751 630 1805 V.
652 1756 701 1805 172
719 1749 739 1805 ι’.
757 1756 791 1806 ιι
810 1769 836 1807 n.
858 1758 931 1807 1067.
952 1784 985 1792 -
1012 1755 1036 1820 ⁸)
1055 1752 1164 1824 ‚Oppol‘
1184 1754 1218 1808 A.

420 2414 514 2481 590.
537 2413 580 2478 N.
603 2435 631 2479 o.
653 2413 801 2480 Bolestao
823 2415 861 2480 de
884 2415 1086 2497 Folkeriderp,
1109 2416 1191 2496 duci,
1214 2422 1244 2482 ct
1266 2417 1445 2497 Eufuuiac,
1477 2417 1622 2482 ducissae
1652 2415 1812 2496 meua,
1833 2419 1928 2482 acori

420 2517 498 2595 cius,
514 2517 695 2583 conceditur
716 2518 869 2584 absolutio
886 2519 986 2603 pieria
1008 2521 1044 2585 ia
1065 2522 1175 2586 ownia
1198 2521 1342 2587 ortiado.
1367 2523 1420 2601 ,D.
1437 2521 1592 2588 Auiuioue
1608 2522 1713 2587 XVII
1721 2521 1786 2586 kal.
1803 2520 1928 2605 Aprilis

896 2645 926 2688 ιι.
950 2628 1084 2706 quarto}
1108 2626 1224 2691 Fama
1247 2631 1283 2690 ut
1304 2626 1340 2690 ia
1362 2648 1393 2692 u.
1416 2628 1468 2692 65.

1400 2799 1561 2880 aarum,
1587 2801 1671 2865 1346
1693 2798 1811 2865 Martii
1830 2801 1884 2865 16.

525 3037 674 3093 Clementis
692 3038 730 3093 Vl
748 3040 781 3092 A.
799 3039 838 3093 1v
838 3041 867 3108 [3
886 3043 941 3109 (8⁴)
960 3040 978 3094 f.
998 3041 1050 3106 ιδ’,
1069 3038 1103 3094 de
1122 3039 1294 3095 absolutione
1313 3055 1357 3107 qu.
1377 3046 1401 3108 2,
1423 3040 1533 3096 rubrica
1550 3040 1610 3097 sola
1629 3042 1791 3109 (quaternus
1809 3038 1925 3107 delicit),

421 3124 531 3180 auersa
550 3124 579 3179 in
597 3124 629 3179 V.
651 3130 699 3179 aa
721 3125 736 3180 ι
756 3132 790 3180 ιι
808 3145 834 3182 n.
857 3132 931 3181 roae.
1615 3117 1619 3125 '

418 3719 511 3786 591.
545 3718 676 3800 Syruoui
703 3718 862 3802 plaudam
891 3719 1023 3783 Hearici
1051 3719 1089 3783 de
1111 3719 1245 3801 Leonico
1272 3721 1458 3804 providetur
1488 3722 1527 3785 de
1557 3721 1746 3785 corrouicatu
1776 3718 1925 3785 ecclesiae

609 3822 810 3889 moneres
830 3822 888 3888 sub
910 3824 1125 3908 expectatione
1141 3823 1354 3908 praebendae.
1399 3826 1516 3889 Forma
1538 3828 1573 3888 ut
1594 3824 1630 3888 ia
1651 3844 1683 3888 a.
1705 3825 1736 3888 6.

466 3985 511 4103 Ξ
540 3960 582 4100 rvr
1395 4015 1557 4092 nouom,
1579 4016 1667 4080 raes
1690 4014 1807 4081 naas
1828 4017 1880 4080 ra

523 4206 562 4270 D.
586 4204 607 4270 f.
631 4206 769 4287 Symoni,
792 4211 867 4271 nato
889 4206 1047 4288 quondam
1070 4206 1200 4273 Henrici
1224 4207 1264 4272 de
1287 4207 1430 4288 Legnitz,
1455 4206 1606 4270 canonico
1629 4205 1764 4270 ecclesie
1793 4205 1924 4270 Posoni·

418 4312 514 4388 ensis
535 4310 760 4392 strigoniensis
783 4310 929 4391 diocesis,
946 4330 969 4375 s.
987 4316 1047 4376 etc.
1072 4311 1145 4376 Vite
1168 4330 1349 4377 aemorum
1373 4310 1522 4374 honestas
1546 4359 1628 4373 ....
1652 4308 1734 4374 Hinc
1757 4313 1816 4386 est,
1840 4308 1923 4389 quod

416 4433 484 4493 nos,
519 4413 662 4479 volentes
696 4415 755 4479 tibi
788 4416 926 4496 graciam
960 4414 1067 4479 lacere
1099 4416 1281 4499 specialem,
1313 4414 1530 4480 canonicatum
1553 4412 1688 4479 ecclesie
1711 4411 1923 4490 Posoniensis,

417 4518 644 4601 Strigoniensis
675 4517 821 4597 diocesis,
853 4538 923 4583 cvnn
953 4517 1151 4599 plenitudine
1185 4520 1264 4585 iuris
1287 4518 1428 4584 canonici
1452 4517 1629 4600 apostolica
1651 4516 1710 4581 tibi
1733 4515 1923 4580 accurrate

416 4622 608 4688 conterimus
631 4621 725 4686 etde
748 4622 803 4686 illo
827 4623 925 4686 eciam
950 4622 1161 4703 providemus,
1185 4623 1378 4705 prebendam
1400 4640 1485 4700 vero,
1509 4621 1536 4685 si
1559 4640 1623 4702 qua
1641 4620 1672 4683 in
1688 4619 1773 4683 dicta
1787 4617 1923 4684 ecclesia

415 4730 510 4791 vacat
533 4726 574 4790 ad
597 4743 738 4806 presens,
762 4725 813 4790 vel
836 4745 906 4790 cum
929 4717 1090 4790 vacaverit
1091 4775 1200 4804 .....
1225 4723 1446 4791 conferendam
1468 4724 1526 4789 tibi
1551 4773 1633 4788 ....
1658 4722 1823 4788 donaciani
1846 4740 1922 4803 apo·

416 4830 529 4895 stalice
551 4848 752 4895 reservamus
774 4849 878 4908 ....;
903 4848 965 4894 non
995 4829 1194 4894 obstantibus
1326 4847 1382 4893 sea
1416 4826 1500 4909 qaod
1534 4827 1651 4891 dudum
1687 4844 1783 4907 super
1816 4823 1921 4890 conl·

415 4935 514 4999 rendo
547 4933 607 4999 tibi
637 4932 791 4999 beneficio
825 4933 1042 5000 ecclesiastico
1076 4951 1145 4997 cum
1179 4952 1255 4997 cura
1287 4932 1337 4996 vel
1372 4932 1440 4995 sine
1470 4950 1557 5008 cnra,
1581 4930 1622 4995 ad
1645 4929 1847 4995 collacionem
1871 4926 1922 4992 vel

415 5039 629 5121 provisionem
652 5056 681 5102 v.
704 5037 726 5103 f.
750 5057 780 5101 n.
805 5088 837 5102 ..
861 5037 1003 5119 episcopi
1026 5036 1297 5102 Wratislauiensis
1320 5040 1494 5119 spectante,
1518 5040 1644 5100 nostras
1667 5035 1725 5099 sub
1749 5052 1788 5097 ea
1811 5033 1920 5111 torma,

415 5143 591 5208 secundum
625 5160 720 5223 quam
753 5161 810 5223 pro
845 5142 1039 5224 pauperibus
1074 5141 1198 5206 clericis
1228 5140 1456 5207 beneficiandis
1478 5144 1557 5205 tunc
1580 5139 1773 5220 scripsimus,
1796 5135 1921 5201 litteras

414 5246 605 5330 impetrasti,
629 5252 662 5311 et
684 5246 768 5328 qaod
792 5264 849 5310 nos
872 5245 987 5310 deinde
1009 5245 1196 5311 beneficium
1219 5245 1471 5311 ecclesiasticum
1494 5262 1564 5308 cum
1588 5262 1664 5309 cura
1682 5241 1734 5306 vel
1750 5241 1819 5305 sine
1835 5259 1919 5319 cura,

412 5355 600 5417 consuetum
625 5350 749 5416 clericis
772 5349 970 5415 secularibus
992 5349 1158 5432 assignari,
1182 5353 1333 5431 spectans
1356 5349 1563 5413 communiter
1585 5346 1636 5412 vel
1660 5346 1784 5411 divisim
1801 5345 1841 5409 ad
1857 5343 1920 5409 col·

410 5456 568 5522 lacionem
589 5452 642 5519 vel
664 5455 937 5537 presentationem
956 5454 1007 5519 dd.
1022 5453 1054 5519 ff.
1072 5503 1079 5518 .
1097 5504 1104 5518 .
1128 5453 1252 5519 abbatis
1268 5458 1301 5518 et
1317 5458 1489 5519 conventus
1504 5451 1687 5517 monasterii
1703 5448 1918 5528 Medlicensis,

408 5560 532 5627 ordinis
555 5558 658 5624 sancti
680 5559 856 5637 Benedicti,
880 5558 1081 5624 Pataaiensis
1104 5558 1249 5638 diocesis,
1273 5559 1301 5623 si
1324 5558 1407 5640 quod
1429 5562 1506 5622 tanc
1527 5558 1676 5635 vacabat,
1698 5555 1748 5620 vel
1772 5573 1843 5619 cum
1865 5573 1918 5618 va·

407 5671 509 5745 caret,
532 5663 758 5730 conferendum
778 5663 838 5727 tibi
861 5663 1025 5728 donacioni
1048 5664 1223 5746 apostolice
1245 5682 1304 5745 per
1325 5663 1405 5728 alias
1428 5663 1589 5745 nostras·)
1623 5662 1749 5728 litteras
1772 5661 1917 5725 duximus

407 5772 449 5837 de
473 5770 607 5854 speciali
629 5769 737 5852 gracia
758 5769 984 5835 reservandam
1007 5788 1045 5834 ac
1067 5769 1224 5835 voluimus
1247 5769 1356 5848 eciam,
1380 5768 1473 5851 quod,
1497 5768 1524 5833 si
1548 5786 1605 5849 per
1630 5766 1811 5832 huiusmodi
1843 5771 1918 5831 tanc

1760 5888 1810 5940 so*
