5184 7050
2000 867 2064 934 315

545 1071 717 1153 pacciones
748 1077 782 1137 et
808 1071 988 1151 societates,
1012 1071 1097 1136 inter
1127 1089 1332 1154 quoscunque
1362 1075 1542 1137 contractas
1572 1070 1622 1136 vel
1653 1070 1749 1135 initas
1779 1073 1838 1138 sub
1871 1092 2061 1157 quacunque

545 1174 649 1241 forma
672 1175 723 1240 vel
747 1176 952 1259 expressione
976 1176 1142 1241 verborum
1166 1194 1263 1241 causa
1285 1173 1443 1241 discordie
1466 1175 1549 1239 inter
1570 1194 1663 1258 reges
1686 1176 1855 1242 nutriendo
1885 1179 2055 1260 predictos,

546 1298 619 1345 esse
643 1298 682 1345 ac
704 1280 805 1346 fuisse
828 1280 942 1358 nullas,
966 1297 1074 1346 cassas
1097 1286 1131 1345 et
1153 1280 1271 1361 irritas,
1294 1280 1383 1345 uelut
1405 1286 1515 1345 contra
1535 1279 1652 1344 bonum
1674 1281 1763 1363 pacis
1786 1281 1818 1346 in
1841 1284 1955 1347 summi
1975 1285 2060 1366 regis

545 1381 700 1448 offensam
731 1389 933 1467 presumptas
957 1384 1107 1463 indebite,
1131 1384 1301 1450 nunciandi
1324 1389 1366 1462 et,
1391 1388 1547 1466 quatenns
1570 1385 1802 1467 processissent
1824 1385 1864 1450 dc
1886 1385 1981 1466 iacto,
2004 1405 2059 1451 an-

545 1486 700 1567 nullandi,
725 1489 872 1553 cassandi
895 1493 928 1552 et
951 1488 1095 1554 irritandi
1118 1507 1156 1553 ac
1178 1506 1279 1570 penas
1302 1487 1444 1553 adiectas
1467 1491 1501 1552 et
1523 1488 1702 1552 iuramenta
1724 1489 1859 1571 prestita
1879 1506 1976 1571 super
1998 1490 2055 1570 eis,

546 1610 617 1657 cum
641 1593 854 1659 iuramentum
875 1593 1036 1658 vinculum
1059 1593 1238 1674 iniquitatis
1261 1610 1417 1657 essenon
1441 1592 1565 1671 debeat,
1589 1592 1755 1657 relaxandi
1774 1593 1901 1675 aliaque
1916 1595 2057 1676 gerendi,

545 1695 684 1762 faciendi
709 1701 742 1762 et
764 1698 943 1776 exercendi,
967 1715 1030 1780 qua
1053 1697 1137 1762 circa
1159 1699 1316 1779 premissa
1338 1697 1519 1762 necessaria
1551 1696 1670 1763 fuerint
1692 1697 1742 1760 vel
1767 1697 1868 1762 eciam
1890 1704 2056 1781 oportuna,

546 1799 674 1883 plenam
696 1801 757 1867 tibi
780 1802 983 1868 concedimus
1005 1807 1117 1867 tenore
1139 1803 1340 1884 presencium
1363 1800 1557 1866 facultatem.
1583 1801 1732 1868 Ceterum
1755 1802 1831 1885 qnia
1853 1822 1963 1885 pamm
1987 1822 2058 1886 pro

545 1904 655 1970 desset
688 1905 857 1970 humilitas
884 1906 1068 1985 humilibus,
1103 1907 1130 1971 si
1165 1911 1365 1989 contemptus
1398 1905 1656 1972 inobedientibus
1685 1925 1747 1972 non
1779 1907 1916 1987 obesset,
1947 1913 2056 1973 nostre

545 2009 737 2075 intensionis
771 2010 880 2076 existit
910 2016 943 2076 et
972 2009 1127 2089 volumus,
1159 2011 1243 2093 quod
1272 2010 1454 2076 huiusmodi
1485 2030 1541 2093 per
1574 2016 1607 2075 te
1642 2011 1870 2094 pmmulgandc
1903 2030 1985 2094 pene
2020 2030 2057 2077 ac

545 2114 711 2179 sentencie
734 2115 779 2180 sic
802 2114 883 2195 illos,
907 2116 962 2197 qui
984 2120 1115 2197 treugas
1138 2115 1311 2198 predictas,
1336 2115 1410 2180 dum
1434 2134 1491 2196 per
1512 2120 1545 2179 te
1565 2115 1684 2180 indicto
1700 2134 1736 2180 ac
1751 2114 1913 2198 publicato
1927 2114 2056 2195 inerint,

545 2216 757 2300 infringerent
778 2218 829 2283 vel
852 2219 953 2284 eciam
976 2239 1038 2284 non
1061 2225 1235 2300 servarent,
1258 2217 1399 2283 alliciant
1414 2224 1447 2283 et
1462 2219 1714 2302 apprehendant,
1730 2220 1815 2301 quod
1831 2220 1911 2285 alios
1927 2219 2055 2285 easdem

544 2326 677 2405 treugas
712 2325 917 2388 observantes
950 2323 1001 2388 vel
1035 2326 1206 2389 observare
1239 2328 1369 2406 paratos
1399 2323 1431 2387 in
1455 2323 1562 2407 aliquo
1585 2342 1647 2388 nou
1670 2323 1863 2406 contingant.
1910 2325 1948 2389 D.
1972 2329 2008 2389 ut
2030 2340 2055 2387 s.

543 2426 720 2511 [Auinione
741 2427 798 2495 XV
823 2427 885 2493 kal.
909 2428 1098 2494 Novembris
1121 2448 1149 2493 a.
1173 2427 1311 2513 quarto]
1326 2427 1350 2510 ³)

650 2667 800 2723 Clementis
819 2668 857 2723 Vl
878 2669 908 2724 V.
930 2676 978 2724 139
998 2672 1077 2739 (secr.
1096 2686 1120 2724 a.
1140 2670 1188 2737 lv)
1207 2686 1234 2724 ιι.
1253 2676 1313 2725 527.
1331 2702 1364 2712 -
1383 2669 1433 2724 Ed.
1447 2668 1568 2725 Theiuer
1580 2670 1638 2724 MP.
1651 2671 1665 2725 l
1677 2688 1702 2724 n.
1716 2676 1773 2725 625.
1788 2668 1852 2726 ΜΗ.
1866 2671 1878 2725 1
1891 2687 1917 2725 n.
1933 2674 2008 2726 1048.
2024 2704 2050 2714 -

543 2757 564 2824 ¹)
584 2761 615 2810 ut
634 2755 663 2810 in
682 2755 714 2809 V.
735 2762 784 2811 139
802 2773 829 2810 n.
848 2761 906 2810 526.
944 2757 965 2823 ¹)
985 2764 1015 2810 ut
1032 2757 1060 2810 in
1078 2757 1110 2812 V.
1131 2763 1179 2812 139
1199 2774 1224 2811 ιι.
1244 2763 1294 2811 626
1313 2757 1397 2828 (apud
1416 2774 1467 2813 nos
1486 2774 1558 2812 num.
1578 2760 1648 2825 bus).
1685 2759 1755 2827 ⁸)ut
1772 2758 1800 2812 in
1820 2756 1851 2813 V.
1872 2765 1928 2812 139.
1947 2774 1974 2812 n.
1994 2764 2052 2814 bib.

542 3367 637 3436 528.
659 3366 833 3444 Jodooues,
856 3387 914 3432 rex
936 3367 1116 3449 Bodemiae,
1147 3374 1287 3451 rogator,
1319 3373 1474 3456 quatenos
1503 3390 1574 3435 cum
1598 3370 1764 3452 Cusimiro,
1797 3392 1869 3454 repe
1895 3370 2052 3447 Potonioe,

541 3477 673 3555 treugas
703 3493 802 3556 usque
832 3472 876 3537 od
905 3477 1022 3538 certum
1053 3477 1176 3558 tempus
1206 3473 1304 3551 ineat,
1333 3494 1394 3558 quo
1424 3474 1560 3541 durante
1587 3475 1684 3559 pacis
1717 3475 1885 3541 concordia
1917 3476 2055 3542 tractari

537 3579 653 3661 possit,
688 3582 719 3642 et
752 3576 985 3642 caduceatores
1018 3599 1091 3642 suos
1122 3578 1166 3644 od
1194 3581 1297 3645 sedem
1328 3580 1537 3664 apostolicam
1566 3580 1787 3663 transmitiot;
1820 3580 2055 3646 commendatur

541 3682 571 3746 ei
592 3703 713 3766 quoque
735 3681 779 3748 od
800 3682 883 3747 idem
898 3685 1055 3765 negotium
1069 3685 1275 3751 tractandum
1297 3686 1449 3768 magister
1466 3683 1654 3752 Guilielmos
1677 3685 1715 3749 de
1738 3684 1901 3762 Pacatula,
1924 3684 2054 3750 nuntius

1197 3789 1398 3874 apostolicus.

1488 3893 1761 3970 Aoioione,1345
1787 3893 1930 3960 Octobris
1953 3896 2005 3961 18.

651 4099 822 4165 Carissimo
846 4102 878 4165 in
901 4099 1028 4167 Christo
1044 4098 1108 4165 filio
1123 4100 1271 4180 iohanni,
1294 4101 1363 4185 regi
1379 4101 1507 4167 Boemie
1524 4102 1649 4166 illustri.
1673 4100 1839 4167 Relatibus
1851 4102 2051 4185 percepimus

544 4202 724 4287 fidedignis‚
759 4205 843 4286 quod
866 4205 982 4270 dudum
1007 4206 1090 4270 inter
1111 4210 1154 4285 te,
1189 4207 1354 4271 carissime
1373 4204 1428 4287 fili,
1452 4227 1491 4271 ex
1515 4226 1577 4272 una
1607 4212 1698 4290 parte
1721 4211 1754 4271 et
1783 4226 1809 4271 c.
1840 4207 1872 4271 in
1896 4205 1952 4272 (lh.
1976 4207 1998 4273 f.
2021 4227 2051 4272 n.

542 4309 749 4388 Kazimimm,
772 4328 879 4393 regem
911 4310 1041 4376 Polonie
1070 4310 1235 4391 illustrem,
1267 4329 1306 4377 ex
1337 4310 1438 4376 altera
1469 4311 1655 4394 periculosis
1686 4311 1937 4376 dissensionibus
1959 4311 2051 4377 hoste

542 4418 734 4496 procurante
747 4413 885 4479 ‘humani
907 4416 1034 4497 generis
1050 4416 1212 4480 suscitatis
1228 4421 1262 4480 et
1277 4434 1316 4482 ex
1331 4415 1395 4482 illis
1410 4435 1595 4500 guerrarum
1610 4416 1705 4481 motis
1721 4415 1901 4495 insultibus,
1923 4416 2051 4481 taudem

541 4518 633 4583 bonis
656 4519 734 4584 uiris
756 4519 970 4584 mediantibus
993 4525 1026 4584 et
1047 4519 1259 4585 tractantibus
1282 4521 1366 4586 inter
1395 4539 1452 4586 uos
1474 4522 1608 4588 invicem
1638 4527 1751 4604 treuge
1773 4521 1861 4604 pacis
1884 4539 2050 4603 represen-

540 4627 647 4687 tantes
672 4624 839 4706 imaginem
862 4625 987 4688 omissis
1009 4643 1194 4707 guerrarum
1217 4623 1397 4691 huiusmodi
1419 4626 1598 4691 fremitibus
1621 4626 1699 4690 inite
1722 4625 1860 4705 fuerunt,
1884 4644 1984 4707 usque
2010 4625 2051 4690 ad

539 4726 659 4792 festum
681 4728 768 4793 beati
791 4728 923 4794 Martini
945 4735 1113 4794 venturum
1136 4731 1278 4812 proximo
1290 4730 1314 4814 ¹)
1340 4730 1499 4796 durature.
1531 4730 1649 4796 Verum
1673 4730 1749 4812 quia
1771 4734 1955 4813 treugarum
1979 4748 2051 4814 prc-

540 4832 697 4897 dictarum
720 4832 875 4897 terminus
898 4833 1139 4916 appropinquat,
1163 4853 1220 4899 nos
1244 4839 1402 4914 verentes,
1426 4834 1509 4918 quod
1525 4841 1598 4917 post
1612 4834 1736 4918 lapsum
1760 4835 1902 4900 eiusdem
1924 4834 2052 4900 termini

539 4937 643 5003 hostis
666 4936 802 5018 predicti
825 4936 951 5002 malicia
984 4938 1157 5021 instigante
1186 4943 1221 5003 tu
1252 4944 1284 5004 et
1313 4958 1370 5004 rex
1401 4937 1564 5023 prodictus
1593 4938 1634 5005 ad
1657 4938 1847 5007 offensiones
1868 4946 1996 5005 mutuas
2018 4944 2052 5004 et

538 5041 675 5107 hostiles
699 5058 897 5124 congressus,
931 5060 971 5106 ex
1000 5042 1114 5124 quibus
1144 5041 1252 5125 lapsus
1281 5062 1397 5123 rerum,
1433 5043 1557 5109 excidia
1587 5062 1793 5127 personarum
1819 5049 1853 5109 et
1874 5045 2050 5110 animamm

538 5146 678 5211 amariam
709 5144 903 5228 deploranda
933 5146 1076 5229 pericula
1110 5148 1338 5231 innumeraque
1369 5148 1433 5214 alia
1462 5168 1527 5214 non
1555 5147 1650 5214 facile
1679 5148 1857 5233 reparanda
1884 5147 2051 5233 dispendia

538 5251 630 5334 sequi
654 5255 794 5332 possent,
817 5252 1067 5335 prorumperetis
1088 5253 1161 5317 hinc
1181 5253 1264 5332 inde,
1282 5253 1510 5336 cupientesque
1527 5253 1708 5319 huiusmodi
1731 5253 1943 5337 dispendiosis
1966 5254 2048 5336 peri·

539 5356 622 5421 culis
645 5354 768 5419 obviari
791 5353 963 5421 salubriter
985 5361 1019 5420 et
1040 5362 1149 5422 mutue
1172 5358 1260 5441 pacis
1283 5363 1317 5422 et
1329 5358 1460 5423 unitatis
1483 5357 1594 5424 federa
1616 5359 1699 5424 inter
1720 5379 1778 5424 vos
1793 5358 1927 5424 invicem
1950 5357 2050 5423 refor-

537 5460 628 5542 mari,
652 5458 877 5525 excellenciam
899 5480 1047 5543 rogamus
1069 5463 1189 5545 regiam
1212 5466 1245 5526 et
1268 5463 1300 5527 in
1323 5462 1448 5527 domino
1471 5463 1630 5529 attencius
1653 5463 1865 5542 exhortamur,
1893 5469 2049 5546 quatenus

536 5565 704 5649 premissis
726 5569 761 5629 et
781 5564 863 5644 aliis,
887 5583 949 5647 que
971 5566 1059 5648 regie
1082 5567 1333 5633 consideracioni
1356 5568 1440 5633 circa
1462 5586 1501 5633 ea
1523 5573 1656 5651 possunt
1679 5587 1856 5648 occurrere,
1879 5567 2049 5650 diligenter

536 5670 672 5737 attentis
706 5670 748 5735 ad
776 5670 957 5736 huiusmodi
990 5691 1100 5755 pacem
1131 5678 1164 5738 et
1187 5672 1396 5752 concordiam,
1419 5674 1634 5757 pretenuissis
1668 5675 1801 5740 omnino·
1828 5673 2048 5756 congressibus

535 5775 672 5858 bellicis,
697 5775 835 5842 animum
857 5777 980 5860 regium
1003 5776 1152 5844 abilitaus
1175 5783 1209 5843 et
1238 5778 1409 5862 disponens
1431 5785 1562 5864 treugas
1584 5780 1673 5847 inire
1703 5800 1774 5848 cum
1796 5797 1871 5864 rege
1894 5778 2047 5863 predicto,
