5184 7050
660 869 726 936 ato

653 1074 789 1140 'oonsilio
818 1078 861 1139 'aa
894 1073 1068 1157 apostolice
1096 1072 1301 1156 plenitudine
1326 1066 1628 1155 potestatis'a'iure
1650 1060 1687 1136 aa
1710 1071 1911 1136 subieccione
1933 1068 2090 1153 'predictis
2110 1086 2158 1150 per

657 1175 715 1245 nos
738 1185 916 1261 exemptam
949 1176 1091 1254 totaliter
1109 1181 1157 1254 et
1190 1175 1259 1241 sedi
1292 1175 1466 1259 apostolice
1500 1175 1681 1242 immediate
1715 1175 1899 1254 subiectam,
1933 1175 1965 1239 in
1997 1172 2158 1238 ecclesian

658 1281 931 1368 metropolitanam
954 1281 1137 1346 duxerimus
1160 1279 1352 1362 erigendam,
1369 1281 1470 1362 ipsam
1490 1280 1644 1363 dignitate
1667 1285 1699 1344 et
1721 1279 1910 1345 auctoritate
1932 1276 2160 1360 metropolitica

571 1370 574 1377 ¹
658 1386 880 1453 nichilominus
904 1387 1099 1453 decorando:
1123 1386 1184 1451 fuit
1205 1385 1297 1451 nobis
1320 1403 1377 1468 pro
1399 1389 1491 1468 parte
1514 1383 1656 1450 eiusdem
1678 1384 1762 1468 regis
1784 1385 1990 1454 instanteset
2005 1384 2161 1456 humiliter

658 1492 880 1576 supplicatum,
903 1496 940 1556 ut
961 1491 1145 1569 concedere,
1168 1491 1253 1571 quod
1285 1507 1378 1572 reges
1408 1489 1548 1566 Boemic,
1572 1490 1626 1570 qui
1649 1487 1780 1571 aranti)
1803 1491 1843 1555 de
1869 1497 1987 1571 cetero,
2020 1494 2097 1560 dum
2127 1497 2160 1560 ad

659 1596 747 1678 regni
777 1595 912 1679 predicti
943 1594 1176 1660 successionem
1206 1612 1261 1659 eos
1290 1593 1460 1677 contigerit
1482 1593 1641 1671 devenire,
1665 1611 1722 1659 sue
1744 1595 1923 1661 huiusmodi
1947 1598 2114 1665 unccionis
2135 1607 2162 1665 st

659 1699 889 1784 coron[aoionis
919 1699 1084 1782 solemnia]
1097 1701 1122 1783 ο1
1151 1699 1191 1764 de
1222 1698 1367 1764 manibus
1389 1697 1619 1781 archiepiscopi
1642 1697 1820 1782 Progensis,
1843 1701 1898 1782 qui
1921 1702 1985 1767 erit
2006 1722 2066 1787 pro
2090 1710 2162 1769 tem-

657 1824 745 1889 pore,
770 1806 914 1888 recipere
936 1804 1072 1882 valeant,
1096 1809 1129 1875 et
1150 1803 1234 1869 idem
1258 1802 1516 1885 archiepiscopus
1538 1802 1610 1867 illas
1633 1801 1680 1866 eis
1702 1803 1804 1884 possit
1824 1803 1993 1888 deinceps.
2000 1811 2161 1892 perpetuis

657 1909 773 1976 futuris
789 1909 985 1990 temporibus
1000 1907 1194 1990 impendere,
1210 1905 1264 1990 [de
1280 1907 1477 1988 benignitate
1492 1905 1681 1990 apostolica]
1693 1910 1720 1986 ⁴¹)
1743 1909 1954 1991 dignaremur.
1978 1912 2047 1978 Nos
2071 1915 2163 1997 igitur

660 2013 893 2079 deliberacione
924 2014 1034 2095 previa
1064 2016 1097 2076 et
1125 2016 1250 2076 matura
1280 2029 1377 2092 super
1406 2010 1468 2074 biis
1497 2010 1608 2074 habita
1638 2030 1676 2074 ex
1707 2013 1804 2078 certis
1834 2015 1938 2080 causis
1961 2035 2020 2082 nos
2044 2017 2086 2082 ad
2108 2018 2161 2083 hec

659 2117 892 2184 racionabiliter
914 2116 1137 2183 inducentibus
1159 2113 1387 2196 supplicacioni
1410 2114 1589 2179 huiusmodi
1613 2115 1778 2198 benignius
1794 2118 1946 2198 inclinati,
1963 2121 2049 2202 quod
2066 2122 2163 2187 archi·

660 2224 828 2305 episuopus
843 2222 1022 2305 Prageusis,
1039 2221 1092 2302 qui
1109 2224 1159 2284 est
1174 2219 1285 2284 eterit
1300 2238 1357 2300 pro
1371 2225 1524 2300 tempore,
1541 2220 1680 2301 graciam
1695 2225 1728 2285 et
1751 2223 2000 2289 communionem
2023 2226 2162 2291 eiusdem

660 2327 835 2409 apostoliae
869 2326 955 2391 sedis
988 2325 1118 2402 babens,
1152 2343 1244 2406 reges
1273 2323 1435 2405 predictas
1463 2323 1604 2402 Boemie,
1636 2324 1668 2388 iu
1699 2324 1761 2390 fide
1783 2346 1820 2391 ac
1843 2328 2017 2394 devocione
2040 2330 2163 2412 prefate

661 2431 803 2496 Murano
826 2430 962 2496 ecclesie
984 2429 1203 2512 persistentes,
1223 2445 1303 2509 quos
1321 2428 1363 2493 ad
1385 2428 1616 2492 successionem
1632 2430 1740 2494 venire
1756 2431 1925 2514 contigerit
1939 2433 2163 2517 supradictam,

660 2537 812 2618 inungere
845 2555 882 2600 ac
917 2552 1067 2599 coronare
1102 2551 1172 2596 cum
1206 2532 1400 2596 solennitate
1433 2531 1543 2597 debita
1576 2532 1690 2612 valeat,
1723 2532 1850 2617 ipsique
1884 2553 1978 2618 reges
2000 2540 2163 2621 perpetuis

659 2639 777 2706 futuris
798 2636 994 2720 temporibus
1017 2635 1161 2701 solennia
1183 2636 1379 2701 inuucciouis
1410 2640 1444 2699 et
1477 2636 1694 2702 coronacionis
1727 2637 1909 2705 huiusmodi
1943 2639 1983 2706 de
2017 2642 2163 2708 manibus

659 2743 761 2827 ipsius
785 2740 1015 2824 archiepiscopi
1036 2740 1149 2805 devote
1165 2741 1288 2823 possint
1303 2740 1457 2824 recipere,
1474 2740 1665 2806 auctoritate
1679 2741 1824 2825 predicta
1837 2748 1949 2809 tenore
1962 2745 2163 2827 presencium

659 2847 870 2930 indulgemus.
893 2844 981 2911 Nulli
1004 2863 1079 2927 ergo
1088 2847 1114 2926 ⁰)
1138 2844 1263 2909 omnino
1277 2843 1440 2909 hominum
1456 2844 1552 2910 liceat
1567 2844 1649 2910 hauc
1663 2846 1811 2928 paginam
1826 2853 1935 2913 nostre
1949 2851 2164 2917 concessionis

661 2951 833 3034 infringere
855 2949 903 3016 vel
928 2950 957 3014 ei
982 2968 1062 3014 ausu
1084 2950 1254 3014 temerario
1278 2949 1447 3013 contraire.
1493 2949 1527 3014 Si
1550 2949 1621 3030 quis
1644 2953 1750 3015 autem
1772 2949 1832 3016 hoc
1865 2956 2063 3035 attemptare
2096 2974 2163 3037 pre·

660 3054 842 3138 sumpserit,
865 3053 1116 3137 indignacionem
1140 3053 1365 3135 omnipotentis
1382 3051 1434 3116 dei
1450 3057 1483 3117 et
1497 3053 1662 3118 beatorum
1678 3055 1765 3120 Petri
1781 3059 1815 3119 et
1829 3055 1932 3134 Pauli,
1948 3059 2162 3138 apostolorum

660 3161 740 3239 eius,
772 3178 807 3224 se
837 3158 961 3223 noverit
990 3158 1201 3222 incursurum.
1247 3158 1285 3221 1).
1317 3157 1475 3221 duiniouc
1506 3157 1556 3222 III
1589 3176 1660 3223 nou.
1693 3158 1772 3223 Maii
1801 3177 1831 3241 p.
1863 3159 1929 3243 ns)
1960 3180 1991 3225 a.
2015 3164 2161 3230 secundo.

763 3374 902 3444 Originale
920 3375 948 3428 in
966 3373 1085 3428 archivio
1105 3389 1127 3426 c.
1145 3390 1167 3426 r.
1186 3372 1274 3427 aulico
1292 3370 1497 3426 vindobonensi
1524 3378 1689 3427 asservatur.
1725 3372 1875 3430 Clementis
1893 3373 1931 3429 Vl
1949 3374 1982 3429 V.
2003 3382 2054 3432 rut
2073 3377 2091 3430 l.
2111 3384 2158 3432 26³

660 3478 686 3516 u.
714 3468 788 3516 1085.
816 3493 848 3501 —
879 3461 929 3515 Ed.
957 3460 1098 3528 Balbinus,
1124 3460 1304 3515 Miscellanea
1331 3457 1389 3512 dec.
1417 3460 1428 3512 1
1457 3458 1474 3511 l.
1499 3458 1562 3513 Vlli
1588 3476 1614 3528 p.
1640 3465 1682 3527 38,
1708 3459 1792 3514 CDM.
1818 3459 1869 3515 Vll
1892 3478 1920 3515 n.
1938 3468 1998 3531 ott,
2017 3461 2105 3518 BBM.
2128 3465 2163 3518 lv

659 3566 685 3604 n.
712 3555 787 3603 1101.
822 3549 886 3619 Bag.
912 3549 939 3602 in
965 3549 1056 3603 Vatilr.
1080 3548 1174 3602 Aktea
1198 3565 1223 3601 n.
1250 3553 1326 3599 uisi.
1351 3578 1384 3585 —
1410 3553 1434 3609 Ι)
1451 3546 1587 3612 ,Clemens
1614 3577 1645 3586 -
1670 3546 1724 3602 dei‘
1749 3548 1828 3603 deest
1850 3550 1878 3603 in
1903 3552 1933 3605 v.
1959 3549 1984 3617 b)
2010 3556 2109 3618 ,amu
2132 3553 2161 3606 v,

659 3640 686 3703 ο)
711 3637 741 3707 []
767 3637 795 3691 in
814 3634 940 3705 originali
958 3635 1065 3702 lacuna,
1079 3634 1236 3703 suppletam
1255 3649 1289 3687 ex
1303 3633 1334 3686 V.
1363 3634 1386 3698 ¹¹)
1407 3630 1437 3702 [l
1456 3633 1553 3687 lacuna
1572 3632 1599 3685 iu
1619 3633 1752 3702 originali,
1772 3636 1929 3704 suppletura
1942 3654 1977 3692 ex
1989 3637 2022 3693 V.
2050 3645 2075 3705 0)
2093 3639 2163 3693 loco:

659 3722 779 3789 ,omniuo
798 3753 830 3761 -
850 3721 1031 3776 incursurum‘
1050 3721 1175 3789 sequitur
1193 3723 1261 3787 ,etc‘
1280 3720 1308 3773 in
1327 3720 1358 3773 V.
1395 3722 1418 3786 f)
1438 3719 1620 3788 ,pontificatus
1645 3722 1741 3777 uostri‘
1765 3722 1845 3779 deest
1867 3724 1895 3778 in
1914 3723 1947 3782 V.
1968 3754 2001 3764 -
2021 3726 2042 3789 ¹)
2062 3724 2162 3794 suppli·

661 3810 733 3864 catio
751 3809 805 3864 ista
823 3824 877 3863 uon
896 3814 939 3863 eat
956 3814 1074 3877 reperta

1310 4127 1513 4135 —-—

658 4342 754 4408 394.
772 4339 914 4418 Carolus,
933 4337 1074 4403 marcbr'o
1090 4338 1265 4417 Maraaiae,
1283 4338 1515 4421 prinmperu'tas
1528 4340 1612 4420 rapis
1628 4338 1807 4413 Bobeaiae,
1822 4337 1994 4422 supplicat,
2009 4344 2162 4422 qautenus

652 4443 822 4524 j'amr'lr'arr'
854 4464 910 4506 sao
948 4444 1038 4506 Paro
1071 4443 1109 4506 dc
1144 4443 1236 4520 l’r'au,
1269 4442 1380 4507 clerico
1416 4442 1617 4508 Cluiarcaasr's
1646 4441 1788 4516 daorsis,
1818 4442 1922 4526 nepoti
1949 4442 2163 4525 patriarchae

659 4547 899 4631 Aquileyr'crar's,
923 4547 961 4610 de
982 4546 1138 4629 barreficr’is
1162 4546 1195 4609 ia
1216 4545 1327 4610 beatae
1349 4547 1478 4611 rllarr'ae
1503 4546 1541 4610 de
1565 4547 1739 4627 Idayoneta,
1760 4546 1868 4611 sancti
1888 4545 2051 4614 Jotaaaia
2073 4548 2159 4611 Dea·

659 4650 795 4733 (lupata,
817 4652 923 4715 serrati
943 4650 1139 4733 Jobaaaisp
1172 4650 1289 4733 Delpla
1320 4672 1359 4715 ac
1388 4650 1495 4715 sancti
1519 4650 1606 4714 Patri
1639 4649 1677 4713 de
1698 4651 1796 4716 Serra
1829 4649 2009 4731 ecclesiis,¹l
2036 4649 2163 4716 damnis

659 4754 821 4819 ababa
843 4753 1017 4835 vulgariter
1039 4754 1241 4838 rauncapatr's,
1257 4755 1454 4820 Lectoreasr's
1476 4753 1618 4831 diocesis,
1640 4775 1797 4818 summam
1817 4756 1863 4821 40
1884 4753 2044 4820 labramm
2070 4757 2162 4821 aare

660 4859 804 4923 rrerrsr‘am
846 4879 907 4922 noa
947 4858 1173 4938 eaedentibus,
1211 4858 1247 4922 ia
1282 4858 1376 4923 caria
1390 4929 1393 4934 ,
1409 4859 1556 4922 Romana
1588 4878 1648 4939 par
1680 4862 1823 4948 mortem,
1844 4855 2005 4937 Aracaeli,
2040 4860 2163 4940 fratris

660 4962 798 5026 eiusdem
815 4963 912 5038 I'etrr,
930 4962 1124 5042 racaatr'bas,
1142 4962 1362 5047 provideatur.
1386 4962 1471 5041 ,mat
1495 4962 1526 5026 R
1525 5011 1632 5028 .....
1658 4962 1700 5028 D.
1720 4960 1878 5027 Auroram
1893 4961 1942 5027 VI
1957 4961 2001 5029 ia.
2026 4962 2114 5029 aaa
2135 4984 2163 5027 a.

1333 5065 1489 5132 saoaada‘

1657 5169 1821 5252 Aulaioaa,
1842 5169 1932 5237 1344
1952 5169 2043 5238 Matr·
2063 5173 2117 5239 10.

755 5375 912 5466 ‘Clementis
931 5411 968 5465 Vl
981 5412 1008 5467 S.
1021 5412 1076 5481 illu
1088 5417 1126 5478 (4)
1138 5412 1157 5466 1.
1169 5414 1238 5466 339'.
1252 5444 1285 5452 -
1300 5417 1323 5477 Ι)
1335 5410 1520 5479 ,Dauduycluu
1533 5411 1621 5467 sancti
1639 5411 1785 5467 lohannis‘
1804 5410 1894 5481 suppl.
1913 5410 1943 5466 iu
1961 5413 2087 5483 margine
2096 5414 2125 5469 S.
2137 5445 2169 5455 -

661 5500 680 5565 ¹)
701 5498 747 5555 ubi
766 5498 856 5554 dictae
875 5498 1007 5555 wlcaiw
1025 5499 1184 5567 axismraut,
1203 5513 1302 5553 eruero
1320 5515 1375 5552 ooo
1394 5497 1479 5566 potui.
