5184 7050
546 857 607 936 158

543 1078 636 1144 259.
667 1077 796 1141 Alberto
818 1078 976 1160 quondum
999 1076 1155 1141 Bohuslar'
1177 1078 1215 1141 de
1237 1079 1340 1142 Litico
1358 1078 1544 1160 providetur
1565 1077 1603 1141 de
1632 1077 1776 1159 beneficio
1798 1081 1952 1142 vocaturo
1980 1098 2051 1141 eum

541 1180 590 1244 ool
618 1182 688 1245 siae
717 1203 805 1257 curo,
837 1182 881 1246 od
912 1180 1108 1246 collationem
1137 1182 1285 1265 episcopi,
1316 1181 1429 1245 decani
1458 1185 1488 1244 el
1517 1180 1651 1263 capitoli
1677 1181 1848 1261 Pragensis
1878 1185 2050 1263 spectante.

1119 1286 1235 1349 Famae
1257 1288 1293 1348 art
1315 1286 1350 1350 ἐκ
1371 1305 1402 1350 n.
1426 1287 1478 1351 76.

613 1437 620 1510 Ι
648 1368 685 1508 ὲ
1448 1455 1612 1534 samm,
1638 1459 1722 1523 1342
1744 1456 1931 1523 soom
1952 1459 2007 1521 rr.

587 1523 629 1579 ,X
657 1525 700 1579 X.

648 1668 686 1731 D.
710 1666 731 1732 1.
755 1667 897 1745 Alberto‚
921 1674 996 1732 nato
1020 1667 1177 1749 quondam
1201 1667 1356 1732 Babuslai
1380 1668 1419 1731 de
1442 1665 1566 1744 Lutiez,
1590 1666 1741 1731 canonico
1768 1666 1905 1731 ecclesie
1927 1666 2052 1759 Wisse·

543 1771 711 1855 gradensis
740 1790 840 1854 prope
870 1772 1015 1853 Pragam‚
1047 1790 1072 1836 s.
1105 1776 1166 1836 etc.
1212 1772 1261 1837 Ex
1283 1776 1339 1835 tue
1373 1770 1554 1836 devocionis
1577 1775 1610 1835 et
1631 1771 1802 1853 probitatis
1823 1770 1972 1836 meritis.
1990 1821 1998 1834 .
2015 1820 2049 1835 ..

543 1874 696 1940 Volentes
726 1876 835 1957 itaque
864 1875 933 1953 tibi,
959 1876 991 1939 in
1014 1875 1196 1941 sacerdocio
1220 1876 1404 1951 constituto,
1427 1874 1609 1939 huiusmodi
1630 1894 1671 1940 m.
1695 1880 1719 1940 t.
1743 1894 1770 1941 o.
1794 1895 1823 1958 g.
1846 1874 1869 1940 f.
1893 1893 1930 1954 s,
1950 1875 2050 1940 bene-

543 1978 648 2044 ficium
679 1979 931 2044 ecclesiasticum
961 1998 1032 2044 cum
1065 1998 1141 2044 cura
1169 1980 1220 2044 vel
1252 1980 1320 2044 sine
1352 1997 1438 2057 cura,
1469 1979 1570 2043 eciam
1594 1980 1622 2045 si
1643 1978 1783 2044 officium
1806 1980 1934 2058 existat,
1958 1979 2052 2045 cuius

543 2084 676 2162 fructus,
692 2104 717 2147 r.
734 2089 823 2165 etp,
840 2084 867 2148 si
883 2102 954 2147 eum
970 2101 1055 2161 cura,
1072 2083 1293 2166 quadraginta,
1310 2084 1338 2147 si
1354 2101 1428 2147 vero
1449 2084 1519 2147 sine
1543 2102 1619 2148 cura
1642 2083 1748 2163 luerit,
1771 2084 1883 2167 viginti
1907 2084 2051 2165 quinque

543 2187 743 2254 marcharum
766 2188 930 2271 argentis.
948 2193 971 2253 t.
988 2188 1017 2251 d.
1034 2187 1175 2256 valorem
1197 2207 1338 2255 annuum
1360 2207 1423 2252 non
1445 2187 1610 2267 excedant,
1638 2188 1679 2253 ad
1703 2208 1731 2252 v.
1755 2188 1776 2253 f.
1800 2208 1830 2253 n.
1847 2238 1855 2253 .
1872 2188 2049 2271 ..episcopi

545 2293 578 2357 et
600 2291 651 2356 dd
674 2290 706 2357 ff.
730 2292 842 2357 decani
866 2297 899 2357 et
914 2292 1045 2375 capituli
1067 2290 1238 2375 pragensis
1261 2291 1476 2370 collacionem,
1500 2309 1597 2373 prov,
1620 2309 1704 2373 pres.
1727 2310 1785 2357 seu
1808 2312 1838 2375 q.
1861 2312 1890 2357 a.
1907 2292 1937 2356 d.
1954 2291 2050 2360 evol

545 2395 575 2459 d.
606 2396 770 2477 pertinens
786 2446 793 2460 .
812 2447 819 2460 .
836 2447 869 2460 ..
902 2395 1126 2461 conferendum
1155 2396 1215 2460 tibi
1230 2446 1238 2460 .
1256 2447 1263 2461 .
1281 2448 1288 2462 .
1307 2448 1313 2461 .
1346 2398 1376 2461 d.
1409 2415 1438 2460 a.
1471 2413 1695 2461 reservamus.
1713 2446 1720 2461 .
1738 2446 1746 2461 .
1763 2416 1789 2475 ,3
1822 2415 1884 2461 nou
1918 2397 2051 2461 obstan-

543 2499 653 2565 tibus.
672 2550 679 2564 .
697 2550 703 2564 .
722 2551 728 2565 .
754 2518 810 2565 seu
821 2502 847 2581 ⁸)
871 2500 954 2581 quod
978 2501 1199 2566 canonicatum
1223 2505 1256 2566 et
1270 2501 1464 2583 prebendam
1481 2500 1512 2564 in
1529 2499 1665 2564 eeclesia
1676 2498 1933 2584 wissegradensi
1948 2518 2051 2583 prope

545 2605 681 2688 Pragam
704 2605 845 2670 nosceris
868 2605 1035 2670 obtinere.
1053 2655 1060 2669 .
1078 2655 1110 2669 ..
1140 2607 1178 2670 D.
1202 2605 1362 2672 Auinione
1385 2605 1436 2671 III
1459 2604 1501 2669 id.
1524 2602 1713 2669 Novembris
1736 2623 1764 2670 a.
1789 2605 1939 2670 secundo.

541 2797 543 2801 .
647 2745 685 2810 In
709 2762 736 2808 e.
759 2762 800 2808 m.
824 2744 875 2809 dd.
899 2743 930 2809 ff.
948 2794 979 2809 ..
1004 2744 1253 2811 Waltzassensis
1277 2750 1310 2810 et
1326 2796 1358 2811 ..
1382 2746 1414 2809 in
1438 2744 1535 2823 Osek,
1560 2743 1804 2825 Ratisponensis
1828 2749 1860 2809 et
1875 2743 2051 2826 Pragensis

547 2847 730 2928 diocesium,
743 2849 1008 2914 monasteriorum
1024 2849 1192 2915 abbatibus
1208 2869 1279 2915 ac..
1305 2850 1439 2916 sacriste
1454 2848 1589 2913 ecclesie
1600 2847 1826 2913 Auiniouensis
1842 2865 1866 2913 s.
1883 2844 1975 2929 etos)
1987 2897 1995 2912 .
2006 2898 2013 2911 .
2023 2899 2049 2913 ..

544 2954 583 3019 Ι).
609 2959 644 3019 ut
667 2970 692 3016 s.

648 3106 797 3163 Clementis
815 3108 896 3161 VIA
914 3107 970 3177 Illo
988 3112 1044 3177 (71)
1062 3107 1080 3162 1.
1099 3109 1169 3176 376',
1187 3107 1222 3162 de
1240 3107 1380 3164 beneficiis
1398 3123 1460 3161 cum
1479 3122 1546 3161 cura
1563 3106 1605 3160 vel
1624 3106 1683 3161 sine
1701 3120 1767 3161 cura
1785 3105 1836 3160 sub
1855 3105 2050 3174 expectatione

545 3212 591 3264 qu.
609 3201 624 3248 2
639 3212 673 3247 =
686 3194 720 3248 V.
741 3198 789 3248 158
807 3193 826 3249 1.
844 3195 904 3248 287'
923 3212 951 3249 n.
968 3199 1028 3249 ⁶13.
1047 3225 1079 3234 -
1107 3194 1131 3261 ¹)
1151 3199 1302 3249 correctum
1321 3209 1354 3248 ex
1372 3196 1421 3262 ,se‘
1439 3195 1473 3250 A.
1501 3193 1525 3260 b)
1543 3193 1667 3263 sequitur
1684 3191 1873 3263 ‚apostolicam
1896 3190 2050 3247 benedicci-

545 3285 643 3350 onem‘,
661 3280 710 3337 sed
728 3281 907 3337 cancellatum
925 3284 959 3336 Δ.

1195 3476 1396 3483 ----...

545 3770 635 3836 260.
666 3771 776 3851 Hyaco
805 3768 843 3833 de
873 3768 1009 3834 Nocbod
1037 3769 1208 3854 supplicet,
1237 3773 1392 3852 quotenus
1421 3769 1492 3849 stoi,
1522 3769 1615 3833 acori
1636 3789 1713 3834 suae
1736 3769 1871 3852 Hedoipr'
1891 3773 1924 3833 et
1944 3773 2051 3854 nepoti

808 3874 954 3955 Hyacoai
976 3873 1014 3939 de
1037 3874 1230 3954 Rieserrburp
1252 3873 1395 3938 clivosae
1415 3873 1544 3955 oratioe
1567 3872 1784 3939 concedantar.

1448 4063 1611 4139 Ababa,
1633 4066 1720 4129 1343
1744 4064 1930 4130 Novembres
1954 4066 2006 4131 14.

652 4256 819 4339 Supplicat
841 4257 872 4322 S.
896 4256 933 4322 V.
959 4255 1070 4337 Hyneo
1093 4256 1132 4320 de
1155 4255 1297 4334 Nacbod‚
1321 4257 1397 4321 baro
1419 4257 1509 4336 regui
1531 4255 1671 4333 Boemie‚
1695 4261 1863 4337 quatenus,
1886 4275 1958 4320 oum
1982 4257 2049 4339 ipse

548 4361 702 4425 debonis
726 4362 793 4425 suis
816 4362 885 4426 dari
910 4361 1104 4425 ordinaverit
1125 4363 1217 4426 annis
1240 4361 1374 4444 singulis
1398 4360 1566 4424 conventui
1589 4358 1723 4423 fratrum
1747 4359 1866 4424 ordinis
1899 4359 2047 4426 Prodico·

545 4471 650 4530 torum
679 4466 711 4530 iu
742 4465 902 4530 suburbiis
932 4466 1030 4530 castri
1060 4465 1240 4543 Grecensis
1271 4464 1442 4546 Pragensis
1472 4464 1618 4542 diocesis,
1648 4470 1715 4528 tam
1746 4482 1804 4544 pro
1839 4463 2047 4529 luminaribus

546 4570 681 4634 ecclesie
704 4574 737 4634 et
759 4571 948 4635 necessariis
972 4569 1045 4634 aliis
1067 4569 1210 4634 eiusdem
1233 4569 1368 4634 ecclesie
1392 4569 1531 4649 ipsorum
1554 4566 1689 4632 fratrum
1709 4566 1900 4632 Xmarchas
1924 4569 2048 4651 argenti

545 4692 604 4755 per
633 4692 708 4737 suos
737 4673 872 4737 heredes
902 4676 935 4736 et
965 4691 1166 4737 successores
1198 4678 1379 4754 perpetuos,
1411 4677 1447 4736 ut
1477 4670 1656 4735 huiusmodi
1684 4689 1742 4734 sua
1764 4669 1926 4736 ordinacio
1950 4672 2047 4752 impo-

546 4783 666 4842 sterum
690 4775 916 4841 inviolabiliter
938 4775 1133 4854 observetur,
1157 4794 1227 4839 eam
1251 4777 1445 4841 auctoritate
1469 4775 1644 4856 apostolica
1667 4774 1839 4857 dignemini
1862 4773 2048 4839 confirmare

548 4886 580 4945 et
614 4881 691 4944 dare
725 4880 885 4962 aliquibus
920 4881 952 4944 in
986 4880 1156 4959 mandatis,
1191 4880 1275 4961 quod
1306 4880 1539 4944 ordinacionem
1569 4879 1748 4943 huiusmodi
1780 4897 1837 4961 per
1859 4878 1996 4943 heredes
2018 4885 2049 4942 et

547 5002 748 5050 successores
770 5002 855 5062 suos,
879 4984 919 5048 ad
943 5001 1023 5065 quos
1044 4984 1128 5049 bona
1151 5002 1210 5049 sua
1232 4986 1428 5064 pervenient,
1458 4983 1579 5048 faciant
1608 5003 1666 5065 per
1699 5000 1864 5048 censuram
1898 4981 2048 5048 eeclesia·

547 5090 660 5154 sticum
683 5088 816 5153 tirmiter
838 5089 1011 5168 observari,
1035 5106 1106 5154 cum
1129 5107 1191 5153 non
1214 5089 1416 5153 obstantibus
1439 5093 1471 5151 et
1494 5087 1647 5153 clausulis
1669 5086 1843 5168 oportunis.

650 5220 733 5301 Fiat,
758 5222 785 5285 si
807 5239 869 5285 non
892 5225 1050 5303 repugnat
1071 5218 1181 5301 regule
1205 5224 1237 5283 et
1261 5218 1545 5283 constitucionibus
1568 5217 1645 5282 dicti
1668 5217 1789 5283 ordinis
1811 5216 1848 5280 R.

650 5352 731 5417 Item
755 5351 926 5433 supplicat,
950 5354 1117 5432 quatenus,
1153 5369 1223 5413 cum
1254 5350 1324 5431 ipse
1355 5349 1394 5413 de
1424 5350 1514 5413 bonis
1544 5349 1682 5431 propriis
1706 5367 1800 5412 unam
1824 5347 1994 5413 ecclesiam
2017 5350 2047 5413 iu

547 5455 722 5533 Dubenetz,
753 5454 924 5537 Pragensis
959 5453 1105 5530 diocesis,
1139 5452 1281 5518 edificari
1315 5453 1415 5518 iaciat
1448 5471 1581 5534 eamque
1616 5452 1774 5517 dotaverit
1809 5451 1960 5516 decenter
1992 5470 2047 5534 pro

546 5559 783 5625 sustentacione
806 5557 983 5623 sacerdotis
1005 5557 1100 5620 unius
1122 5560 1155 5619 et
1177 5556 1283 5621 clerici
1308 5556 1348 5620 ad
1371 5555 1521 5620 honorem
1544 5561 1576 5620 et
1605 5555 1733 5620 laudem
1764 5555 1868 5619 sancti
1890 5555 2047 5621 Ventislai

547 5665 697 5742 martiris,
721 5663 891 5745 dignemini
913 5662 1118 5726 visitantibus
1148 5661 1281 5725 eandem
1316 5660 1482 5725 ecclesiam
1513 5662 1544 5724 in
1576 5661 1672 5725 cortis
1702 5660 1933 5725 festivitatibus
1964 5660 2047 5735 anni,

547 5768 587 5831 de
610 5768 725 5849 quibus
748 5767 777 5832 S.
802 5766 839 5830 V.
864 5764 1032 5843 videbitur,
1056 5764 1290 5847 indulgenciam
1325 5765 1464 5846 aliquam
1495 5764 1668 5830 concedere
1698 5766 1737 5829 de
1767 5764 1874 5846 gracia
1905 5762 2046 5845 speciali.
