5184 7050
1872 846 1935 911 ‘313

428 1045 496 1111 eius
512 1046 655 1112 salubria
677 1047 799 1114 monita
814 1053 847 1113 et
862 1048 1013 1113 mandata
1038 1049 1222 1131 suscipiatis
1239 1049 1352 1115 devote
1369 1055 1401 1113 et
1416 1049 1590 1114 efficaciter
1612 1050 1787 1132 adimplere
1804 1054 1932 1132 curetis

426 1152 471 1215 ita
502 1151 587 1232 quod
618 1158 727 1216 mutuo
758 1153 919 1217 intervos
950 1158 982 1217 et
1006 1153 1109 1234 ipsum
1144 1153 1313 1234 spirituale
1343 1155 1444 1234 possit
1475 1155 1638 1219 abundare
1648 1152 1690 1235 ⁴¹¹¹)
1724 1156 1874 1237 gaudium
1899 1163 1932 1221 et

426 1255 650 1340 prosperitatis
680 1260 790 1336 optate
821 1274 1011 1338 consurgere
1044 1257 1280 1334 incrementum,
1318 1258 1459 1339 alioquin
1491 1259 1695 1338 sentenciam,
1731 1279 1825 1341 quarn
1849 1261 1932 1325 idern

426 1359 549 1424 electus
579 1360 641 1423 rite
670 1360 784 1424 tulerit
812 1361 845 1424 in
867 1360 1014 1439 rebelles
1046 1366 1148 1424 ratam
1180 1361 1367 1425 babebimus
1398 1368 1431 1425 et
1460 1361 1614 1426 iaciemus
1645 1369 1775 1427 auctore
1806 1365 1931 1428 dorrrino

425 1482 527 1545 usque
550 1463 591 1527 ad
614 1463 871 1528 satisfaccionem
895 1465 1081 1547 condignam
1107 1465 1334 1531 inviolabiliter
1356 1465 1528 1529 observari.
1554 1467 1591 1530 D.
1617 1472 1652 1529 ut
1675 1487 1699 1532 s.

529 1621 566 1685 ln
590 1639 617 1684 e.
642 1638 681 1683 m.
706 1619 808 1699 dd.⁰‘)
831 1619 862 1686 ff.
886 1622 971 1685 clero
996 1622 1136 1687 civitatis
1153 1627 1185 1686 et
1201 1624 1338 1688 diocesis
1361 1625 1530 1705 Pragensis
1554 1642 1578 1688 s.
1595 1625 1697 1703 stell)
1722 1627 1758 1690 lu
1782 1646 1929 1707 supreme

423 1730 483 1789 etc.
520 1742 621 1805 usque
652 1725 909 1795 iucrernentassssl
955 1725 1112 1814 Quocirca
1145 1728 1346 1791 universitati
1380 1732 1485 1791 vestre
1516 1747 1572 1809 per
1603 1730 1778 1808 apostolica
1811 1733 1930 1813 scripta

422 1827 620 1905 mandamus,
644 1830 795 1909 quatinus
817 1828 921 1892 eidem
945 1829 1046 1913 electa
1069 1835 1221 1911 tanquam
1246 1832 1329 1912 patri
1354 1837 1386 1895 et
1405 1833 1526 1912 pastori
1551 1833 1727 1897 animarum
1751 1843 1928 1902 vestrarum

421 1931 587 1997 humiliter
619 1932 820 1996 intendentes
851 1952 888 1996 ac
912 1932 1099 1997 exhibentes
1130 1935 1158 1997 ei
1183 1934 1401 1998 obedienciam
1432 1940 1464 2000 et
1487 1937 1701 2000 reverenciam
1733 1937 1872 2004 debitam
1896 1945 1929 2004 et

422 2035 571 2101 devotam
602 2037 672 2101 eius
703 2036 846 2100 salubria
876 2037 995 2101 monita
1024 2043 1057 2101 et
1079 2038 1230 2102 mandata
1260 2039 1445 2119 suscipiatis
1476 2039 1589 2103 devote
1613 2045 1645 2105 et
1668 2039 1845 2106 efficaciter
1874 2045 1929 2108 ad-

421 2140 556 2221 implere
579 2141 708 2219 curetis,
733 2141 777 2203 ita
800 2139 883 2222 quod
907 2146 1016 2205 mutuo
1040 2142 1123 2205 inter
1145 2161 1202 2205 vos
1218 2149 1251 2206 et
1265 2143 1370 2222 ipsum
1393 2143 1561 2223 spirituale
1585 2145 1686 2224 possit
1710 2146 1874 2212 abundare
1885 2151 1926 2228 ll)

420 2244 573 2325 gaudium
604 2249 638 2308 et
660 2245 883 2326 prosperitatis
913 2249 1024 2326 optate
1055 2264 1244 2326 consurgere
1276 2246 1513 2324 incrementum,
1548 2247 1689 2328 alioquin
1721 2253 1926 2329 sentenciam,

421 2366 517 2428 quarn
543 2348 625 2412 idern
648 2348 772 2412 electus
795 2348 856 2412 rite
879 2348 990 2413 tulerit
1010 2349 1042 2411 in
1057 2348 1203 2426 rebelles,
1227 2354 1329 2413 ratam
1354 2349 1540 2413 habebimus
1564 2357 1597 2414 et
1619 2350 1773 2417 iaciemus
1796 2361 1927 2420 auctore

420 2452 547 2516 domiuo
571 2451 736 2533 usquead
760 2451 1015 2516 satisfaccionem
1039 2451 1226 2532 condignam
1251 2452 1477 2516 iuviolabiliter·
1500 2454 1672 2519 observari.
1699 2458 1736 2520 D.
1762 2462 1797 2521 ut
1820 2478 1845 2523 s.

526 2608 562 2673 lu
586 2627 613 2672 e.
638 2627 678 2672 m.
702 2607 785 2679 dd.¹¹t
809 2605 840 2670 ff.
866 2607 982 2687 populo
1005 2607 1147 2671 civitatis
1163 2613 1196 2671 et
1212 2608 1348 2671 diocesis
1372 2609 1542 2690 Pragensis
1559 2629 1583 2673 s.
1601 2609 1695 2691 etad)
1720 2613 1756 2676 In
1779 2631 1926 2694 supreme

422 2720 483 2778 etc.
509 2731 611 2793 usque
635 2712 907 2791 incrementare)
932 2711 1088 2788 Quocirca
1112 2711 1352 2774 universitatem
1377 2715 1514 2775 vestram
1538 2733 1686 2793 rogamus
1709 2722 1742 2780 et
1764 2717 1927 2783 hortamur·

419 2822 544 2883 attente
560 2837 618 2900 per·
633 2816 810 2899 apostolica
825 2815 916 2880 vobis
932 2817 1052 2897 scripta
1076 2815 1273 2892 mandantes,
1298 2816 1449 2895 quatinus
1465 2815 1598 2880 eundern
1616 2818 1751 2883 electum
1774 2824 1925 2903 tanquam

418 2929 544 3004 patrem
567 2926 600 2985 et
623 2929 783 3003 pastorem
814 2921 991 2989 animarum
1014 2924 1192 2984 vestrarum
1223 2920 1337 2983 ‹lerote
1368 2921 1580 3001 suscipientes
1603 2941 1640 2985 ae
1664 2922 1771 2989 debita
1800 2924 1925 2991 bonori-

419 3024 553 3089 ficencia
576 3031 807 3106 prosequentes
831 3024 900 3088 eius
924 3024 1054 3088 munitis
1077 3028 1109 3086 et
1124 3023 1284 3087 mandatis
1308 3023 1489 3088 salubribus
1512 3024 1674 3090 lrurniliter·
1697 3028 1923 3108 interrdatis,··¹·)

418 3130 464 3194 ita
488 3129 573 3210 quod
598 3128 714 3211 ipsein
731 3128 821 3193 vobis
844 3127 1025 3191 devocionis
1049 3127 1131 3191 lilios
1147 3131 1179 3190 et
1194 3146 1250 3191 vos
1267 3127 1498 3209 subsequenter
1514 3129 1545 3191 in
1562 3147 1599 3192 eu
1615 3137 1738 3210 patrem
1763 3132 1923 3198 invenisse

417 3233 600 3297 benivolum
623 3232 801 3315 gaudeatis.
827 3231 865 3296 D.
890 3236 925 3295 ut
948 3249 972 3294 s.

523 3374 560 3438 lu
583 3391 611 3436 e.
635 3391 674 3435 rn.
699 3371 751 3435 dd.
775 3370 806 3436 ii.
830 3371 987 3435 universis
1019 3369 1168 3433 vassallis
1199 3370 1334 3433 ecclesie
1365 3370 1536 3451 Pragensis
1559 3390 1583 3436 s.
1609 3376 1669 3436 etc.
1716 3374 1753 3437 ln
1775 3392 1921 3455 supreme

416 3484 478 3543 etc.
505 3495 607 3558 usque
631 3476 835 3540 incrementa.
880 3475 1036 3552 Quocirca
1060 3474 1260 3538 universitati
1285 3479 1391 3538 vestre
1415 3493 1471 3555 per
1494 3476 1670 3558 apostolica
1693 3478 1812 3559 scripta
1836 3499 1923 3543 ruan-

416 3584 542 3660 damus,
566 3582 717 3663 quatinus
740 3579 875 3643 curulem
899 3577 1034 3642 electum
1054 3597 1110 3658 pro
1128 3583 1236 3641 nostra
1253 3583 1286 3640 et
1302 3578 1476 3659 apostolice
1500 3579 1585 3643 sedis
1608 3582 1791 3645 reverencia
1814 3583 1922 3648 debita

416 3684 664 3751 honorificeneia
694 3690 924 3765 prosequentes
955 3683 983 3745 ei
1015 3682 1200 3745 tidelitateru
1232 3682 1359 3746 solitam
1389 3701 1510 3746 necnon
1541 3690 1693 3747 consueta
1723 3688 1857 3750 servicia
1889 3696 1921 3753 et

417 3792 489 3856 iura
521 3790 581 3854 sibi
613 3789 745 3852 arobis
776 3787 884 3851 debita
914 3786 1064 3850 exhibere
1095 3788 1216 3867 integre
1251 3787 1418 3865 studeatis,
1454 3788 1593 3869 alioquin
1629 3791 1823 3854 sentenciam
1854 3794 1921 3856 sive

416 3913 543 3976 penam,
567 3910 663 3973 quarn
687 3890 768 3955 idern
792 3890 914 3953 clectus
937 3892 998 3954 rite
1018 3889 1130 3953 tulerit
1153 3889 1202 3953 vel
1225 3892 1377 3954 statuerit
1393 3893 1424 3955 in
1440 3891 1585 3969 rebelles,
1609 3897 1712 3955 ratam
1735 3893 1921 3961 babebimus

419 4003 451 4062 et
474 3998 628 4063 iaciemus
658 4001 789 4059 auctore
820 3994 945 4057 domino
980 4012 1080 4076 usque
1111 3994 1151 4056 ad
1183 3995 1438 4060 satisfaccionem
1474 3996 1659 4077 condignam
1694 3997 1922 4064 inviolabiliter

418 4100 591 4167 observari.
617 4101 654 4163 D.
679 4103 714 4162 ut
737 4116 762 4161 s

520 4239 559 4304 Iu
581 4258 608 4303 e.
632 4256 672 4301 nr.
688 4256 736 4301 vv.
754 4235 785 4300 il.
809 4236 966 4301 universis
990 4235 1200 4318 suffraganeis
1224 4236 1359 4301 ecclesie
1382 4238 1552 4318 Pragensis
1575 4257 1599 4302 s.
1625 4244 1685 4302 etc.
1711 4239 1748 4304 ln
1772 4259 1918 4322 supreme

419 4349 476 4407 etc.
501 4360 604 4424 usque
627 4342 830 4406 incrementa.
878 4341 1033 4417 Quocirca
1056 4341 1258 4405 universitati
1284 4345 1389 4404 vestre
1411 4359 1470 4422 per
1492 4342 1667 4422 apostoliea
1690 4346 1810 4425 scripta
1832 4366 1920 4411 man·

421 4448 541 4525 damus,
569 4445 720 4526 quatinus
742 4444 844 4508 cidem
869 4443 970 4506 electo
992 4449 1144 4524 tanquam
1168 4446 1308 4508 membra
1332 4446 1429 4525 capiti
1453 4445 1665 4526 obsequentes
1688 4449 1866 4515 exhibeatis
1889 4454 1919 4516 ei

418 4549 633 4615 obedienciam
656 4551 690 4611 et
710 4548 926 4611 reverenciam
957 4547 1097 4612 debitam
1128 4554 1160 4611 et
1183 4548 1340 4627 devotam,
1372 4550 1416 4612 ita
1446 4549 1529 4630 quod
1561 4556 1670 4615 mutuo
1703 4553 1863 4618 intervos
1886 4560 1919 4618 et

417 4655 518 4735 ipsum
551 4654 660 4735 gracia
694 4656 803 4736 gratos
837 4652 994 4715 sorciatur
1024 4649 1156 4716 (illectus
1186 4657 1219 4716 et
1250 4655 1357 4733 nos⁰⁰)
1381 4652 1583 4717 devocionenr
1614 4659 1751 4720 vestram
1786 4659 1918 4739 proinde

416 4760 578 4823 valcamus
601 4756 705 4838 dignis
728 4757 760 4820 irr
784 4755 909 4820 domino
932 4755 1081 4820 laudibus
1105 4757 1334 4820 commendare.
1360 4758 1398 4821 D.
1423 4762 1458 4820 ut
1481 4776 1505 4822 s.

517 4896 553 4961 lu
577 4913 605 4959 e.
628 4914 668 4958 nr.
693 4914 720 4959 c.
744 4895 775 4957 in
799 4892 856 4959 Cb.
880 4894 901 4958 f.
925 4892 1075 4972 Johanni,
1105 4895 1172 4975 regi
1196 4895 1326 4959 Boemie
1350 4896 1477 4973 illustri,
1508 4915 1533 4959 s.
1558 4902 1617 4960 etc.
1664 4897 1699 4961 ln
1724 4916 1830 4963 amore
1853 4902 1916 4965 vir·-

413 5006 515 5066 tutum
536 5005 570 5063 et
585 4997 734 5080 operibus
758 4999 901 5062 caritatis
925 4999 1017 5062 decet
1039 4997 1259 5062 celsitudinem
1282 4999 1402 5080 regiam
1425 4999 1535 5064 haberi
1559 5002 1707 5066 continuo
1731 5003 1915 5083 studiosam,

413 5106 548 5170 inarime
572 5121 642 5166 curn
665 5121 705 5167 ex
723 5102 785 5167 biis
808 5103 917 5184 procul
942 5102 1038 5167 dubio
1062 5102 1285 5166 retribucionis
1309 5107 1418 5167 eterne
1440 5102 1584 5166 bravium
1600 5111 1633 5168 ot
1648 5106 1786 5170 humane
1809 5107 1915 5171 laudis

414 5209 597 5290 preconium
621 5207 814 5287 acquiratur.
853 5208 963 5288 Nuper
986 5206 1142 5288 siquidem
1166 5210 1226 5270 etc.
1251 5225 1352 5287 usque
1375 5208 1578 5271 incrementa.
1625 5208 1704 5274 Cum
1729 5213 1847 5293 itaquo,
1870 5212 1915 5276 tili

412 5313 587 5388 carissime,
619 5311 661 5374 sit
684 5311 812 5375 virtutis
835 5329 914 5392 opus
938 5310 988 5374 dei
1020 5312 1182 5375 ministros
1204 5329 1241 5374 ac
1264 5312 1432 5391 presertim
1463 5311 1637 5391 pontificali
1664 5314 1820 5396 dignitate
1843 5336 1915 5397 pre-

410 5417 492 5481 ditos
516 5414 653 5496 benignu
685 5412 795 5477 favore
818 5415 965 5495 prosequi
990 5434 1025 5478 ae
1050 5433 1105 5478 eos
1129 5415 1233 5478 verbis
1256 5420 1289 5477 et
1312 5414 1461 5496 operibus
1493 5435 1550 5497 pro
1573 5418 1658 5498 regis
1689 5419 1789 5481 eterni
1813 5418 1913 5497 gloria

408 5519 566 5597 venerari,
601 5518 806 5581 serenitatem
837 5519 957 5599 regiam
989 5536 1136 5600 rogamus
1166 5522 1199 5581 et
1229 5517 1392 5583 lrortaruur
1426 5524 1557 5598 attente,
1592 5523 1743 5601 quatinus
1777 5521 1911 5585 eundem

407 5624 545 5689 electum
560 5621 741 5701 dictamque
760 5621 950 5702 Progensern
966 5623 1145 5700 ecclesiam,
1169 5641 1325 5687 succure
1349 5625 1556 5703 commissam,
1580 5624 1701 5689 babens
1725 5644 1781 5708 pro
1805 5626 1912 5690 divina

407 5735 438 5792 ct
453 5725 631 5809 apostolice
654 5724 740 5788 sedis
757 5729 938 5791 reverencia
961 5727 1151 5807 propensius
1175 5728 1419 5805 ronunendatos,
1443 5729 1544 5791 eidem
1569 5730 1670 5792 eleeto
1694 5730 1778 5793 circa
1803 5749 1912 5793 manu-
