5184 7050
1879 889 1940 953 211

426 1093 530 1158 lacere
553 1092 719 1175 assignari,
742 1097 862 1157 ettam
886 1091 1129 1158 olomucensem
1153 1098 1186 1158 et
1208 1094 1542 1159 Luthonrusselensem
1565 1094 1718 1160 ecclesias
1742 1100 1774 1159 et
1797 1095 1940 1178 ipsarum

427 1196 572 1260 civitates
603 1216 698 1278 qrrarn
726 1196 969 1263 olomucensem
1001 1215 1123 1262 necnon
1153 1197 1309 1279 prefatam
1340 1198 1442 1262 eidem
1474 1198 1768 1263 huthomussulensi
1799 1200 1937 1264 ecclesie
1996 1218 1999 1225 ’

427 1300 648 1382 assignandam
678 1300 830 1366 diocesim
860 1319 983 1366 exnunc
1010 1302 1112 1383 ipsius
1142 1303 1312 1381 Pragensis
1343 1302 1478 1366 ecclesie
1509 1301 1723 1383 suffraganeas
1746 1304 1841 1367 etde
1864 1323 1936 1386 pro-

428 1404 533 1468 vincia
556 1405 708 1486 Pragensi
735 1405 967 1487 imperpetuum
990 1405 1057 1471 lore
1081 1405 1279 1470 decemimus
1304 1410 1336 1470 et
1360 1406 1420 1470 iuri
1443 1406 1677 1488 metropolitico
1708 1407 1881 1471 subicimus
1905 1416 1937 1474 et

428 1509 589 1573 subiectas
621 1508 688 1573 inre
718 1509 864 1574 volumus
894 1509 1133 1592 archiepiscopo
1165 1510 1327 1592 Pragensi,
1363 1510 1416 1591 qui
1447 1509 1509 1573 erit
1539 1529 1596 1591 pro
1619 1515 1772 1591 ternpore,
1807 1517 1839 1574 et
1862 1513 1938 1577 Pra-

425 1613 515 1694 gensi
539 1611 676 1677 ecclesie
698 1618 882 1691 memorate,
907 1614 1085 1692 ecclesiam,
1109 1613 1269 1678 civitatem
1287 1617 1320 1677 et
1336 1613 1488 1677 diocesim
1512 1613 1753 1678 (llomucensem
1778 1634 1797 1679 a
1819 1621 1936 1681 metro·

426 1716 567 1798 politicis
582 1716 813 1799 archiepiscopi
830 1721 862 1781 et
878 1718 1013 1783 ecclesie
1030 1717 1215 1800 Magantine
1234 1717 1449 1800 predictorum
1465 1737 1586 1782 necnon
1602 1717 1938 1784 Luthornusselensem

425 1820 593 1886 ecclesiam
623 1825 656 1884 et
679 1820 840 1886 civitatem
873 1823 1014 1904 prefatas
1043 1841 1082 1886 ac
1112 1822 1264 1887 diocesim
1293 1822 1324 1886 ei
1355 1826 1391 1885 ut
1422 1820 1618 1903 premittitur
1647 1823 1868 1904 assignandam
1898 1825 1938 1889 ab

425 1924 578 1990 ordinarii
593 1927 620 2007 g)
652 1925 728 1989 olim
759 1926 929 2008 Pragcnsis
960 1926 1101 2008 episcopi
1132 1944 1253 1989 necnon
1287 1925 1474 1989 dilectorum
1504 1924 1640 1990 tiliorum
1672 1927 1803 2008 capituli
1836 1929 1937 2009 ipsius

425 2029 596 2111 Pragensis
628 2029 764 2095 ecclesie
786 2049 823 2094 ac
847 2029 989 2112 qualibet
1003 2029 1029 2105 ll
1061 2030 1254 2112 prelatorum
1286 2034 1320 2094 et
1349 2030 1481 2111 capituli
1511 2030 1671 2113 generalis
1705 2030 1781 2095 dicti
1813 2031 1933 2096 ordinis

424 2134 658 2212 iurisdiccione,
690 2134 893 2199 subieccione
916 2153 954 2198 ac
978 2135 1115 2200 dominio
1144 2153 1275 2217 prorsus
1306 2135 1472 2199 eximimus
1499 2135 1689 2199 auctoritate
1712 2154 1749 2198 ac
1772 2135 1812 2199 de
1835 2136 1935 2217 pleni-

423 2237 536 2303 tudine
563 2238 764 2320 supradictis.
810 2239 878 2303 Hec
902 2238 999 2318 igitur
1021 2257 1079 2320 per
1100 2239 1276 2320 apostolice
1307 2238 1392 2303 sedis
1415 2238 1620 2320 prudenciam
1644 2245 1676 2303 et
1699 2239 1934 2320 providenciam

424 2342 687 2424 circumspectam
721 2343 768 2407 sic
790 2342 876 2407 facta
909 2342 1083 2406 salubriter
1112 2349 1145 2407 et
1168 2342 1292 2407 utiliter
1322 2342 1468 2407 ordinata
1498 2343 1662 2423 perpetuis
1693 2360 1765 2406 esse
1794 2343 1935 2407 valitura

424 2445 623 2527 temporibus
647 2452 681 2510 et
703 2446 800 2511 robur
822 2446 983 2511 simultatis
1007 2446 1204 2511 inmutabilis
1227 2445 1372 2511 obtinere
1395 2446 1549 2524 volentes,
1573 2447 1767 2511 auctoritate
1789 2447 1934 2529 predicta

425 2549 608 2614 districcius
632 2549 820 2629 inhibemus,
844 2569 884 2614 nc
900 2551 982 2632 quis,
1007 2550 1484 2632 cuiuscunquepreeminencie,
1508 2549 1637 2628 ordinis,
1661 2550 1856 2615 condicionis
1877 2557 1934 2617 aut

424 2658 540 2731 status,
571 2653 672 2718 eciam
696 2654 724 2718 si
747 2654 1012 2736 archiepiscopali
1044 2658 1100 2718 aut
1122 2654 1298 2735 episcopali
1330 2672 1386 2718 seu
1416 2654 1505 2735 rogia
1535 2654 1584 2718 vel
1607 2654 1721 2718 maiori
1752 2654 1932 2737 prefulgeat

424 2757 592 2840 dignitate,
621 2758 803 2823 huiusmodi
827 2758 1047 2823 ordinaciones
1079 2758 1271 2838 apostolicas
1295 2762 1328 2822 et
1351 2758 1415 2822 alia
1446 2757 1631 2838 supradicta
1662 2759 1774 2840 quovis
1805 2759 1931 2839 quesita

425 2862 530 2926 colore
553 2862 603 2925 vel
628 2861 719 2926 modo
751 2863 818 2927 sive
850 2881 948 2927 causa
970 2862 1020 2926 vel
1045 2863 1211 2927 extensione
1242 2862 1386 2944 qualibet
1416 2863 1587 2927 adimentis
1617 2862 1746 2927 turbare
1777 2881 1833 2927 seu
1856 2882 1934 2943 quo·

424 2964 598 3029 modolibet
633 2965 786 3047 impedire
820 2971 993 3046 presumat,
1028 2972 1060 3031 et
1093 2965 1317 3031 nichilominus
1348 2967 1380 3031 in
1411 2985 1475 3043 eos
1511 2967 1565 3047 qui
1600 2985 1637 3030 ex
1673 2971 1761 3031 certa
1794 2965 1933 3030 sciencia

424 3070 617 3135 contrarium
656 3075 849 3151 attemptare
885 3071 1148 3153 presumpserint,
1187 3070 1248 3134 nisi
1291 3070 1374 3134 infra
1412 3075 1483 3134 octo
1521 3070 1644 3134 dierum
1678 3070 1820 3152 spacium
1857 3076 1932 3150 post

424 3172 676 3255 publicationem
699 3176 899 3255 presencium
926 3176 1129 3257 resipuerint,
1162 3194 1231 3239 curn
1255 3174 1369 3240 ellectu
1394 3174 1731 3239 excommunicacionis
1754 3192 1875 3239 necnon
1900 3177 1931 3240 in

424 3278 664 3356 universitates,
686 3283 791 3342 terras
806 3283 839 3342 et
855 3279 924 3343 loca
948 3297 1055 3343 eorum
1080 3278 1241 3343 interdicti
1257 3298 1295 3342 ac
1313 3278 1454 3359 capitula
1470 3282 1503 3341 et
1519 3281 1692 3342 conventus
1716 3297 1773 3342 seu
1797 3277 1931 3360 collegia

425 3381 646 3464 suspensionis
673 3382 854 3445 sentencias
878 3382 917 3446 de
939 3383 1093 3464 predictis
1122 3382 1315 3447 auctoritate
1338 3386 1371 3446 et
1393 3381 1525 3446 consilio
1555 3381 1803 3463 promulgamus,
1827 3400 1846 3445 a
1868 3401 1932 3463 qrra

421 3485 550 3568 quidem
575 3486 739 3551 sentencia
770 3486 1107 3552 excommunicacionis
1137 3486 1194 3565 illi,
1228 3486 1282 3568 qui
1307 3504 1376 3550 earn
1407 3485 1606 3563 incurrerint,
1637 3484 1761 3549 nonnisi
1786 3505 1843 3568 per
1867 3485 1928 3551 Rc·

421 3608 550 3654 manum
573 3589 754 3671 pontificem
777 3596 981 3672 preterquam
1004 3591 1037 3654 in
1059 3592 1170 3656 mortis
1194 3590 1328 3655 articulo
1353 3589 1567 3654 absolucinnis
1589 3588 1778 3655 beneficium
1802 3591 1930 3655 valeant

422 3692 578 3772 obtinere,
613 3694 820 3759 decernentes
854 3695 979 3759 irritum
1013 3701 1046 3760 et
1076 3696 1179 3772 inane,
1214 3695 1241 3759 si
1277 3714 1370 3760 secus
1405 3712 1501 3775 super
1534 3694 1698 3776 premissis
1729 3713 1929 3776 aquoquam

422 3797 536 3877 quavis
559 3798 752 3862 auctoritate
776 3799 915 3863 scienter
929 3799 979 3862 vel
995 3800 1179 3881 ignoranter
1194 3799 1362 3881 contigerit
1381 3800 1574 3879 attemptari.
1600 3798 1688 3863 Nulli
1704 3817 1779 3882 ergo
1802 3800 1928 3864 omnino

423 3899 584 3966 hominum
612 3900 710 3966 liceat
731 3901 814 3966 hauc
835 3902 985 3985 paginam
1008 3908 1187 3967 nostrarum
1210 3905 1460 3984 exenrpcionum,
1483 3902 1696 3981 liberacionis,
1719 3903 1928 3981 ereccionum,

424 4003 646 4083 subicccionis,
679 4005 865 4085 voluntatis,
901 4006 1101 4071 inhibicionis
1136 4011 1169 4070 et
1199 4007 1465 4071 constitucinnum
1500 4006 1672 4088 iufringere
1703 4005 1753 4070 vel
1785 4007 1813 4071 ei
1849 4025 1928 4070 ausu

423 4109 593 4173 temerario
618 4109 785 4174 contraire.
832 4111 863 4176 Si
889 4110 960 4192 quis
984 4115 1090 4174 autem
1115 4111 1174 4175 hoc
1197 4115 1389 4192 attemptare
1412 4111 1653 4192 presumpserit,
1677 4110 1928 4192 indignacionem

425 4213 650 4293 omnipotentis
673 4213 725 4278 dei
749 4218 782 4277 et
804 4214 970 4279 beatorum
993 4214 1080 4279 Petri
1101 4220 1134 4280 et
1151 4214 1252 4293 Pauli,
1277 4214 1492 4294 apostolorum
1516 4214 1595 4294 cius,
1619 4233 1654 4278 se
1677 4215 1800 4279 noverit
1823 4215 1927 4279 incur·

425 4331 541 4381 surum.
571 4316 610 4381 D.
634 4316 792 4382 Aninione
815 4318 848 4383 II
871 4318 935 4383 kal.
961 4317 1040 4383 Maii
1063 4338 1093 4400 p.
1118 4338 1147 4382 n.
1160 4321 1179 4400 ¹)
1204 4338 1232 4383 a.
1257 4318 1406 4382 secundo.

524 4539 663 4606 originale
675 4540 703 4593 in
717 4556 892 4609 pergameno,
910 4558 971 4595 cum
984 4542 1059 4595 bulla
1077 4540 1206 4609 plumbea
1221 4540 1370 4595 Clementis
1389 4557 1479 4610 papae
1492 4541 1530 4596 VI
1543 4542 1570 4594 in
1584 4541 1630 4595 lilo
1649 4542 1746 4609 serico,
1761 4541 1790 4595 in
1806 4543 1925 4597 archivio

422 4625 533 4693 capituli
562 4627 765 4695 metropolitani
792 4628 952 4696 Prageusis;
980 4629 1058 4682 cuius
1085 4628 1177 4682 variae
1203 4628 1337 4682 lectiones
1366 4627 1408 4681 hic
1435 4645 1485 4696 per
1512 4632 1574 4687 ,tn-f
1593 4627 1771 4696 designantur
1790 4630 1927 4699 [Alterum

423 4712 554 4780 originale
573 4714 600 4767 in
619 4713 739 4769 archivio
753 4731 775 4768 c.
789 4730 809 4767 r.
824 4716 913 4769 aulico
932 4714 1136 4769 l'indobonensi
1156 4717 1334 4786 asservatur.)
1353 4715 1538 4784 Registratum
1556 4716 1583 4769 iu
1603 4715 1751 4769 Clementis
1771 4717 1808 4769 Vl
1826 4719 1858 4770 Α.
1872 4718 1929 4786 llll

423 4804 476 4864 (74)
500 4800 521 4853 1.
538 4802 686 4854 414-414'
711 4817 738 4854 n.
757 4805 816 4867 tol,
836 4800 1005 4856 diversarum
1024 4802 1172 4857 formarum
1191 4820 1235 4872 qu.
1260 4809 1288 4855 ll
1309 4822 1342 4855 :
1361 4802 1392 4854 V.
1414 4809 1462 4855 162
1482 4802 1499 4855 l.
1518 4809 1569 4856 235
1582 4821 1607 4857 n.
1621 4809 1679 4856 651.
1691 4835 1723 4842 -
1737 4805 1787 4859 Ed.
1804 4805 1929 4864 Goldasb

422 4885 647 4954 Supplcmentum
666 4895 788 4941 actorum
807 4888 986 4956 publicorum,
1006 4907 1031 4957 p.
1051 4895 1100 4942 ⁶277
1123 4907 1149 4943 n.
1167 4896 1210 4957 30,
1229 4890 1263 4944 ad
1283 4907 1308 4945 a.
1329 4896 1402 4954 1313,
1422 4889 1751 4958 Balbinus-Miscellanea,
1764 4892 1821 4946 dec.
1833 4892 1846 4944 1
1860 4891 1876 4945 l.
1890 4892 1926 4946 vl

422 4989 447 5040 p.
465 4978 508 5038 36,
527 4982 596 5028 extr.
616 4990 660 5043 ap.
680 4974 792 5028 Dobner
810 4975 897 5028 Mllu.
923 4975 960 5027 ll'
980 4993 1006 5044 p.
1025 4983 1074 5028 311
1102 4993 1129 5029 n.
1160 4981 1216 5042 175,
1244 4976 1328 5030 CllM.
1359 4976 1410 5029 Vll
1437 4993 1461 5028 u.
1491 4980 1549 5040 sta,
1577 4975 1663 5030 RBM.
1690 4978 1727 5030 lV
1752 4997 1778 5032 n.
1801 4984 1873 5032 1398.
1894 5010 1925 5018 -

420 5064 447 5125 ·)
474 5060 610 5126 ,Clemens
636 5092 668 5100 -
693 5060 747 5114 dei‘
774 5060 853 5115 deest
880 5062 907 5115 in
937 5064 967 5114 h.
1005 5064 1032 5126 ¹r)
1059 5063 1225 5132 ,loquuntur
1253 5065 1286 5116 Α.
1314 5069 1336 5127 τ)
1364 5062 1582 5130 ,protenduntur‘
1606 5063 1651 5117 Or.
1679 5064 1703 5129 d)
1723 5063 1801 5119 deest
1824 5066 1852 5119 in
1871 5066 1926 5132 Or,

422 5147 578 5215 suppletum
592 5150 672 5200 exd.
699 5150 723 5212 ⁰)
737 5149 928 5217 ,metropolitc‘
941 5149 985 5203 Or.
1007 5150 1032 5215 f)
1045 5151 1183 5218 ,suscepit
1197 5152 1229 5203 Α.
1257 5155 1282 5216 s)
1294 5149 1460 5215 ,ordinariis‘
1472 5150 1506 5202 A.
1533 5150 1558 5216 ΙΙ1
1570 5150 1711 5219 ,quolibet
1724 5151 1769 5205 Or.
1798 5154 1927 5221 ¹),ponti·

422 5232 516 5289 ficatru
536 5234 634 5288 nostri‘
653 5233 732 5288 deest
750 5233 778 5287 in
797 5236 830 5288 A.
