5184 7050
544 822 610 891 580

545 1033 665 1099 1034.
701 1029 882 1096 Rornrcoido
916 1030 1095 1096 stennone
1126 1033 1314 1112 conceditur,
1349 1040 1384 1098 nt
1414 1056 1484 1099 curu
1513 1059 1570 1100 sec
1595 1038 1752 1120 personis,
1785 1059 1869 1119 quos
1901 1038 2061 1119 eligendus

610 1134 747 1214 duxerit,
771 1133 958 1218 Sepulcrum
982 1136 1184 1202 Dorninicnm
1207 1142 1237 1201 ct
1258 1137 1329 1202 aiio
1350 1137 1419 1204 locu
1443 1143 1548 1204 tcrroc
1569 1144 1702 1206 sanctae
1722 1141 1858 1207 oiaitrne
1877 1142 1995 1225 possit.

1456 1330 1619 1411 Acinionc,
1645 1333 1729 1399 1348
1754 1331 1942 1398 Nemone
1964 1336 2018 1401 30.

650 1519 689 1582 D.
713 1517 735 1582 f.
758 1516 856 1582 nobili
879 1517 946 1582 viro
981 1516 1161 1583 Ramvoldo
1196 1519 1391 1600 Stoschonis,
1415 1522 1581 1587 domicello
1611 1522 1878 1589 Bratislaniensis
1911 1524 2055 1601 diocesis

546 1642 572 1688 s.
596 1628 656 1688 etc.
679 1622 748 1688 Tne
771 1622 953 1686 devocionis
976 1622 1177 1704 exigentibus
1199 1624 1321 1689 meritis
1344 1626 1427 1690 votis
1449 1627 1547 1705 tuis·)
1566 1625 1703 1691 libenter
1725 1628 1897 1692 annuimus
1920 1633 1953 1692 et
1977 1629 2053 1710 peti-

545 1727 653 1792 ciones
675 1731 748 1791 tuas
773 1726 804 1790 in
819 1725 891 1804 hiis,
909 1743 971 1807 que
986 1725 1121 1790 honeste
1136 1725 1291 1807 postulas,
1308 1734 1460 1810 qnantum
1476 1748 1546 1795 cum
1563 1730 1621 1795 deo
1637 1748 1816 1814 possumne,
1832 1731 2054 1797 favorabiliter

545 1829 742 1896 exaudimus.
788 1828 867 1895 Cum
891 1829 1009 1912 itaque,
1033 1830 1116 1894 sicut
1138 1830 1245 1894 oblate
1275 1831 1367 1896 nobis
1399 1838 1455 1896 tue
1485 1835 1653 1915 peticionis
1676 1835 1777 1900 series
1801 1836 1998 1915 continebat,
2020 1842 2051 1901 tu

546 1935 615 2002 zelo
638 1936 690 2018 pie
697 1931 725 2016 b)
748 1934 929 1999 devocionis
951 1952 1104 2000 accensus
1124 1933 1333 2016 Sepulchrum
1349 1936 1549 2002 Dominicum
1564 1945 1598 2004 et
1613 1938 1677 2004 alia
1691 1941 1831 2005 oratoria
1846 1945 1936 2005 terre
1951 1948 2055 2007 sancte

545 2059 616 2107 cnm
639 2038 765 2105 decenti
789 2039 936 2104 comitiva
958 2038 1122 2104 desideras
1145 2039 1357 2121 personaliter
1380 2041 1528 2107 visitare:
1560 2061 1617 2108 nos
1639 2044 1704 2109 tuis
1727 2044 1760 2109 in
1783 2043 1844 2110 hac
1869 2051 1964 2128 parte
1987 2064 2054 2129 sup

545 2144 773 2229 plicacionibus
796 2142 949 2221 inclinati,
973 2144 1057 2225 quod
1080 2143 1283 2226 sepulchrum
1308 2151 1341 2209 et
1364 2144 1427 2210 alia
1447 2148 1585 2212 oratoria
1602 2148 1785 2230 supradicta
1810 2168 1883 2214 cnm
1908 2169 1965 2217 sex
1989 2170 2053 2232 pcr-

547 2249 634 2315 sonis
657 2247 832 2328 catholicis,
856 2266 936 2330 quas
960 2248 999 2313 ad
1023 2248 1082 2313 hoc
1105 2248 1234 2313 ‹luxen's
1258 2248 1465 2332 eligendas,⁶)
1498 2252 1739 2335 quibuscunque
1774 2254 2052 2335 prohibicionibns,

548 2353 832 2419 constitucionibus
856 2357 889 2417 et
910 2353 1114 2436 processibus
1137 2371 1196 2435 per
1211 2352 1319 2418 sedem
1336 2354 1543 2437 apostolicam
1559 2357 1591 2421 in
1607 2358 1799 2423 contrarium
1816 2358 1924 2437 iactis,
1940 2358 2051 2423 habitis

546 2476 603 2525 seu
620 2458 719 2522 eciam
736 2456 953 2539 promulgatis,
970 2475 1071 2540 penas
1087 2461 1120 2522 et
1135 2458 1316 2522 sentencias
1339 2459 1524 2539 spirituales
1543 2466 1577 2525 et
1592 2462 1785 2551 temporales
1809 2464 2051 2539 continentibus,

546 2580 745 2644 nequaquam
770 2562 980 2640 obstantibus,
1009 2581 1047 2627 ex
1072 2580 1169 2627 causa
1200 2562 1342 2643 predicta
1372 2563 1482 2628 valeas
1505 2565 1635 2630 visitare
1660 2564 1811 2647 illaqueb
1834 2565 2052 2631 nichilominus

544 2674 580 2733 tu
604 2667 730 2748 etipse
753 2683 888 2747 persone
918 2684 975 2747 pro
1006 2665 1185 2732 huiusmodi
1217 2667 1403 2731 visitacione
1434 2667 1559 2733 deleme
1589 2688 1625 2734 ac
1656 2671 1757 2734 eciam
1789 2670 1956 2752 exhibere,
1989 2672 2049 2735 sinc

545 2771 660 2854 quibus
683 2770 974 2852 per'egn'nacionem
996 2769 1174 2835 huiusmodi
1200 2770 1374 2853 adimplere
1399 2789 1459 2835 non
1477 2773 1623 2852 possetis
1641 2772 1808 2838 dummodo
1832 2777 1903 2855 tu‘)
1924 2781 1958 2840 et
1973 2775 2049 2839 dicte

544 2893 681 2960 persone
702 2875 742 2940 ad
767 2879 876 2956 partes
900 2873 970 2941 illas
992 2873 1081 2939 nulla
1103 2875 1168 2939 alia
1193 2873 1345 2939 deieratis
1367 2875 1418 2939 vel
1442 2874 1560 2940 deferri
1583 2875 1719 2957 faciatis,
1736 2896 1799 2960 que
1824 2878 1856 2943 in
1878 2873 2046 2962 proiectum

545 2980 595 3046 vel
618 2979 757 3045 favorem
780 2979 919 3045 hostium
942 2979 1018 3045 fidei
1033 2978 1204 3045 christiane
1221 2977 1400 3043 redundare
1415 2979 1552 3060 valeant,
1569 2979 1661 3062 tibii)
1682 2987 1715 3046 et
1730 2982 1853 3047 eisdem
1860 2985 1888 3065 ¹¹)
1912 2982 2047 3066 personis

545 3084 736 3151 anctoritate
759 3086 959 3167 presencium
989 3083 1197 3167 indulgemus.
1243 3082 1331 3148 Nulli
1362 3102 1437 3166 ergo
1468 3089 1529 3149 etc.
1560 3090 1667 3150 nostre
1697 3089 1916 3153 concessionis
1948 3087 2047 3152 irrfrin·

544 3206 622 3273 gere
645 3194 705 3255 etc.
731 3190 770 3254 D.
796 3189 952 3255 Aninione
975 3189 1007 3255 Il
1032 3187 1094 3253 kal.
1120 3187 1308 3254 Decembris
1332 3206 1360 3251 a.
1385 3189 1528 3271 septimo.

650 3343 799 3399 Clementis
817 3343 855 3397 Vl
873 3345 906 3398 A.
927 3341 1006 3414 vnn
1026 3344 1080 3412 (99)
1099 3342 1117 3396 l.
1136 3343 1206 3407 262',
1225 3342 1259 3396 de
1275 3341 1400 3409 indultis,
1413 3342 1565 3413 privilegiis
1579 3352 1605 3397 et
1617 3342 1874 3413 dispensationibus
1888 3362 1934 3416 qu.
1947 3354 1964 3400 ³
1979 3364 2006 3398 :
2018 3345 2044 3397 ι’.

548 3436 595 3485 18⁷
609 3428 627 3484 i.
640 3432 700 3484 341'
714 3447 741 3484 n.
754 3436 812 3484 871.
835 3460 863 3469 -
892 3435 915 3495 ¹)
934 3429 1024 3498 suppl.
1043 3429 1071 3483 in
1091 3444 1173 3497 marn.
1187 3427 1218 3482 V.
1246 3431 1270 3495 b)
1289 3428 1353 3497 ,pio‘
1372 3428 1402 3482 V.
1430 3436 1452 3491 e)
1471 3430 1596 3500 sequitur
1607 3433 1660 3498 ,et‘‚
1674 3429 1725 3485 sed
1738 3432 1852 3486 cancell.
1865 3432 1898 3485 V.
1926 3436 1950 3499 d)
1968 3431 2040 3497 ,illus-

545 3523 608 3588 que‘
626 3518 659 3573 V.
687 3517 740 3586 qr)
759 3517 849 3588 suppl.
870 3532 954 3588 supra
971 3515 1004 3572 V.
1030 3521 1055 3586 s)
1075 3534 1143 3572 corr.
1163 3534 1198 3571 ex
1216 3516 1357 3584 ,eiusdem‘
1376 3516 1407 3571 V.

545 3920 667 3987 1035.
692 3919 873 3984 Romuoldo
896 3917 1076 3984 Stoscironis
1098 3923 1128 3983 ct
1149 3940 1205 3983 sca
1223 3919 1379 4002 personis,
1404 3940 1474 3985 curis
1507 3920 1619 4003 quibus
1642 3920 1830 4005 Sepulcrum
1854 3921 2040 3986 Deceleicum

546 4024 680 4090 visitare
700 4022 785 4104 colit,
808 4023 987 4089 conceditur
1010 4022 1163 4088 absolutio
1188 4024 1287 4107 plenu
1318 4026 1353 4090 in
1375 4025 1486 4090 mortis
1508 4024 1653 4090 articulo.
1693 4025 1807 4089 Fonnn
1831 4031 1869 4088 ut
1892 4025 1925 4089 in
1948 4047 1976 4090 n.
1997 4026 2041 4092 65,

604 4130 641 4146 ““
1138 4128 1270 4194 nemetis
1292 4129 1466 4195 mutuandis.

601 4200 641 4391 Ξ
1453 4249 1615 4329 Acinionc,
1639 4253 1726 4317 1348
1748 4250 1937 4316 Novembris
1957 4255 2007 4318 30.

653 4427 691 4491 Ι).
715 4428 735 4492 f.
761 4426 856 4490 nobili
880 4426 946 4490 viro
970 4424 1152 4490 Ranrvoldo
1175 4423 1394 4504 Schaschonis,
1418 4425 1584 4490 dornicello
1607 4426 1885 4492 Wratislauicusis
1908 4426 2041 4492 diocesis.

546 4551 571 4596 s.
595 4537 655 4597 etc.
678 4531 788 4613 Exigit
811 4536 942 4612 paterne
965 4530 1146 4595 devocionis
1169 4527 1312 4607 affectus
1344 4548 1405 4611 quo
1437 4548 1494 4594 nos
1521 4537 1554 4593 et
1576 4530 1748 4595 Romanunm
1771 4515 1940 4596 ecclesiam
1963 4549 2039 4596 reve·

546 4636 636 4714 reris,
663 4643 698 4699 ut
720 4635 897 4717 peticiones
919 4640 992 4700 tuas
1023 4633 1093 4698 illas
1124 4635 1302 4716 presertim,
1327 4652 1389 4716 quc
1419 4635 1593 4699 animarum
1622 4634 1760 4700 salutem
1792 4637 1977 4717 respiciunt,
2007 4633 2040 4697 ad

545 4739 760 4805 exaudicionis
782 4740 923 4822 graciam
947 4739 1160 4804 admittamus.
1187 4737 1266 4803 Cum
1281 4739 1390 4820 itaque
1407 4738 1500 4803 hodie
1523 4740 1582 4802 tibi
1604 4758 1662 4820 per
1684 4747 1811 4804 nostras
1828 4742 1908 4805 certi
1931 4740 2039 4804 teucris

542 4843 666 4910 litteras
683 4843 865 4909 duxerimus
881 4841 1115 4925 indulgendum,
1132 4850 1168 4908 ut
1183 4842 1391 4924 Sepulchrum
1411 4844 1611 4908 Dominicum
1627 4850 1660 4908 et
1674 4843 1738 4908 alia
1752 4845 1824 4909 loca
1838 4851 1926 4909 terre
1942 4851 2039 4910 sancte

544 4965 615 5012 cum
638 4965 695 5012 sex
718 4948 865 5030 personis
888 4947 1061 5026 catholicis,
1085 4966 1164 5029 quas
1188 4948 1317 5012 duxeris
1340 4947 1513 5030 eligendas,
1537 4948 1668 5012 visitare
1691 4947 1821 5012 valcas:
1845 4950 1912 5013 tuis
1934 4947 2041 5030 suppli-

543 5052 724 5118 cacionibus
748 5051 898 5130 inclinati,
923 5055 959 5115 ut
982 5051 1144 5117 confessor
1166 5052 1311 5129 idoneus,
1346 5070 1439 5133 quem
1466 5057 1500 5116 tu
1525 5055 1557 5116 et
1579 5052 1722 5133 quelibet
1751 5070 1960 5134 personarum
1981 5071 2041 5135 pre

544 5157 702 5222 dictarum
725 5156 881 5221 duxeritis
904 5155 1092 5238 eligendum,
1124 5156 1261 5220 onmium
1296 5161 1501 5237 peccatorum
1524 5161 1702 5220 vestrorum
1726 5206 1733 5220 .
1757 5207 1764 5220 .
1790 5207 1798 5222 .
1822 5207 1830 5222 .
1854 5156 2039 5240 suffragetur.

542 5258 630 5328 Nulli
653 5279 728 5343 ergo
752 5265 812 5325 etc.
836 5266 944 5325 nostre
968 5261 1181 5326 concessionis
1196 5265 1229 5324 et
1244 5260 1417 5325 voluntatis
1438 5260 1610 5341 infringere
1626 5264 1685 5324 etc.
1711 5260 1750 5324 Ι).
1767 5262 1926 5328 Aninione
1941 5261 1972 5327 Il
1986 5257 2037 5325 hal.

543 5364 729 5431 Decembris
753 5384 781 5429 a.
806 5366 950 5447 septimo.

650 5502 799 5557 Clementia
817 5501 856 5556 Vl
875 5505 907 5555 Α.
927 5500 1002 5571 vnn
1026 5505 1081 5566 (99)
1101 5502 1119 5555 s.
1138 5507 1196 5556 2⁴31.
1216 5501 1250 5553 dc
1268 5500 1390 5568 indultis,
1403 5501 1553 5571 privilegiis
1567 5510 1594 5556 et
1608 5502 1863 5571 dispensationibus
1882 5520 1926 5573 qu.
1944 5499 2037 5558 ³:5-

545 5595 593 5642 187
613 5589 630 5642 i.
651 5591 710 5643 slo'
730 5605 756 5643 n.
776 5593 835 5643 869.
855 5589 905 5642 Ed.
923 5587 1053 5652 Theiner,
1073 5588 1131 5641 MP.
1151 5588 1163 5641 1
1183 5605 1208 5641 n.
1227 5593 1285 5641 684.
