5184 7050
1973 810 2036 874 219

522 1014 606 1082 solus
629 1015 793 1082 dumtaxat
817 1022 986 1099 precentor
1008 1017 1167 1083 obtineret
1191 1025 1261 1100 post
1285 1015 1464 1083 installatos
1488 1015 1657 1098 predictos,
1685 1016 1766 1082 alias
1787 1037 1960 1098 verorum
1984 1037 2038 1082 eos

522 1141 591 1186 omn
607 1121 743 1204 prelatis
759 1121 891 1204 prelatis
907 1130 940 1187 et
963 1122 1087 1187 clericis
1110 1123 1238 1187 minime
1261 1140 1450 1186 concurrere
1473 1121 1505 1186 in
1528 1120 1643 1186 divinis
1667 1123 1879 1206 contingeret,
1900 1122 2037 1187 mansio-

523 1227 605 1290 narii
622 1225 767 1307 predicti,
780 1226 904 1291 scilicet
919 1226 1006 1292 chori
1023 1227 1127 1291 dextri
1143 1227 1319 1305 duodecim,
1338 1231 1524 1307 precentore
1541 1225 1673 1304 incluso,
1694 1246 1750 1291 sex
1768 1227 1957 1309 presbyteri,
1973 1232 2040 1289 tres

522 1331 647 1394 diaconi
671 1334 705 1394 et
726 1336 793 1395 tres
815 1331 1045 1413 subdiaconis)
1069 1330 1156 1396 chori
1179 1350 1304 1413 quoque
1327 1331 1448 1395 sinistri
1471 1330 1648 1408 duodecim,
1677 1349 1732 1395 sex
1761 1332 1949 1413 presbyteri,
1972 1334 2039 1394 tres

522 1434 648 1498 diaconi
670 1441 704 1499 et
726 1441 792 1499 tres
815 1436 1010 1514 subdiaconi,
1034 1434 1149 1518 singuli
1173 1441 1284 1516 utpote
1308 1435 1487 1516 presbyteri
1503 1435 1671 1499 duodecim
1690 1434 1760 1500 loca
1775 1437 1864 1501 iuxta
1877 1437 2039 1526 prioratus

522 1556 577 1601 seu
601 1539 782 1603 senioratus
792 1541 813 1611 ‘l
837 1540 980 1604 ordinem
1003 1541 1070 1604 sive
1093 1546 1210 1604 statum
1233 1540 1429 1615 obtinerent;
1458 1540 1488 1603 in
1509 1539 1774 1621 processionibus
1798 1546 1904 1604 autem
1927 1559 2037 1621 supra-

522 1641 624 1706 dictos
639 1641 667 1727 ¹¹)
691 1642 868 1707 installatos
892 1644 987 1708 iidem
1009 1644 1213 1708 mansionarii
1235 1649 1396 1725 tamquam
1413 1643 1552 1707 minores
1569 1643 1779 1724 precederent
1793 1654 1817 1724 ⁸⁴)
1841 1651 1874 1708 et
1889 1644 1931 1708 ad
1946 1643 2038 1708 offer-

523 1746 641 1810 torium
664 1747 944 1830 subsequerentur,
969 1748 1008 1812 de
1043 1767 1101 1812 sua
1135 1748 1263 1829 propria
1292 1747 1427 1828 pecunia
1456 1746 1650 1812 ollertorium
1675 1747 1874 1828 deferentem
1899 1749 2036 1812 nrinores

522 1855 630 1914 autem
661 1851 865 1916 mansionarii
891 1851 994 1917 locmn
1018 1872 1088 1916 cum
1111 1851 1183 1916 aliis
1205 1852 1332 1915 vicariis
1355 1858 1388 1915 et
1409 1850 1563 1915 altaristis
1589 1851 1671 1916 inhn
1694 1852 1822 1916 eosdem
1846 1853 2037 1928 obtinerent,

523 1972 560 2018 se
584 1954 665 2036 ipsis
695 1955 726 2018 in
756 1955 867 2020 habitu
902 1955 1142 2020 coolonnantes.
1189 1955 1297 2020 Voluit
1330 1956 1433 2021 eciam
1463 1956 1566 2019 dictus
1590 1954 1773 2042 Karolus,¹)
1796 1956 1880 2038 quod
1902 1955 2037 2038 predicti

522 2060 729 2123 mansionarii
752 2060 945 2124 interessent
966 2060 1098 2141 singulis
1121 2059 1234 2124 diebus
1257 2060 1422 2123 dominicis
1438 2066 1471 2124 et
1487 2058 1622 2136 festivis,
1640 2059 1903 2142 prepulsaciones
1918 2059 2037 2124 hahen-

522 2162 619 2241 tibus,
642 2181 764 2228 summe
786 2165 882 2228 misse
906 2164 980 2242 diei,
1004 2164 1259 2246 processionibus
1282 2169 1317 2227 et
1338 2163 1482 2244 vesperis
1506 2163 1648 2244 utrisque
1674 2165 1845 2229 eorundem
1873 2164 2036 2242 lestorum,

523 2271 694 2330 cantantes
717 2287 787 2332 cum
810 2268 882 2331 aliis
899 2267 1037 2349 prelatis
1060 2275 1094 2332 et
1116 2268 1241 2332 clericis
1260 2267 1395 2331 ecclesie
1412 2266 1618 2349 sepedicta-‘t
1642 2268 1896 2347 processionibus
1912 2287 2036 2350 quoque

525 2370 556 2433 in
580 2370 695 2435 diebus
719 2370 907 2436 letaniarum
930 2373 997 2436 sive
1021 2372 1221 2453 rogacionum
1245 2371 1379 2453 aliisque
1402 2371 1611 2452 temporibus
1635 2390 1713 2450 quas
1737 2390 1793 2452 pro
1813 2370 1921 2452 aliqua
1937 2372 1990 2453 pia
2005 2378 2037 2435 et

523 2473 661 2539 honesta
684 2493 740 2538 seu
764 2476 946 2539 necessaria
969 2495 1073 2551 causa,
1099 2482 1133 2539 ut
1155 2496 1212 2556 pm
1235 2476 1422 2557 recepcione
1446 2474 1561 2556 prelati
1589 2473 1638 2536 vel
1670 2475 1821 2556 principis
1852 2481 1908 2539 aut
1938 2476 2036 2558 impe-

522 2577 638 2642 tranda
668 2579 771 2644 salute
801 2580 910 2655 iecit')
941 2587 974 2643 et
1004 2579 1109 2644 lacere
1144 2580 1229 2644 dicta
1250 2581 1419 2661 Pragensis
1443 2579 1580 2643 ecclesia
1603 2580 1775 2656 consuevit,
1799 2599 1837 2643 ac
1859 2580 1891 2643 iu
1914 2578 2029 2643 decan-

522 2681 629 2746 tandis
653 2690 687 2747 et
710 2683 908 2749 celebrandis
931 2684 1047 2748 «livinis
1071 2684 1183 2749 oiliciis
1206 2684 1350 2748 eiusdem
1371 2683 1509 2764 Virginis
1524 2681 1661 2765 gloriose
1676 2682 1736 2747 hec
1751 2689 1903 2765 tempora,
1920 2682 2022 2748 locum

523 2786 651 2852 modum
673 2794 708 2851 et
728 2789 870 2853 ordinem
894 2791 979 2870 ipsos
1002 2790 1232 2853 rmmsionarios
1255 2786 1355 2851 voluit
1376 2789 1563 2853 observare:
1595 2787 1744 2852 videlicet
1772 2788 1961 2855 matutinale
1988 2788 2027 2852 de

523 2909 595 2955 sero
630 2893 715 2956 circa
747 2912 892 2957 omasum
927 2892 1012 2971 solis,
1048 2894 1107 2956 nisi
1138 2894 1249 2956 euclem
1280 2892 1358 2956 hom
1381 2892 1571 2972 Pragensem
1593 2891 1761 2955 ecclesiam
1784 2892 1868 2955 idem
1890 2891 2027 2956 officium

529 2996 729 3077 contingeret
750 2997 931 3075 (denarrare,
955 3017 1017 3078 pur)
1052 3015 1126 3060 casu
1156 3003 1229 3078 post
1258 2995 1448 3077 corupletum
1471 2994 1607 3060 (silicium
1620 2996 1660 3082 ¹¹¹)
1683 2997 1898 3077 supradictum
1922 2996 2033 3061 eodem

523 3119 594 3165 sero
620 3099 671 3164 vel
695 3101 725 3164 in
748 3121 839 3165 inane
863 3109 995 3183 possent
1018 3101 1185 3182 cornplere,
1210 3107 1303 3182 prout
1325 3101 1372 3164 eis
1391 3099 1564 3181 expediens
1579 3100 1751 3177 videretur,
1769 3100 1868 3181 prime
1884 3107 1917 3164 et
1931 3101 2030 3164 tercie

525 3211 600 3268 ante
635 3205 764 3270 missam
799 3206 941 3270 eiusdem
975 3207 1122 3283 Virginis,
1154 3224 1215 3286 que
1251 3224 1307 3286 per
1338 3207 1424 3286 ipsos
1448 3205 1673 3268 rrransionarios
1696 3211 1730 3267 et
1752 3204 1955 3286 presbyteros
1980 3224 2037 3285 per

525 3309 651 3390 Lupum
674 3310 839 3373 sacristam
863 3310 1035 3391 deputatos
1058 3307 1331 3392 [vilicarrtatur],'''·)
1362 3310 1484 3373 duobus
1515 3308 1664 3372 videlicet
1695 3309 1914 3373 rrrarnsionariis
1945 3309 2035 3372 mini-

524 3415 677 3478 straturis
691 3419 728 3490 “l
763 3415 859 3478 misse
883 3413 986 3477 eidem
1010 3413 1152 3476 vestibus
1175 3414 1273 3477 saeris
1297 3413 1416 3476 imlntis
1439 3433 1526 3476 nroro
1549 3414 1642 3478 solito
1666 3414 1872 3478 eeclesiarum
1897 3415 2034 3479 omnium

522 3518 754 3586 cathedralium
777 3527 811 3583 et
834 3518 1081 3599 rnvllegiatnrum,
1105 3518 1228 3582 diaconi
1252 3517 1402 3583 videlicet
1424 3523 1457 3581 et
1480 3518 1673 3597 snlnlinconi,
1690 3539 1769 3601 cruos
1792 3518 1832 3582 ad
1856 3517 2035 3582 huiusmodi

523 3626 622 3689 misse
645 3624 895 3688 celebracionem
920 3623 1002 3686 idem
1027 3628 1194 3703 precentor
1218 3642 1274 3704 per
1297 3623 1438 3703 singulas
1461 3623 1653 3687 elnlomadas
1675 3624 1807 3687 duceret
1826 3622 2034 3703 deputandos,

522 3729 597 3794 aliis
628 3747 704 3794 vero
734 3726 954 3792 mansionariis
984 3726 1207 3790 assistentibus
1239 3727 1269 3790 in
1300 3727 1395 3791 choro
1425 3732 1459 3791 et
1485 3729 1685 3791 cantantibus
1708 3747 1744 3791 ac
1768 3726 2033 3808 respondentibus

523 3834 705 3911 ordinatim,
740 3851 802 3915 qua
835 3829 992 3911 completa
1026 3837 1117 3894 sexta
1150 3837 1183 3894 et
1216 3850 1298 3895 noua
1331 3835 1403 3912 post
1431 3831 1559 3896 missam
1590 3832 1770 3895 irmnediate
1793 3829 2032 3913 perficerentur,

523 3938 709 4019 vesperthra
738 3942 772 3999 et
801 3932 1057 4015 completoriall)
1086 3932 1190 3998 (illicia
1219 3940 1293 4016 post
1320 3939 1471 4016 vesperas
1501 3941 1534 3998 et
1560 3935 1798 4017 cornpletorium
1821 3935 1885 3999 diei
1909 3936 2030 4010 decani,

524 4043 748 4108 canonicorum
771 4046 804 4103 et
825 4039 1040 4103 ministrorum
1063 4037 1198 4101 ecclesie
1220 4044 1393 4102 memorate
1416 4039 1579 4120 perpetuis
1602 4039 1797 4120 temporibus
1831 4039 1943 4103 diebus
1966 4041 2035 4103 sin-

524 4147 609 4229 gulis
633 4146 716 4209 idem
740 4142 877 4209 Karolus
901 4161 957 4224 per
979 4143 1065 4223 ipsos
1088 4143 1317 4206 mansionarios
1339 4142 1440 4206 voluit
1462 4142 1633 4220 (lecantari,
1651 4162 1721 4207 cum
1737 4149 1812 4206 uota
1834 4148 1967 4225 excepto
1984 4143 2034 4207 die

526 4250 782 4329 Parasceues,⁰⁰)
814 4248 845 4311 in
875 4266 937 4329 qua
967 4265 1043 4311 voce
1074 4248 1241 4312 summissa
1270 4247 1334 4328 legi
1366 4266 1422 4327 per
1453 4247 1538 4329 ipsos
1568 4247 1662 4311 horas
1689 4246 1817 4311 easdem
1840 4250 1874 4310 et
1896 4266 1915 4310 a
1937 4247 2034 4311 misso

525 4355 689 4419 abstinere
713 4352 855 4434 predicta
877 4352 916 4414 ob
940 4351 1154 4415 reverenciam
1178 4351 1334 4415 dominice
1358 4350 1514 4431 passionis
1537 4354 1570 4415 et
1590 4351 1658 4414 eius
1674 4351 1784 4415 matris
1800 4348 1928 4429 doloris,
1945 4351 2035 4414 cuius

525 4464 602 4523 tunc
632 4458 768 4522 animam
798 4454 855 4520 lilii
885 4455 996 4519 mortis
1018 4454 1142 4536 gladius
1166 4455 1381 4537 pertransivit,
1405 4474 1467 4536 qua
1490 4454 1582 4519 decet
1606 4454 1725 4534 Christi
1748 4453 1859 4519 fideles
1882 4461 1915 4518 et
1937 4456 2035 4519 servi-

525 4571 619 4627 entes
640 4562 751 4625 matris
773 4559 917 4625 eiusdem
940 4558 1011 4640 plus
1034 4558 1183 4642 plangere
1207 4578 1300 4640 quam
1323 4565 1461 4637 eantare,
1485 4566 1619 4640 excepta
1651 4560 1751 4623 eciam
1774 4559 1825 4623 die
1849 4559 2033 4646 Nativitatis

526 4666 646 4731 domini
669 4665 767 4729 nostri
789 4662 891 4728 Jhesu
916 4663 1045 4741 Christi,
1070 4664 1100 4726 in
1123 4682 1186 4745 qua
1209 4669 1338 4745 propter
1362 4664 1516 4744 prolixum
1540 4663 1762 4727 canonicorum
1785 4662 1869 4727 dicte
1897 4661 2032 4726 ecclesie

527 4771 629 4853 ipsius
652 4769 716 4833 diei
738 4767 876 4833 officium
899 4768 961 4848 ipsi
982 4766 1187 4830 urousiouarii
1209 4766 1347 4831 ‹nificinm
1371 4786 1462 4832 suurn
1493 4768 1603 4849 prime,
1626 4768 1735 4845 tercie,
1758 4768 1865 4845 misse,
1889 4772 1978 4830 sexte
2002 4771 2035 4829 et

526 4893 609 4939 none
633 4873 807 4954 adirrrplere
829 4891 892 4937 non
915 4877 1054 4954 possent,
1079 4878 1112 4935 et
1134 4870 1217 4953 quod
1240 4870 1317 4935 dicti
1339 4872 1542 4936 rnansionarii
1567 4872 1613 4935 uti
1636 4871 1780 4935 omnibus
1800 4871 1987 4935 ceremoniis
2003 4876 2035 4933 et

526 4980 627 5044 sacris
652 4978 794 5042 vestibus
817 4978 848 5041 in
870 4977 1044 5054 matutinis
1067 4976 1182 5053 missis,
1206 4974 1350 5056 vesperis
1372 4981 1407 5038 et
1428 4975 1499 5039 aliis
1522 4976 1618 5054 boris,
1642 4981 1674 5038 et
1698 4975 1729 5038 in
1752 4975 1896 5039 omnibus
1915 4974 1987 5039 aliis
2003 4982 2036 5037 et

526 5081 662 5164 singulis
692 5082 923 5164 pertinentibus
953 5080 993 5143 ad
1023 5080 1142 5144 cultum
1173 5080 1314 5144 divinum
1344 5084 1529 5142 tenerentur
1559 5097 1593 5142 se
1617 5079 1701 5142 dicte
1725 5078 1877 5160 Prageusi
1898 5078 2034 5142 ecclesie

526 5187 735 5264 conformare,
758 5204 891 5266 quorum
915 5184 1090 5249 effectualis
1112 5182 1302 5264 adimplecio
1326 5184 1501 5264 pertineret
1523 5183 1563 5246 ad
1579 5183 1682 5264 ipsum
1698 5182 1861 5246 decanum.
1884 5182 2035 5263 Idemque

527 5290 668 5357 Karalus
691 5289 821 5371 cupiens
844 5289 945 5352 dictos
968 5287 1195 5351 mansionarios
1220 5287 1250 5349 in
1273 5286 1452 5350 matutinali
1475 5286 1588 5365 ollicio,
1611 5288 1709 5350 missa
1742 5292 1775 5350 et
1804 5287 1919 5350 ceteris
1949 5284 2035 5350 horis

526 5393 695 5460 cantandis
725 5410 781 5474 per
811 5394 884 5456 anni
912 5392 1075 5470 circulum,
1099 5390 1248 5455 videlicet
1272 5391 1302 5453 iu
1325 5390 1554 5456 festivitatibus
1578 5389 1817 5472 Concepcioois,
1840 5390 2034 5466 Nativitatis,

527 5496 804 5574 Annunciaciouis,
835 5495 1071 5561 Purificnciouis
1101 5502 1135 5559 ot
1164 5494 1405 5575 dssumpcionis
1435 5495 1577 5558 eiusdem
1609 5494 1747 5575 Virginis
1777 5493 1913 5575 gloriose
1944 5498 1977 5556 et
2003 5493 2034 5556 in

527 5601 652 5666 octavis
676 5600 773 5681 ipsius
797 5601 828 5664 in
851 5599 990 5681 psalmis,
1014 5598 1240 5685 antiplronis,⁸)
1265 5599 1485 5678 responsoriis,
1509 5599 1711 5676 leccionibus,
1727 5597 1859 5674 omeliis,
1875 5596 2034 5677 capitulis,

528 5705 716 5785 hinnulae)
746 5704 886 5768 collectis
917 5711 950 5768 et
980 5704 1050 5767 aliis
1080 5703 1206 5767 rrrodum
1236 5709 1269 5766 et
1291 5701 1434 5766 ordinem
1458 5704 1545 5767 iuxta
1568 5702 1827 5767 cousuetudinem
1851 5700 1935 5764 dicte
1959 5700 2034 5764 Pra-
