5184 7050
543 836 609 903 250

542 1041 693 1121 euterius,
717 1040 805 1105 intus
828 1056 937 1103 serves
960 1039 992 1103 iu
1015 1041 1131 1116 mente,
1155 1035 1389 1102 fraternitatem
1404 1041 1494 1101 tuam
1509 1051 1672 1099 monemus
1688 1038 1720 1096 et
1739 1030 1905 1095 hortamur
1928 1033 2052 1096 attente

544 1164 602 1230 per
624 1144 802 1228 apostoliea
823 1143 883 1208 tibi
906 1143 1026 1225 scripta
1047 1142 1245 1220 mandantes,
1277 1146 1436 1223 quatenus
1465 1139 1677 1204 humilitatem
1709 1140 1741 1199 et
1771 1134 1933 1200 iusticiam
1956 1133 2052 1199 dante

543 1250 678 1327 domiuo,
702 1248 756 1330 qni
780 1245 875 1326 dati)
906 1247 1028 1329 premia
1061 1252 1095 1310 et
1128 1263 1259 1309 munera
1290 1244 1454 1326 elargitur,
1489 1244 1660 1308 observare
1693 1240 1835 1319 studeas,
1869 1257 1933 1321 que
1956 1256 2048 1302 suurn

546 1358 675 1418 servant
698 1358 730 1416 et
754 1356 939 1433 promovent
962 1351 1159 1428 servitorem,
1184 1356 1216 1414 ot
1247 1349 1440 1430 Pragensem
1463 1347 1639 1424 ecclesiam,
1664 1362 1812 1427 sponsam
1834 1347 1933 1421 tuam,
1959 1359 2051 1406 cures

546 1456 671 1522 solicite
705 1460 834 1521 auctore
868 1456 993 1520 domiuo
1029 1453 1242 1537 spiritualiter
1275 1456 1309 1516 et
1342 1450 1563 1533 temporaliter
1592 1455 1808 1533 augmentare.
1856 1448 1894 1512 D.
1927 1444 2013 1528 apud
2028 1446 2053 1525 ο)

546 1560 790 1639 Villamuouam,
815 1560 852 1624 Α.
877 1559 917 1638 1.,
941 1559 1038 1625 VIIII
1062 1558 1125 1623 hal.
1150 1557 1347 1641 Septembris
1370 1574 1399 1619 a.
1423 1556 1532 1619 tercio.
1545 1553 1570 1636 ¹)

652 1797 802 1853 Clementis
821 1796 859 1852 Vl
878 1798 1059 1869 11111116)
1078 1800 1097 1853 1.
1116 1796 1559 1865 141’,11111η111111111111111
1578 1812 1623 1865 qur.
1644 1794 1743 1849 1:V.
1763 1799 1813 1847 111
1830 1793 1849 1848 1.
1867 1797 1918 1847 447
1935 1808 1961 1846 1.
1982 1798 2053 1848 1821.

544 1886 575 1941 ln
604 1884 728 1953 registris
756 1885 820 1939 anui
846 1888 919 1939 tertii
946 1900 1000 1939 nou
1028 1885 1179 1955 repetituri
1199 1915 1232 1924 -
1259 1885 1283 1950 ¹)
1308 1883 1492 1951 ,Pragensem‘
1513 1884 1546 1937 Α.
1572 1883 1597 1944 h)
1617 1882 1714 1949 ,datur‘
1733 1882 1776 1948 A,
1796 1896 1866 1934 corr,
1883 1881 1919 1934 ab
1938 1880 2052 1934 editore.

545 1978 574 2037 ο)
592 1971 683 2039 ,adnd‘
694 1975 727 2026 A.
741 2004 773 2011 -
786 1974 805 2036 ¹)
818 1971 911 2025 datum
924 1972 1081 2042 suppletum
1093 1973 1128 2026 ab
1142 1972 1197 2027 alia
1209 1986 1301 2025 mauu.
1314 1970 1346 2024 11
1365 1970 1487 2039 margine
1505 1977 1584 2025 nom:
1603 1969 1711 2036 ,Deficit
1729 1968 1794 2022 data
1812 1968 1840 2021 in
1858 1967 1920 2021 istis
1939 1967 2053 2021 dnabns‘

546 2057 616 2127 (scil.
641 2058 668 2111 in
693 2064 787 2112 nostro
809 2075 835 2111 n.
854 2064 904 2112 417
924 2064 1041 2124 114111).
1060 2059 1095 2113 lle
1112 2060 1212 2113 iterum
1230 2058 1285 2113 alia
1303 2073 1400 2111 manus
1420 2057 1578 2111 subiunxit:
1597 2057 1699 2124 ,Posita
1716 2060 1776 2109 est‘.

544 2737 638 2805 418.
668 2736 908 2802 Vretislaeicnsi
930 2742 960 2800 et
976 2736 1215 2801 Nerotlreaeasi
1233 2738 1388 2822 episeopis
1402 2736 1585 2811 mundatur,
1600 2739 1756 2818 quatenus
1779 2732 1925 2812 Arnesto,
1948 2733 2051 2798 urchi-

547 2842 690 2925 episcopo
714 2840 879 2920 Preymsi,
907 2838 1045 2922 palliam
1076 2842 1239 2920 desipuerat
1269 2845 1299 2903 et
1328 2842 1540 2906 iuramentum
1561 2838 1733 2922 fidelitatis
1764 2836 1804 2900 ab
1833 2855 1867 2899 eo
1888 2836 2052 2921 recipiant.

1310 3081 1407 3166 apua
1431 3080 1669 3157 1111111,
1695 3077 2013 3162 1141191114.

584 3119 643 3204 ‚a

654 3323 801 3390 Clemens
824 3325 1005 3407 episeopus,
1028 3343 1053 3389 s.
1078 3344 1102 3389 s.
1127 3324 1200 3406 d.·)‚
1224 3344 1272 3389 11.
1297 3322 1328 3389 ff.
1354 3375 1360 3389 .
1386 3376 1392 3389 .
1418 3323 1677 3388 Wratislauiensi
1701 3329 1763 3389 et.
1789 3373 1796 3387 .
1820 3321 2053 3386 Naratheuensr

548 3430 708 3512 episcopis
730 3447 755 3493 s.
779 3435 812 3493 et
835 3448 863 3494 a.
888 3427 967 3508 bb).
992 3429 1102 3510 Nuper
1125 3428 1335 3493 suadentibus
1350 3427 1598 3493 racionabilibus
1614 3429 1722 3492 causis
1737 3428 1929 3507 Prageusem
1953 3424 2053 3489 eccle·

551 3535 640 3612 siam,
657 3533 731 3598 olim
751 3530 983 3616 suffraganeam
1007 3532 1142 3598 ecclesie
1158 3533 1346 3615 Magantine
1362 3551 1400 3597 ac
1416 3532 1455 3597 de
1470 3533 1634 3614 provincia
1649 3531 1838 3615 Magnutina
1857 3531 2055 3607 existentem,

549 3656 579 3703 v.
602 3635 623 3702 f.
647 3656 676 3702 u.
700 3637 847 3715 Arnesto,
883 3637 1031 3719 episcopo
1062 3636 1137 3701 olim
1168 3636 1330 3717 Prageusi,
1363 3637 1394 3702 in
1427 3635 1702 3718 archiepiscopum
1728 3635 1920 3718 Prageusem
1944 3632 2055 3709 electo,

550 3741 695 3822 regimini
718 3740 861 3805 eiusdem
885 3740 1055 3821 Prageusis
1078 3739 1213 3804 ecclesie
1235 3739 1430 3821 presidente,
1454 3739 1493 3803 de
1516 3738 1651 3804 fratrum
1672 3745 1851 3804 nostrornm
1875 3736 2008 3802 consilio
2023 3739 2057 3801 et

551 3843 726 3926 apostolice
748 3843 949 3924 plenitudine
971 3844 1142 3924 potestatis
1166 3844 1197 3906 in
1221 3842 1527 3926 archiepiscopalem
1549 3849 1583 3908 et
1597 3843 1874 3925 metropolitanam
1898 3841 2057 3905 ereximus

552 3951 585 4010 et
606 3946 779 4011 honoribus
803 3965 840 4010 ae
860 3945 1006 4025 insigniis
1022 3945 1108 4009 sedis
1124 3945 1357 4026 metropolitice
1373 3945 1520 4012 duximus
1536 3946 1757 4025 decorandam,
1782 3965 1820 4011 ac
1842 3944 2056 4021 attendentes,

552 4050 635 4132 quod
659 4052 728 4132 ipse
752 4051 908 4114 Arnestns
939 4051 1079 4130 regimen
1110 4050 1253 4114 eiusdem
1283 4051 1454 4131 Pragensis
1484 4050 1630 4129 ecclesie,
1664 4050 1738 4114 dum
1769 4048 1963 4131 episcopalis
1993 4048 2057 4114 exi-

552 4156 668 4232 stebat,
692 4152 847 4218 hacteuus
870 4152 971 4233 gessit
993 4152 1131 4218 fideliter
1154 4158 1187 4217 et
1209 4154 1393 4235 prudenter,
1410 4159 1442 4217 et
1462 4152 1546 4234 quod
1570 4153 1648 4217 illud
1668 4155 1875 4235 imposterum
1899 4153 2058 4216 atteneius

552 4262 686 4339 gereret,
711 4256 870 4338 prelatum
894 4257 1065 4321 Arniesturu
1089 4258 1150 4338 ipsi
1174 4257 1310 4322 ecclesie
1332 4257 1485 4338 Pragensi
1509 4258 1541 4321 in
1565 4257 1836 4339 arehiepiscopum
1867 4255 2058 4337 prefecimus

553 4365 586 4424 et
608 4365 778 4441 pastorem,
803 4378 911 4423 euram
934 4364 967 4423 et
990 4359 1301 4425 administraciouem
1325 4360 1412 4425 illius
1435 4360 1538 4426 eidem
1562 4362 1698 4426 Aruesto
1723 4361 1755 4424 in
1778 4359 2002 4441 spiritualibus
2027 4364 2059 4422 et

553 4463 783 4546 temporalibus
806 4463 951 4545 plenarie
974 4464 1208 4544 committendo,
1231 4463 1766 4547 111111111111111111111111111
1790 4463 1907 4528 litteris
1930 4461 2056 4544 plenius

554 4569 741 4631 continetur.
766 4565 846 4632 Cum
870 4571 977 4630 auteur
1001 4567 1149 4649 palleum,
1174 4569 1298 4650 insigne
1321 4569 1471 4633 videlicet
1496 4569 1705 4651 plenitudinis
1735 4566 1928 4648 pontificalis
1951 4564 2058 4643 officii,

553 4689 590 4734 ex
614 4678 706 4752 parte
730 4670 846 4752 prefati
870 4672 999 4735 Arnesti
1031 4690 1089 4754 per
1121 4670 1151 4736 d.
1182 4671 1204 4737 f.
1228 4673 1394 4737 Nicolaum
1418 4672 1457 4736 de
1480 4672 1730 4754 Lucemburgko,
1766 4671 1950 4736 canonicum
1983 4670 2059 4736 Pra-

553 4791 691 4853 gensem,
707 4776 857 4839 nuncium
880 4792 981 4853 suum,
998 4775 1096 4840 fuerit
1119 4795 1137 4838 1
1160 4776 1251 4842 uobis
1275 4795 1345 4840 cum
1369 4795 1417 4853 ea,
1442 4794 1506 4857 qua
1529 4776 1645 4854 decuit,
1669 4775 1828 4840 instancia
1850 4772 2058 4855 postulatum,

554 4897 610 4942 uns
634 4879 735 4960 ipsius
757 4879 906 4960 precibus
930 4886 1107 4944 annuentes
1129 4880 1271 4962 palleum
1294 4881 1397 4963 ipsum
1428 4879 1468 4943 de
1500 4898 1631 4961 corpere
1661 4879 1749 4945 beati
1779 4879 1865 4944 Petri
1898 4885 2059 4960 sumptum

555 5000 610 5062 per
632 4999 689 5046 vos
712 4980 761 5045 vel
785 4988 925 5048 vestrum
953 4982 1088 5047 alterum
1120 4983 1346 5065 assignandum
1377 4985 1549 5048 secuudum
1581 4983 1722 5062 immam,
1758 5001 1852 5066 qnam
1883 4982 1973 5047 vobis
2001 4980 2060 5047 sub

553 5084 642 5149 bulla
673 5089 782 5149 nostra
813 5086 968 5150 mittimus
998 5085 1213 5163 interclusam,
1246 5105 1304 5168 per
1334 5087 1493 5169 prefatmu
1523 5087 1689 5153 Nicolaum
1719 5092 1753 5152 11
1783 5088 1813 5151 d.
1844 5086 1865 5152 f.
1893 5086 2061 5152 Nicolaum

553 5187 718 5268 Hostizlay
750 5190 790 5253 de
820 5188 986 5267 Horanitz,
1021 5189 1240 5273 presbyterum
1271 5190 1443 5272 Prageusis
1474 5191 1621 5270 diocesis,
1656 5191 1803 5256 duximus
1826 5190 2061 5256 destinandum.

554 5292 711 5369 Quocirca
734 5291 930 5357 iratemitati
953 5299 1060 5358 vestre
1082 5311 1140 5375 per
1163 5292 1340 5375 apostolica
1371 5295 1491 5378 scripta
1522 5295 1717 5373 mandamns,
1749 5300 1909 5376 quatenus
1932 5312 1989 5361 uos
2012 5292 2063 5359 rel

554 5395 637 5460 alter
659 5402 797 5461 11111111
821 5396 960 5477 palleum
984 5397 1088 5478 ipsum
1111 5398 1202 5462 iuxta
1224 5397 1412 5479 premissam
1444 5399 1577 5464 fonuaur
1608 5399 1668 5464 sibi
1699 5399 1865 5481 assignare
1887 5398 2007 5463 curetis
2030 5403 2063 5462 et

555 5500 594 5562 ab
619 5500 688 5580 ipso
711 5501 848 5564 Aruesto
872 5500 1110 5582 archiepiscopo
1126 5506 1235 5565 nostro
1251 5506 1284 5566 et
1300 5501 1434 5567 ecclesie
1450 5503 1590 5568 Romane
1614 5503 1739 5567 nomine
1762 5503 1821 5566 sub
1840 5501 1951 5579 iouua,
1967 5519 2062 5582 quam

554 5603 725 5667 11111111
750 5604 862 5668 eadem
885 5603 973 5668 bulla
996 5604 1171 5685 dirigimus,
1195 5604 1362 5670 fidelitatis
1386 5606 1493 5671 debite
1517 5606 1643 5671 solitum
1668 5607 1811 5687 recipere
1839 5606 2061 5669 iuramentum.

554 5706 699 5770 Formam
723 5712 830 5774 auteur
855 5708 1034 5785 iuramenti,
1058 5708 1142 5789 qnod
1166 5710 1235 5789 ipse
1259 5709 1518 5792 archiepiscopus
1540 5710 1707 5792 prestabit,
1731 5710 1822 5774 nobis
1845 5709 1885 5771 de
1908 5708 2006 5773 serbo
2023 5707 2063 5772 ad
