5184 7050
545 830 610 898 280

545 1039 577 1100 et
598 1034 671 1114 biis,
694 1052 756 1115 que
778 1037 914 1114 tangunt
933 1029 1156 1096 ambassiatam
1169 1028 1356 1094 nunciorum
1371 1028 1521 1109 ipsorum,
1545 1026 1649 1091 eidem
1664 1025 1881 1109 imposuimus,
1898 1024 2050 1091 seriosius

544 1137 731 1222 explicabit3
766 1135 817 1200 oui
846 1140 904 1200 tua
926 1134 1042 1216 regalis
1064 1131 1305 1216 magnificencia
1334 1130 1428 1196 fidem
1451 1148 1549 1212 super
1571 1130 1765 1212 exponendis
1790 1130 1972 1198 huiusmodi
1996 1130 2051 1196 ad·

544 1243 653 1308 bibeat
674 1239 835 1307 credulam
858 1246 893 1305 et
907 1239 998 1303 nobis
1017 1256 1075 1321 per
1089 1238 1193 1318 ipsum
1216 1236 1408 1318 respondeat
1423 1252 1594 1317 quesumus
1609 1234 1660 1299 vel
1675 1235 1829 1300 rescribat
1852 1252 1911 1317 per
1925 1235 2051 1299 litteras

546 1344 813 1411 certitudinaliter
834 1360 931 1424 super
953 1342 1009 1407 eis.
1034 1341 1072 1405 b.
1097 1340 1255 1406 Auiuione
1277 1339 1306 1405 V
1328 1340 1392 1405 lral.
1415 1338 1435 1405 J
1439 1339 1563 1404 anuarii
1586 1356 1615 1403 a.
1637 1339 1748 1405 tercio.

649 1530 1074 1599 Clementislllll.138(secr.
1098 1545 1125 1584 a.
1141 1528 1193 1597 Ill)
1217 1529 1236 1584 f.
1259 1529 1318 1583 169⁹
1337 1544 1364 1582 n.
1386 1533 1444 1583 628.
1473 1558 1507 1569 -
1530 1526 1580 1581 Ed.
1608 1525 1772 1597 Weruuslry,
1797 1526 1936 1597 Exaerpta
1960 1544 1988 1584 n.
2006 1532 2048 1594 ⁴12,

547 1622 633 1677 RBM.
652 1621 690 1676 lv
708 1637 734 1674 n.
756 1625 830 1674 1493.

545 2128 637 2194 472.
664 2123 824 2191 Geraldas
846 2123 883 2187 de
907 2124 1066 2203 Mapnaco
1088 2119 1259 2205 supplicat,
1281 2124 1438 2203 qualem
1458 2119 1574 2185 Aonas
1602 2120 1640 2185 dc
1662 2119 1830 2203 &ansbera
1851 2121 2051 2197 comedam,

546 2235 583 2294 at
611 2228 836 2294 nonasterium
865 2225 1053 2291 ownialiam
1081 2224 1204 2289 ordinis
1232 2229 1364 2290 sanatas
1395 2222 1513 2290 Clarae
1541 2225 1576 2289 ia
1606 2225 1735 2290 multata
1768 2226 1926 2308 Properat
1958 2224 2053 2289 libera

1173 2328 1299 2410 ingredi
1313 2329 1427 2413 posset.

1503 2432 1666 2509 Aoiaioae,
1691 2435 1776 2500 1345
1797 2433 1957 2503 Janaart'o‘
1979 2437 2008 2500 7.

653 2628 820 2711 Supplicat
849 2626 879 2693 S.
911 2626 948 2691 V.
979 2625 1107 2691 bumilis
1130 2643 1241 2693 servus
1269 2629 1377 2690 vester
1410 2624 1569 2692 Geraldua
1600 2625 1640 2691 de
1670 2625 1835 2709 Magnaco,
1869 2624 2053 2709 capellanus

640 2753 656 2797 r
705 2783 712 2797 .
745 2778 2052 2799 ................................................

549 2739 639 2799 veste
653 2783 735 2902 ltem
757 2835 926 2918 supplicat,
951 2840 1107 2916 quatenus
1137 2834 1235 2899 nobili
1264 2834 1390 2899 mulieri
1421 2834 1546 2899 domine
1576 2835 1667 2900 Anne
1691 2835 1730 2900 de
1753 2834 1954 2914 Stemberoh,
1980 2835 2054 2901 Pra-

551 2942 658 3024 gensis
681 2940 827 3019 diocesis,
862 2939 1036 3005 concedere
1067 2938 1248 3019 dignemini,
1282 2938 1366 3020 quod
1396 2937 1467 3022 ipsa
1497 2957 1568 3003 cum
1596 2940 1699 3005 tribus
1728 2942 1882 3005 matronis
1911 2940 2054 3006 honestis

551 3046 777 3110 monasterium
799 3043 981 3109 monialium
1004 3042 1196 3108 inclusarum
1226 3044 1327 3109 soracti
1357 3043 1519 3109 Francisci
1541 3045 1573 3108 in
1595 3045 1725 3111 civitate
1749 3046 1912 3129 Progensi,
1935 3044 2054 3109 ordinis

551 3258 584 3316 et
607 3271 677 3317 cum
700 3252 818 3321 eisdem
841 3251 998 3334 religiosis
1021 3251 1187 3316 comedere
1204 3257 1236 3315 et
1250 3252 1404 3333 bibere·),
1428 3252 1670 3335 quibuscunque
1685 3256 1814 3319 statutis
1830 3254 1932 3336 ipsius
1947 3272 2055 3320 mona·

551 3356 642 3421 sterii
664 3361 698 3420 et
720 3355 839 3420 ordinis
861 3359 896 3419 et
918 3355 988 3419 aliis
1011 3355 1253 3438 quibuscunque
1275 3374 1337 3420 non
1360 3356 1560 3421 obstantibus
1583 3357 1695 3439 quovis
1717 3358 1819 3424 modo.

656 3460 729 3526 Fiat
750 3459 788 3525 a
814 3461 896 3526 Item
918 3459 1089 3543 supplicat,
1112 3479 1142 3543 q.
1165 3466 1187 3525 t.
1213 3478 1237 3526 s.
1261 3479 1289 3526 a
1313 3460 1334 3526 l.
1359 3459 1432 3526 Fiat
1453 3460 1491 3526 R.
1517 3461 1554 3527 D.
1578 3461 1736 3528 Auinioue
1759 3460 1819 3529 Vll
1842 3462 1884 3528 id
1908 3461 2054 3530 Januani

550 3584 578 3631 a.
602 3566 712 3629 tercio.

655 3717 803 3773 Clementis
822 3717 903 3773 VIS.
921 3717 990 3789 nlla
1010 3723 1049 3789 (⁷)
1068 3718 1085 3772 i.
1106 3724 1164 3772 132.
1185 3749 1217 3760 -
1244 3720 1267 3786 ·)
1286 3735 1356 3774 corr.
1375 3734 1411 3773 ex
1428 3720 1533 3787 ,libore‘
1557 3720 1584 3774 S.

1201 3968 1406 3976 ——.

550 4252 643 4318 473.
668 4250 802 4326 Blanca,
817 4250 1051 4316 marchionissa
1067 4251 1241 4328 Maraccas,
1256 4252 1428 4336 supplicat,
1451 4260 1608 4337 quatenos
1622 4255 1819 4322 monasteria
1832 4255 2054 4339 religiosarum

782 4355 980 4420 inclusarum
1002 4376 1258 4438 quammauaquc
1280 4356 1427 4422 ordinum
1449 4358 1545 4435 libere
1566 4359 1691 4440 ingredi
1708 4361 1820 4445 possit.

1508 4547 1672 4628 Aoioionc,
1695 4553 1782 4617 1345
1803 4552 1961 4620 Janaara'
1984 4556 2012 4619 7.

653 4735 819 4818 Supplicat
841 4735 871 4802 S.
896 4735 933 4801 V.
957 4736 1073 4801 devota
1087 4735 1154 4802 iilia
1173 4743 1281 4803 vestra
1296 4736 1458 4816 Blanobia,
1482 4738 1710 4806 marchionissa
1726 4741 1883 4822 Morauie,
1899 4748 2056 4825 quatenus

554 4841 614 4905 sibi
637 4841 808 4922 specialem
830 4842 970 4922 graciam
993 4840 1147 4907 facientes
1177 4843 1348 4925 dignemini
1371 4844 1432 4908 sibi
1456 4845 1638 4922 concedere,
1674 4846 1757 4927 quod
1788 4848 1857 4929 ipsa
1891 4866 1962 4911 cum
1986 4854 2056 4913 octo

551 4945 703 5008 matronis
717 4944 859 5009 honestis
871 4963 1128 5026 quarumcunque
1142 4947 1337 5010 monasteria
1349 4947 1567 5029 religiosarum
1579 4948 1782 5029 inclusarum,
1795 4969 2053 5034 quorumcunque

553 5048 706 5125 ordinum,
731 5048 831 5112 libere
865 5049 985 5131 ingredi
1020 5054 1053 5114 et
1083 5069 1153 5115 cum
1187 5051 1307 5115 eisdem
1340 5051 1499 5133 religiosis
1529 5053 1694 5118 comedere
1717 5059 1749 5117 et
1771 5055 1915 5137 bibers·)
1946 5059 2057 5140 possit,

552 5150 747 5233 quibuslibet
780 5152 910 5216 statutis
942 5152 1082 5233 ipsorum
1116 5155 1378 5219 monasteriorum
1408 5161 1442 5219 et
1471 5156 1615 5220 ordinum
1650 5163 1683 5221 et
1712 5157 1784 5222 aliis
1816 5161 2059 5244 quibuscunque

553 5255 683 5319 statutis
706 5274 768 5318 uon
792 5255 993 5320 obstantibus
1015 5258 1127 5338 quovis
1149 5257 1250 5323 modo.

657 5359 730 5424 Fiat
753 5358 788 5424 R.
824 5359 868 5424 Et
890 5378 919 5441 q.
942 5365 965 5424 t.
990 5378 1014 5425 s.
1039 5381 1067 5426 a.
1092 5361 1111 5425 l.
1146 5361 1219 5426 Fiat
1252 5362 1288 5426 R.
1325 5363 1364 5427 D.
1389 5364 1546 5430 duinione
1571 5365 1630 5431 Vll
1656 5367 1696 5431 id.
1719 5367 1867 5432 lanuarii
1894 5387 1923 5433 a.
1946 5371 2057 5435 tercio.

659 5548 808 5603 Clementis
827 5547 864 5603 Vl
882 5546 909 5602 S.
928 5547 995 5619 nlla
1015 5551 1053 5615 (⁷)
1074 5548 1091 5603 l.
1113 5555 1170 5606 1³5.
1191 5582 1221 5592 -
1249 5555 1273 5618 ⁸)
1291 5568 1362 5608 corr.
1381 5568 1415 5607 ex
1434 5554 1538 5622 ,libere‘
1558 5554 1585 5609 S.

1202 5794 1333 5804 —ssa-
1343 5795 1407 5804 —---
