5184 7050
603 587 673 656 328

603 797 695 862 643.
726 793 869 862 Jobaoni
891 794 929 858 de
952 794 1069 876 Lessylo
1094 795 1280 877 providetur
1307 794 1345 861 dc
1368 796 1558 860 canonicatu
1579 800 1610 860 et
1627 793 1824 879 praebenda,
1847 794 1903 876 poi
1928 796 1964 861 io
1986 794 2108 860 ecclesia

816 897 1014 980 Glopooiensi
1035 899 1070 962 io
1088 900 1235 983 prosimu
1257 900 1406 964 vacuum·
1427 904 1510 965 suot.
1545 901 1662 965 Forma
1684 904 1721 964 ot
1741 901 1776 965 in
1798 922 1829 965 n.
1854 903 1906 965 11.

657 1089 747 1211 i}
1532 1087 1697 1167 Aoioiooe,
1720 1090 1808 1155 1345
1829 1089 2018 1155 Novembris
2039 1091 2070 1154 3.

708 1307 748 1371 D.
772 1305 793 1370 f.
816 1304 954 1370 Jolranni
978 1306 1016 1370 (le
1040 1305 1172 1387 Lessylr,
1203 1306 1366 1388 preposito
1397 1306 1532 1371 ecclesie
1563 1304 1772 1384 Lubucensis,
1807 1326 1832 1371 s.
1859 1311 1920 1373 etc.
1956 1305 2114 1372 Honestas

608 1428 729 1475 morum
753 1458 760 1472 .
786 1459 792 1472 .
818 1459 825 1472 .
850 1461 857 1474 .
883 1409 960 1474 Cum
984 1411 1092 1491 itaque
1116 1411 1323 1500 canonicatus
1339 1416 1372 1474 et
1387 1411 1547 1492 prebenrla
1567 1412 1702 1476 ecclesie
1718 1411 1975 1494 Glongouiensis,
1999 1410 2115 1476 Wrati·

607 1513 776 1579 slauiensis
799 1514 945 1591 diocesis,
969 1533 1048 1596 quos
1071 1514 1100 1578 rl.
1125 1514 1145 1579 i.
1172 1514 1326 1596 Apetzlro,
1350 1514 1472 1579 electus
1495 1514 1706 1594 Lubucensis,
1740 1519 1882 1598 tempore
1904 1514 2115 1599 promotionis

610 1636 667 1700 per
696 1636 753 1682 nos
783 1617 868 1682 facte
899 1637 1000 1699 nuper
1031 1619 1069 1683 de
1100 1637 1236 1700 persona
1268 1617 1368 1699 ipsius
1401 1618 1596 1699 Apetzlronis
1631 1619 1671 1682 arl
1695 1619 1861 1685 ecclesiam
1884 1620 2114 1695 Lnbuceusem,

609 1728 685 1787 tunc
708 1726 838 1805 pastore
860 1727 1030 1800 carentem,
1054 1723 1086 1787 in
1110 1722 1221 1786 eadem
1246 1721 1451 1805 Glogouiensi
1475 1722 1611 1787 ecclesia
1633 1723 1806 1801 obtinebat,
1830 1723 1914 1788 sicut
1936 1722 2042 1787 arlhuo
2064 1723 2115 1786 ob-

607 1825 698 1903 tinet,
719 1844 776 1907 per
794 1825 973 1889 huiusmodi
1003 1826 1235 1906 promocionem
1266 1831 1300 1890 et
1323 1827 1575 1892 consecracionis
1605 1844 1719 1891 munus
1748 1825 1993 1908 impendendum
2016 1825 2116 1891 eidem

611 1929 712 1994 electe
732 1929 764 1993 in
783 1931 925 2012 proximo
944 1948 1058 1994 vacare
1078 1936 1255 2013 sperentur,
1277 1949 1335 1994 nos
1359 1930 1502 1995 volentes
1524 1930 1583 1995 tibi
1605 1950 1635 2012 p.
1652 1950 1691 1994 m.
1723 1935 1746 1994 t.
1762 1931 1782 1995 i.
1799 1949 1828 2012 g.
1852 1929 1873 1994 f.
1897 1947 1934 2009 s,
1957 1929 2116 2012 predictos

612 2034 832 2097 canonicatum
845 2040 877 2098 et
889 2034 1082 2115 prebemlam
1107 2033 1316 2099 conferendos
1338 2035 1406 2114 tibi,
1431 2055 1501 2098 cum
1518 2035 1589 2099 illos
1612 2035 1765 2116 premisso
1781 2033 1832 2099 vel
1848 2034 1911 2099 alio
1928 2052 2114 2116 quecunque

613 2138 705 2203 medo
729 2144 932 2220 preterquam
956 2157 1013 2219 per
1035 2139 1135 2220 ipsius
1158 2138 1354 2220 Apetzlronis
1385 2139 1504 2203 obitum
1528 2157 1642 2202 vacare
1665 2139 1871 2221 contingeret,
1900 2156 1972 2202 curn
1995 2158 2024 2220 p.
2049 2139 2068 2202 i.
2092 2157 2116 2201 c.

613 2260 650 2306 ac
673 2260 702 2306 o.
727 2243 745 2306 i.
770 2247 803 2306 et
824 2262 854 2325 p.
880 2261 904 2306 s.
930 2243 1095 2308 collationi
1112 2247 1145 2306 et
1160 2243 1365 2324 dispositioni
1387 2247 1495 2306 nostre
1519 2242 1704 2324 specialiter
1725 2259 1926 2305 reservamus
1942 2292 1950 2306 .
1967 2292 1974 2305 .
1993 2292 2000 2305 .
2018 2261 2043 2319 .;
2059 2260 2117 2305 nen

613 2334 812 2411 obstantibus
837 2397 843 2411 .
869 2397 875 2411 .
900 2397 907 2411 .
933 2397 940 2410 .
964 2365 1020 2410 sou
1044 2346 1129 2427 quorl
1151 2348 1183 2410 in
1200 2346 1336 2411 ecclesia
1352 2347 1531 2412 Lubucensi
1547 2347 1779 2428 preposituram
1801 2347 1873 2428 ac·)
1898 2346 2116 2411 canonicatum

614 2455 647 2516 et
669 2450 860 2533 prebendam
885 2452 1028 2516 nosceris
1051 2452 1195 2515 obtinere
1197 2502 1332 2516 .....
1358 2452 1397 2515 D.
1414 2452 1571 2516 Auinione
1591 2450 1638 2514 Ill
1656 2469 1726 2514 non.
1744 2448 1933 2515 Novembris
1949 2469 1979 2515 a.
1997 2456 2116 2533 quarto.

718 2557 755 2621 ln
771 2575 799 2620 e.
816 2576 855 2620 m.
871 2577 921 2622 vv.
937 2555 968 2620 ff.
980 2607 1004 2620 ..
1023 2554 1203 2620 Caminensi
1227 2563 1282 2622 et.
1302 2556 1481 2621 misnensi
1505 2556 1663 2638 episcopis
1690 2573 1727 2619 ac
1751 2554 1780 2618 d.
1805 2554 1826 2619 f.
1850 2557 2003 2637 magistro
2026 2557 2117 2621 Ama-

614 2660 702 2725 nerio
726 2659 766 2723 de
790 2659 891 2739 Casis,
916 2662 1067 2725 canonico
1099 2659 1355 2739 cathalaunensi,
1379 2661 1543 2743 capellano
1566 2665 1684 2737 nostro,
1708 2677 1732 2723 s.
1758 2663 1817 2724 etc.
1843 2709 1851 2724 .
1876 2709 1884 2724 .
1909 2710 1916 2724 .
1940 2711 1947 2724 .
1973 2661 2013 2725 D.
2036 2666 2072 2724 ut
2093 2678 2116 2724 s.

720 2899 869 2955 Clementis
887 2901 923 2954 Vl
943 2903 974 2953 Α.
994 2900 1058 2971 lVsl
1080 2903 1135 2969 (8⁴2)
1155 2901 1172 2954 f.
1191 2907 1250 2968 289,
1266 2901 1301 2955 de
1320 2901 1460 2955 beneficiis
1479 2901 1638 2955 vacantibus
1650 2901 1807 2970 qn.6:V.
1828 2907 1878 2955 170
1896 2901 1915 2957 f.
1937 2904 1996 2956 182⁹
2016 2919 2042 2955 n.
2060 2908 2115 2954 242.
2176 2944 2200 2953 -

616 2985 802 3056 Registratum
820 2988 847 3040 in
866 2987 974 3041 zvar.
994 2987 1150 3042 Schlesiens
1168 2988 1252 3055 XXV,
1272 2994 1331 3041 292.
1359 2990 1383 3055 ²)
1402 3005 1471 3043 corr.
1490 3003 1524 3041 ex
1542 2991 1586 3055 ,et‘
1605 2989 1637 3041 A.

733 3653 827 3718 544.
849 3651 1002 3727 Jobunoi,
1026 3652 1093 3734 rupi
1115 3651 1295 3726 Bobemiae,
1319 3650 1478 3725 scribitm,
1501 3651 1622 3715 peruiis
1644 3652 1711 3716 iam
1733 3670 1918 3736 responsum
1939 3671 2018 3717 esse.

1547 3840 1709 3921 Aoinione,
1732 3844 1819 3909 1345
1842 3841 2029 3908 Novembris
2050 3846 2079 3908 5.

728 4059 761 4125 C.
785 4062 818 4124 in
841 4060 897 4125 Ch.
921 4061 942 4125 l.
966 4061 1115 4139 iohanni,
1139 4061 1206 4143 regi
1229 4060 1359 4125 Beemie
1383 4060 1508 4124 illustri.
1541 4061 1643 4141 Super
1664 4060 1736 4140 biis,
1767 4080 1830 4143 que
1853 4061 1904 4125 dd.
1927 4059 1959 4127 ll.
1983 4042 2239 4145 magati-rab

622 4164 772 4230 Nicolaus
794 4164 963 4247 linguonis
986 4166 1127 4228 ‹lecanus
1158 4164 1387 4243 manucensis,
1422 4172 1455 4229 et
1477 4164 1637 4243 Nicolaus,
1661 4165 1842 4247 prepositus
1865 4165 2028 4247 Sayensis,
2050 4166 2239 4232 erasa

621 4269 727 4351 gensis
751 4268 896 4348 diocesis,
920 4288 956 4332 ac
980 4268 1139 4333 Geralrlus
1170 4269 1209 4331 <le
1233 4269 1394 4352 Magnata,
1426 4269 1667 4334 archidiaconns
1690 4269 1730 4333 ‹le
1752 4270 1916 4349 Bautesio,
1941 4265 2157 4337 eonsanai
2168 4252 2239 4322 Si

622 4374 708 4437 ensis
731 4374 947 4451 ecclesiarum,
983 4372 1166 4457 capellanus
1190 4379 1307 4452 noster,
1340 4373 1446 4438 cleriei
1476 4380 1511 4439 et
1533 4374 1704 4440 consiliarii
1733 4374 1791 4452 tui,
1822 4374 1881 4438 sub
1905 4393 2057 4440 concessa
2077 4357 2239 4438 aiei

623 4495 680 4559 per
702 4477 828 4542 litteras
851 4483 906 4541 tue
928 4476 1167 4559 magnificencie
1191 4478 1280 4541 nobis
1311 4482 1514 4558 presentatas
1545 4476 1712 4541 credentia
1742 4477 1833 4543 nobis
1856 4495 2017 4560 exponere
2038 4479 2239 4542 cunss‘fl

623 4586 746 4658 rerunt,
770 4582 891 4646 eisdem
915 4582 1135 4665 respondimus
1158 4587 1191 4645 et
1213 4582 1280 4658 tibi,
1316 4579 1359 4644 lili
1384 4582 1557 4660 carissime,
1582 4586 1676 4664 prent
1698 4581 1801 4647 (lictus
1825 4581 1976 4661 decanus,
2010 4582 2064 4665 qni
2084 4584 2239 4644 aon&

622 4690 711 4750 tuam
741 4687 912 4751 revertitur
941 4686 1149 4768 presenciam,
1185 4686 1304 4750 referre
1334 4686 1487 4749 seriosius
1521 4686 1647 4766 poterit,
1681 4686 1920 4766 respondemus,
1958 4687 1998 4751 D.
2032 4691 2067 4750 nt
2097 4701 2130 4747 Β
2229 4685 2239 4731 l

623 4790 795 4875 [asinione
818 4810 888 4855 non.
913 4791 1100 4856 Novembris
1123 4810 1150 4853 a.
1175 4788 1346 4876 quartal¹l

728 5031 877 5086 Clementis
895 5031 932 5085 Vl
952 5032 983 5084 V.
1006 5038 1054 5086 139
1072 5038 1150 5095 (secr.
1170 5048 1193 5085 a.
1212 5030 1262 5094 IV)
1280 5046 1305 5082 n.
1326 5036 1383 5083 588.
1405 5062 1436 5069 —
1465 5031 1513 5085 Ed.
1539 5032 1704 5102 ll'erunsky,
1723 5033 1861 5102 Excerpta
1879 5049 1905 5086 n.
1925 5023 2162 5100 ao,usu.11
2192 5018 2229 5073 W

625 5135 650 5171 n.
672 5124 746 5172 1618.
765 5149 798 5159 -
820 5120 840 5184 ¹)
858 5128 888 5172 ut
906 5120 933 5171 in
953 5119 983 5172 V.
1006 5127 1054 5173 139
1072 5136 1097 5171 n.
1118 5124 1177 5173 est.
