5184 7050
672 870 737 943 lac

775 1086 856 1151 ltem
891 1104 948 1167 pro
982 1085 1157 1166 Meynardo
1192 1082 1350 1167 quondam
1381 1080 1546 1150 Bartholdi
1581 1081 1747 1165 agasonis,
1783 1079 1899 1145 clerico
1934 1076 2182 1162 Frisingensis⁰l

672 1190 819 1268 diocesis,
851 1189 890 1255 de
921 1191 1108 1256 canonicatu
1139 1189 1276 1255 ecclesie
1307 1191 1409 1255 sancti
1441 1188 1576 1255 Candidi
1604 1190 1636 1253 in
1658 1188 1755 1253 Ticen
1778 1188 1866 1267 [11],
1890 1184 2095 1250 Β111111011111
2118 1182 2179 1247 dio·

673 1295 766 1374 cesis,
790 1313 861 1358 cum
882 1295 1104 1358 reservacione
1127 1294 1288 1377 prebende
1311 1299 1347 1357 nt
1370 1292 1519 1375 supra.⁸¹)

776 1417 858 1481 Item
881 1435 938 1498 pro
961 1416 1100 1482 Hemico
1125 1416 1208 1480 dicto
1232 1416 1322 1493 lude,
1347 1413 1461 1478 clerico
1485 1412 1726 1495 Herbipolensis
1749 1412 1897 1489 diocesin,
1928 1411 1970 1474 de
1993 1410 2180 1474 canonicatu

673 1520 808 1586 ecclesie
839 1520 1105 1586 Nonimonasterii
1136 1519 1387 1601 HerbipolensiS,
1420 1539 1489 1583 cum
1520 1517 1740 1582 reservaciono
1770 1516 1933 1599 prebende
1964 1514 2109 1579 vacantis
2137 1513 2180 1578 rel

672 1630 822 1691 vacatura
846 1632 907 1690 etc.
931 1630 966 1690 nt
989 1622 1140 1710 supra.⁸²)

775 1750 855 1815 Item
878 1767 935 1830 pro
960 1746 1104 1812 Conrado
1127 1746 1168 1810 de
1191 1745 1300 1823 Fossa,
1324 1746 1517 1810 subdiacono
1539 1744 1738 1809 Coloniensis
1761 1742 1907 1821 diocesis,
1924 1742 1966 1806 de
1986 1742 2174 1806 canonicatu
2225 1770 2230 1780 ·

672 1851 806 1917 ecclesie
829 1852 1015 1917 Sanctorum
1038 1849 1261 1931 Apostolorum
1293 1847 1491 1914 coloniensis
1523 1868 1592 1913 cum
1623 1848 1844 1913 rescrvaoiono
1874 1847 2180 1929 prehendentem

673 1974 770 2039 supra
792 1962 826 2021 et
849 1955 921 2021 aliis
945 1957 1035 2021 utin
1058 1954 1212 2041 forma‘ffl)

778 2079 858 2143 Item
900 2097 956 2161 pro
987 2077 1117 2142 Nicolao
1148 2077 1335 2142 Theoderici
1367 2077 1451 2141 dicto
1482 2075 1565 2141 Loth
1595 2076 1634 2139 de
1664 2074 1826 2152 Budissin,
1861 2074 1979 2141 clerico
2013 2073 2181 2139 Misnensis

673 2183 820 2262 diocesis,
844 2184 884 2248 de
906 2183 1094 2247 canonicatu
1118 2180 1252 2246 ecclesie
1274 2180 1545 2257 Budissinnensis,
1570 2179 1654 2243 dicto
1677 2179 1824 2257 diocesia,
1845 2180 1877 2242 in
1900 2197 1966 2261 qua
1988 2180 2129 2243 maiores
2151 2184 2180 2241 et

672 2289 810 2380 minores
832 2285 994 2370 prebende
1017 2286 1166 2364 existunt,
1202 2305 1273 2349 cum
1303 2284 1523 2350 reseruacione
1553 2283 1714 2366 prehendo
1745 2284 1884 2361 maincia,
1916 2284 2021 2347 eclam
2044 2302 2106 2348 non
2128 2283 2179 2346 oh-

673 2393 832 2457 stantibus
854 2392 984 2456 statutis
1007 2396 1040 2455 et
1063 2391 1345 2455 consuetudinibus
1368 2390 1468 2472 ipsius
1491 2389 1626 2453 ecclesie
1651 2394 1683 2452 et
1706 2389 1875 2469 presertim
1899 2389 2018 2470 quibus
2042 2394 2177 2464 caretur,

673 2496 757 2578 quod
786 2495 892 2561 nullus
922 2496 1114 2579 prebendam
1143 2495 1295 2558 maiorem
1325 2495 1453 2576 assequi
1484 2494 1599 2574 valeat,
1630 2494 1691 2559 nisi
1720 2492 1878 2575 gradatim
1908 2493 2098 2558 ascenditur
2128 2510 2180 2575 per

672 2600 810 2665 minores
832 2598 937 2680 etc.⁸⁴)

778 2722 859 2786 Item
883 2720 1042 2803 supplicat
1064 2740 1121 2803 pro
1145 2719 1330 2786 Gualhardo
1353 2720 1393 2784 de
1416 2720 1533 2799 Feodo,
1549 2720 1742 2785 subdiacono
1761 2721 2016 2803 Engolismensis
2039 2720 2180 2797 diocesis,

674 2826 728 2907 qui
752 2825 832 2891 alias
856 2826 888 2890 in
912 2826 1129 2891 communibus
1151 2825 1268 2891 uestris
1290 2827 1407 2906 graciis
1430 2843 1605 2907 pauperum
1629 2825 1670 2890 ad
1686 2825 1890 2890 collacionem
1912 2824 2180 2908 archipresbyteri

675 2931 777 2996 sancti
800 2929 955 2995 Iohannis
977 2929 1237 3011 Engolismensis‚
1261 2928 1382 2994 nullum
1405 2928 1552 2994 habentis
1576 2929 1762 2994 heneficium
1786 2929 1940 3007 conferre,
1965 2934 1999 2992 et
2022 2928 2138 2993 deinde
2153 2929 2179 2992 in

676 3033 777 3098 forma
799 3035 1009 3099 communium
1034 3034 1221 3115 graciamm,
1244 3033 1424 3098 habitarum
1448 3033 1650 3113 inutilium,')
1674 3033 1715 3097 ad
1737 3034 1943 3099 collacionem
1967 3034 2133 3098 abbatisse
2150 3039 2179 3095 et

674 3144 847 3203 conventus
870 3139 1054 3204 monasterii
1071 3139 1171 3202 sancti
1189 3138 1318 3203 Aulonii
1342 3139 1374 3202 in
1396 3138 1547 3202 suburbio
1570 3138 1814 3219 Engolismensi,
1838 3137 1989 3203 habentis
2018 3138 2178 3202 dumtaxat

676 3242 802 3308 unicum
825 3242 1012 3308 beneficium
1037 3242 1189 3320 conferre,
1211 3244 1318 3307 extitit
1337 3242 1520 3321 collocatus,
1535 3247 1693 3324 quatenus
1710 3243 1769 3307 sibi
1787 3243 1826 3306 de
1842 3243 2034 3308 canonicatu
2051 3242 2179 3308 ecclesie

675 3348 779 3411 sancti
803 3346 953 3411 Archenii
977 3349 1017 3413 de
1040 3347 1221 3427 Blanziaco,
1239 3347 1324 3411 dicte
1348 3347 1483 3412 diocesis
1506 3347 1765 3429 Engolismensia
1782 3347 1813 3410 in
1833 3365 1896 3428 qua
1918 3366 1982 3411 non
2006 3353 2059 3411 est
2081 3354 2178 3410 cert-us

675 3452 897 3516 canonicorum
922 3471 1072 3517 numerus
1095 3471 1153 3516 nec
1176 3452 1342 3516 distinctio
1365 3452 1606 3535 prebendarum,
1624 3471 1693 3515 cum
1717 3451 1916 3533 pleniludine
1938 3452 2021 3518 iuris
2044 3451 2176 3517 canonici

677 3562 710 3620 et
733 3558 854 3622 iuribus
877 3563 910 3621 et
932 3558 1138 3639 pertinenciis
1161 3559 1228 3621 suis
1251 3557 1423 3639 dignemhri
1446 3557 1623 3638 providere,
1646 3557 1855 3622 ‹lecernentes
1878 3558 1981 3622 eclam
2005 3559 2175 3640 porcionem

679 3660 835 3743 integram
859 3662 919 3726 sibi
931 3662 957 3743 ¹)
993 3668 1090 3743 prout
1111 3662 1191 3727 VIII
1215 3681 1253 3725 01
1288 3661 1360 3727 11111
1395 3663 1495 3742 ipsius
1530 3661 1665 3725 ecclesie
1699 3663 1859 3726 canonicis
1890 3661 2174 3726 1111111011111111111.

676 3770 714 3830 nt
736 3765 767 3828 in
789 3764 943 3846 forma.⁸⁵)

779 3889 862 3952 Item
897 3905 954 3967 pro
989 3887 1133 3952 Comado
1167 3888 1252 3953 dicto
1286 3887 1418 3971 Lobigel
1449 3889 1488 3953 de
1511 3887 1733 3971 Rotembergh,
1764 3887 1878 3952 clerico
1905 3888 2096 3971 Magantinc
2116 3887 2173 3951 dio·

675 3992 766 4069 cesis,
790 3991 829 4056 de
853 3992 1039 4056 canonicatu
1070 4011 1141 4055 cum
1170 3994 1390 4058 reservatione
1412 3992 1608 4074 prebende-⁸)
1631 3993 1663 4056 in
1686 3993 1823 4057 ccclesia
1850 3993 2074 4073 Ysanatzensi‚
2097 3993 2168 4057 dicte

675 4095 821 4173 diocesis,
845 4100 880 4158 ut
903 4094 1054 4176 supi-art)

778 4216 860 4280 Item
891 4233 948 4295 pro
979 4215 1118 4280 Goberto
1150 4216 1189 4279 de
1220 4216 1305 4295 Ghis,
1349 4217 1463 4282 clerico
1495 4218 1716 4282 laudunensis
1747 4219 1892 4297 diocesis,
1929 4218 1969 4283 de
1997 4219 2169 4284 canonicatu

675 4319 810 4383 ecclesie
832 4320 920 4384 beati
943 4319 1111 4384 Laurencii
1135 4321 1174 4383 de
1197 4320 1326 4398 Rosoto,
1350 4320 1573 4385 Laudnneusis
1597 4322 1743 4401 diocesis,
1775 4340 1845 4387 cum
1868 4324 2089 4388 reservatione
2110 4339 2168 4402 pre

674 4424 777 4488 bande
801 4429 836 4488 ut
859 4423 1007 4506 supra.⁸⁷)

778 4546 838 4611 Isti
860 4551 974 4627 petunt
997 4548 1200 4612 canonicatus
1224 4548 1282 4611 sub
1307 4550 1530 4630 expectatione
1554 4549 1787 4629 prebendarum
1814 4555 1847 4614 et
1870 4553 1946 4613 sunt
1969 4547 2025 4614 XI.

777 4667 851 4732 Fiat
873 4687 930 4749 pro
953 4670 1097 4734 omnibus
1121 4672 1346 4752 suprascriptis
1368 4671 1405 4735 R.
1430 4671 1504 4736 Sine
1527 4670 1591 4734 alia
1612 4670 1762 4736 leccione.
1786 4671 1858 4735 Fiat
1880 4671 1919 4735 R.

777 4947 859 5011 Item
881 4947 1042 5028 supplicat
1064 4948 1170 5012 dictus
1193 4948 1331 5014 Karolns
1354 4968 1411 5032 pro
1426 4949 1584 5014 Winando
1608 4949 1772 5031 Rithgarcli
1797 4949 1836 5013 de
1859 4949 1980 5028 Tincio,
1997 4949 2168 5030 presbytero

677 5047 874 5115 Coloniensis
904 5052 1049 5130 diocesis,
1081 5059 1238 5134 quatenns
1270 5055 1330 5118 sibi
1362 5055 1534 5136 specialem
1565 5055 1702 5136 graciam
1732 5053 1896 5133 facientes,
1920 5055 1960 5118 de
1991 5051 2168 5136 parrochiali

676 5153 810 5218 ecclesia
834 5155 872 5218 de
896 5156 1064 5239 Goystorp,
1099 5158 1184 5222 dicte
1215 5159 1351 5222 diocesis
1384 5159 1592 5237 (lotariensis,
1627 5158 2169 5241 11011110010111111111111111111

675 5258 838 5323 Gerardus
854 5258 893 5321 de
910 5258 1078 5341 Limborgh
1097 5261 1195 5342 ipsam
1212 5262 1379 5326 ecclesiam
1395 5268 1485 5327 tanto
1505 5269 1648 5345 ternpore
1667 5264 1816 5342 obtinuit,
1832 5261 1872 5326 ad
1889 5281 1998 5327 sacros
2021 5263 2167 5328 ordines'l

675 5380 738 5427 non
762 5369 934 5444 promotus,
954 5365 1038 5445 quod
1062 5367 1130 5429 eius
1148 5366 1276 5430 collacio
1293 5369 1401 5430 extitit
1425 5367 1591 5431 adsedem
1614 5369 1822 5448 apostolicam
1846 5368 1934 5432 iuxta
1954 5365 2169 5433 lateranensis

676 5473 799 5532 statuta
829 5468 953 5533 concilii
984 5469 1123 5551 legitimo
1155 5470 1354 5551 ‹lerolrrta,³'¹)
1385 5477 1457 5553 post
1488 5473 1578 5535 cuins
1609 5473 1728 5536 obitum
1758 5472 1915 5554 quondam
1942 5472 2120 5537 Winandus
2139 5469 2170 5532 dc

676 5572 807 5653 Gcnepe
831 5572 947 5636 dictam
982 5573 1148 5638 ecclesiam
1178 5594 1236 5656 per
1266 5574 1374 5654 plures
1405 5594 1503 5639 111111
1534 5578 1638 5640 tenuit
1669 5583 1701 5640 et
1726 5578 1756 5639 in
1780 5577 2002 5658 presbyterum
2025 5597 2087 5641 non
2109 5595 2168 5657 pru·

676 5676 862 5753 111111111οΙ
887 5677 948 5742 alio
973 5679 1084 5758 quouis
1115 5679 1205 5741 modo
1236 5685 1378 5757 vacante,
1400 5681 1502 5743 eidem
1527 5680 1683 5743 Wirmndo
1711 5682 1883 5762 dignemini
1906 5682 2098 5768 prouidere,
2119 5697 2167 5744 non

676 5781 832 5858 obstante,
857 5782 941 5863 quod
964 5784 1080 5848 Petrus
1104 5783 1143 5847 dc
1166 5784 1283 5848 Nussia
1308 5785 1408 5864 Ipsam
1432 5786 1598 5851 ecclesiam
1614 5787 1653 5851 de
1670 5785 1755 5850 facto
1778 5792 1866 5850 tenet
1888 5795 2088 5869 occupatam,
2111 5801 2169 5848 eunt
