5184 7050
1864 854 1927 922 295

416 1078 473 1125 seu
496 1060 733 1143 assignaverint
756 1061 858 1126 dictos
881 1059 1013 1139 fructus,
1037 1062 1182 1127 redditus
1198 1068 1231 1127 et
1246 1067 1419 1144 proventus
1443 1081 1479 1127 ac
1496 1062 1701 1144 pecuniarum
1724 1065 1930 1144 quantitates,

415 1167 522 1247 possis
551 1165 719 1230 absolvere
749 1165 876 1248 plenius
898 1170 932 1229 et
955 1167 1079 1246 quitare
1111 1166 1244 1245 deluis,
1280 1186 1343 1248 que
1374 1166 1447 1230 indo
1477 1167 1640 1247 receperis
1670 1167 1710 1229 ab
1734 1167 1864 1247 eisdem,
1898 1173 1931 1232 te

417 1269 529 1334 taliter
551 1288 648 1352 super
670 1269 733 1334 hiis
755 1269 933 1348 habiturus,
968 1270 1052 1351 quod
1083 1271 1156 1334 inde
1180 1270 1289 1336 valeas
1320 1271 1532 1335 commendari
1565 1271 1679 1334 ruerito
1702 1275 1735 1334 et
1758 1271 1930 1353 legitimam

416 1374 523 1438 eidem
559 1392 683 1437 camere
717 1373 852 1438 reddere
886 1374 1055 1438 racionem.
1103 1376 1140 1439 D.
1172 1376 1257 1457 apud
1288 1374 1531 1452 Villaruuouam,
1563 1376 1599 1438 d.
1625 1375 1665 1453 d.,
1691 1377 1722 1440 ll
1752 1375 1815 1440 kal.
1839 1376 1927 1441 Juuii

415 1496 444 1541 a.
469 1484 594 1559 quarto.

524 1719 673 1773 Clementis
692 1720 730 1772 Vl
748 1719 781 1772 V.
803 1726 850 1773 139
870 1723 950 1785 (secr.
969 1735 992 1772 a
1012 1720 1061 1784 IV)
1081 1737 1105 1772 n.
1134 1727 1176 1773 99,
1204 1752 1236 1758 --
1265 1721 1331 1787 lteg.
1358 1721 1385 1773 in
1411 1721 1472 1774 Vat.
1497 1720 1588 1772 Akten
1616 1736 1643 1772 n.
1671 1727 1746 1785 2993,
1777 1719 1860 1772 RBM.
1889 1718 1926 1771 1v

415 1822 442 1857 n.
463 1810 542 1871 9121,
560 1806 667 1858 ZVGA.
687 1805 843 1859 Schlesieus
862 1805 947 1872 xxV,
967 1812 1026 1859 3111.
1046 1837 1078 1843 -
1107 1812 1129 1871 r)
1149 1806 1198 1871 ,191
1219 1807 1302 1859 alium
1331 1837 1358 1844 --
1385 1805 1570 1859 lacrrltatilrus‘
1596 1805 1686 1873 suppl.
1705 1806 1734 1858 in
1752 1805 1873 1873 margine
1892 1805 1925 1857 V.

415 1895 443 1955 Ι»)
464 1894 591 1960 sequitur
609 1897 768 1962 procures,
787 1892 835 1946 sed
862 1892 1040 1945 cancellatum
1060 1892 1091 1945 V.
1119 1894 1141 1957 r)
1167 1897 1293 1957 ,stantus‘
1312 1892 1343 1945 V.
1372 1893 1396 1957 l)
1416 1909 1475 1960 ,per
1498 1907 1642 1944 censuram
1662 1923 1693 1931 -
1712 1890 1926 1959 compescendo‘

415 1978 496 2033 deest
514 1980 544 2031 in
560 1979 601 2045 V.,
621 1980 780 2048 suppletum
797 1980 833 2032 ab
852 1980 965 2032 editore.

414 2626 510 2691 494.
547 2625 722 2702 Judanrres,
756 2645 813 2688 rear
844 2624 1024 2702 Bodenrioe,
1058 2628 1200 2703 repertur,
1229 2628 1384 2704 eumenus
1418 2622 1557 2695 Danieli,
1590 2623 1732 2706 episcopo
1765 2623 1920 2701 l'erderni,

415 2734 444 2791 et
468 2729 595 2809 eoneqis
625 2730 692 2791 eins
714 2731 749 2792 in
771 2728 953 2808 cellipenda's
979 2732 1009 2790 el
1031 2728 1254 2791 conservandis
1284 2727 1373 2790 horris
1396 2726 1563 2801 Brddnirn',
1593 2726 1824 2809 archicpiscopi
1848 2728 1922 2790 Tre-

710 2834 857 2912 vcrensia
874 2833 1045 2912 sororibus
1067 2837 1098 2894 el
1121 2831 1253 2895 unailir's
1276 2833 1461 2914 opportunis
1484 2831 1627 2895 assistat.

1212 3072 1310 3156 Apud
1340 3073 1576 3152 cellamnovam,
1601 3076 1687 3138 1345
1708 3073 1875 3140 ι1111117116.

522 3319 557 3384 Ο.
576 3319 607 3382 iu
625 3318 680 3383 Ch.
698 3318 718 3382 f.
736 3318 882 3396 Johauni,
899 3320 965 3396 regi
982 3319 1112 3382 Boernie
1129 3317 1253 3381 illustri.
1278 3318 1405 3381 ltudunr
1422 3318 1546 3381 infestis
1565 3318 1744 3382 rumoribus
1760 3317 1921 3381 intellecto

415 3443 441 3487 r.
466 3424 487 3488 f.
514 3443 543 3488 n.
568 3422 773 3500 Baldwinum,
806 3422 1077 3504 archiepiscopum
1101 3423 1341 3497 Treuerensem,
1372 3425 1518 3503 patruum
1540 3426 1642 3497 tuum,
1670 3422 1757 3504 graui
1781 3421 1830 3484 sui
1854 3440 1922 3484 cor·

414 3531 502 3611 poris
534 3528 715 3593 infirmitate
745 3548 781 3593 ac
805 3528 970 3593 debilitate
1003 3533 1180 3609 gravatum,
1214 3547 1253 3591 ue
1284 3527 1367 3590 loona
1400 3526 1499 3608 ipsius
1532 3526 1661 3591 nrolrilia
1696 3526 1841 3608 deperire
1872 3525 1921 3589 vel

413 3636 573 3716 asportari
605 3633 747 3698 valerent
769 3653 827 3715 per
849 3632 972 3714 aliquos
1002 3632 1153 3708 indebite,
1185 3630 1241 3696 sed
1272 3635 1535 3694 conservarentur
1564 3632 1675 3712 pocius
1705 3628 1851 3707 fideliter,
1886 3634 1922 3692 ut

415 3739 488 3802 iude
520 3742 631 3820 posset
660 3738 738 3817 lieri,
771 3738 854 3819 quod
886 3739 1004 3802 iustum
1034 3742 1067 3799 et
1097 3735 1270 3817 expediens
1302 3733 1490 3812 ridermuuS,
1525 3734 1735 3815 disposicione
1771 3734 1922 3796 bonorum

414 3844 557 3925 ipsorum
591 3844 681 3907 nobis
715 3842 897 3925 specialiter
931 3846 1102 3918 reservata,
1136 3860 1165 3902 r.
1200 3838 1221 3903 f.
1257 3859 1286 3902 n.
1325 3838 1458 3915 llanieli,
1494 3840 1642 3922 episcopo
1676 3836 1854 3915 ilerdensi,
1890 3842 1922 3899 et

413 3948 604 4029 quibusdam
629 3947 701 4012 aliia
724 3948 790 4012 suis
815 3948 845 4011 iu
868 3947 928 4010 lrac
949 3952 1041 4028 parte
1065 3943 1195 4025 collegis
1218 3961 1315 4023 super
1338 3942 1523 4022 colligendis
1539 3950 1573 4007 et
1588 3941 1812 4006 conservandis
1832 3941 1922 4004 bonis

412 4053 578 4134 predictis,
614 4053 641 4116 si
675 4052 794 4116 (lictum
829 4050 1100 4130 archiepiscopum
1136 4048 1334 4128 contingeret
1363 4047 1402 4110 ab
1425 4047 1484 4110 lrac
1515 4047 1584 4111 luce
1619 4046 1763 4127 migrare,
1797 4044 1922 4108 litteras

413 4158 589 4222 direximus
618 4157 830 4239 oportunae.¹)
869 4156 1023 4232 Quocirca
1053 4152 1322 4234 magnificenciam
1353 4152 1470 4232 regiam
1502 4168 1648 4232 rogamus
1679 4154 1812 4226 attente,
1843 4167 1921 4228 qua

412 4269 509 4327 tenus
533 4262 667 4344 prefatis
698 4262 847 4343 episcopo
871 4267 903 4323 et
926 4258 1064 4338 collegis,
1099 4256 1126 4320 si
1150 4274 1225 4320 casu
1248 4255 1413 4319 accidente
1443 4256 1596 4336 premisso
1620 4253 1660 4317 ad
1683 4253 1827 4335 predicta
1850 4271 1922 4333 pro-

413 4368 576 4444 cederent,
607 4365 685 4430 relit
706 4370 762 4428 tua
785 4365 873 4445 regia
897 4362 1053 4428 celsitudo
1076 4378 1173 4441 super
1196 4359 1349 4442 predictis
1371 4377 1428 4440 pro
1452 4364 1615 4422 nostrast
1638 4356 1811 4439 apostolice
1834 4355 1921 4420 sedis

412 4471 601 4536 reverencia
622 4470 785 4534 favoribus
808 4472 841 4532 et
860 4467 988 4531 auxiliis
1011 4466 1162 4529 assistere
1186 4464 1360 4546 oportunis.
1385 4464 1423 4526 n.
1448 4467 1483 4526 ut
1506 4481 1531 4526 s.
1555 4462 1653 4546 [apud
1676 4460 1920 4539 Villamuouam,

413 4577 452 4642 ll.
477 4576 520 4655 d.,
544 4575 619 4640 XVI
642 4573 705 4638 kal.
729 4573 809 4637 Julii
832 4592 860 4635 a.
884 4571 1050 4655 quarto].²)

522 4866 673 4921 Clementis
691 4865 730 4918 vl
747 4864 780 4917 V.
801 4870 849 4916 139
869 4871 948 4930 (secr.
967 4879 992 4916 a.
1010 4862 1068 4925 IV.)
1096 4879 1122 4914 n.
1142 4867 1183 4914 79.
1202 4893 1232 4900 -
1255 4862 1275 4925 ¹)
1292 4861 1401 4915 litterae
1421 4861 1465 4914 hic
1482 4861 1581 4914 citatae
1602 4866 1754 4927 sequuntur
1772 4860 1800 4912 iu
1820 4858 1851 4912 V.
1872 4864 1920 4911 139

414 4957 467 5010 suli
487 4972 513 5007 u.
535 4960 567 5006 73
588 4960 616 5005 et
635 4951 802 5020 diriguntur:
824 4951 865 5018 ‚V.
885 4950 903 5003 f.
923 4949 1040 5015 Danieli,
1059 4950 1189 5018 episeopo
1209 4948 1362 5013 ilerdensi,
1382 4955 1410 5000 et
1429 4947 1472 5000 dd.
1492 4947 1559 5000 11...
1578 4946 1757 5015 preposito..
1778 4945 1881 4998 decano
1895 4984 1921 4999 ..

411 5041 609 5095 archidiacono
629 5047 656 5091 et
669 5080 674 5090 .
689 5080 695 5090 .
713 5036 886 5091 thesaurario
905 5036 1021 5090 ecclesie
1040 5036 1238 5088 Treuerensis‘.
1260 5036 1359 5088 llutum
1379 5042 1409 5087 ut
1426 5035 1454 5087 in
1474 5052 1498 5087 n.
1517 5039 1557 5087 7⁸2.
1577 5035 1598 5100 ²)
1617 5033 1692 5086 utin
1713 5033 1744 5085 V.
1767 5037 1814 5085 139
1834 5046 1858 5082 n.
1879 5035 1920 5084 118.
