5184 7050
545 812 610 877 422

546 1018 585 1082 iu'
603 1017 730 1084 Christo
753 1018 775 1082 l.
799 1036 827 1080 n.
853 1017 1040 1094 iohannem,
1064 1036 1170 1100 regem
1195 1018 1325 1082 Boemie
1349 1017 1513 1094 illustrem,
1545 1018 1575 1081 in
1600 1018 1767 1098 presencia
1791 1017 1956 1082 cuiusdam
1978 1018 2045 1082 ciris

543 1123 636 1186 unius
651 1122 801 1198 cirritatis,
818 1123 877 1185 sub
892 1127 947 1186 tuo
964 1122 1115 1204 regimine
1131 1123 1343 1202 consistentis,
1364 1122 1492 1199 dixisse,
1506 1121 1599 1203 quod,
1616 1123 1699 1186 sicut
1714 1122 1754 1186 de
1771 1121 1835 1185 illis
1852 1122 1892 1185 de
1914 1121 1946 1187 la
1962 1122 2043 1188 Scala

543 1226 714 1291 vindictam
736 1231 924 1307 sumpserat,
941 1227 986 1289 sic
1009 1227 1048 1289 de
1071 1233 1104 1290 te
1127 1225 1231 1290 lacere
1255 1227 1403 1307 sperabat
1426 1226 1457 1288 in
1472 1226 1571 1304 brevi,
1588 1244 1626 1289 ex
1650 1226 1765 1307 quibus
1789 1227 1921 1308 quidem
1943 1227 2040 1290 verbis

547 1331 759 1411 suspicionem
782 1331 941 1393 sinistram
961 1348 1152 1410 conceperas
1168 1348 1229 1394 uon
1246 1330 1383 1411 indigue.
1410 1330 1562 1408 Profecto,
1583 1329 1636 1406 fili,
1655 1331 1705 1393 rix
1729 1330 1862 1395 credere
1885 1348 2045 1412 passuum

546 1453 652 1516 regem
676 1434 811 1499 eundern
833 1435 931 1498 rerba
953 1434 1142 1511 lmiusmodi,
1167 1454 1228 1515 que
1250 1435 1319 1510 tibi,
1343 1440 1379 1500 ut
1401 1434 1486 1500 dicte
1510 1440 1563 1498 tue
1587 1434 1693 1498 littere
1716 1435 1932 1512 continebant,
1957 1435 2049 1500 relata

548 1546 630 1617 suut,
655 1538 835 1620 protulisse,
860 1539 1022 1620 cumipse
1053 1558 1089 1602 ac
1113 1539 1294 1603 carissimus
1316 1540 1346 1603 in
1378 1538 1505 1604 Christo
1539 1539 1559 1603 f.
1593 1558 1621 1603 n.
1655 1538 1797 1617 Carolus,
1827 1540 2048 1623 primogenitus

546 1660 632 1721 suus,
655 1662 738 1706 uuuc
761 1643 792 1706 in
815 1662 923 1724 regern
947 1643 1157 1707 Romanorum
1181 1642 1314 1723 electus,
1336 1662 1439 1724 nuper
1461 1643 1545 1724 apud
1576 1643 1683 1706 sedem
1714 1643 1925 1725 apostolicam
1949 1650 2048 1708 esseut

545 1754 710 1829 presentes
734 1754 766 1812 et
789 1748 872 1812 iuter
894 1747 958 1810 alia
982 1747 1146 1829 colloquia,
1172 1766 1233 1827 que
1256 1747 1419 1811 nobiscum
1450 1750 1525 1811 tuuc
1556 1747 1709 1827 temporis
1738 1747 1933 1825 babuerunt,
1964 1747 2003 1811 de
2021 1754 2050 1810 te

546 1870 582 1915 ac
606 1870 634 1915 v.
658 1851 679 1916 i.
704 1871 733 1915 n.
756 1851 775 1916 J
780 1852 912 1929 ohanne,
936 1852 1174 1932 archiepiscopo
1198 1851 1439 1927 Mediolanensi,
1463 1869 1612 1932 gernrauo
1634 1855 1666 1915 et
1679 1851 1859 1915 convicerio
1882 1858 1951 1928 tuo,
1967 1850 2051 1916 fieret

546 1955 695 2037 specialis
719 1957 839 2020 mencio
863 1963 896 2020 et
919 1974 1080 2037 expressa,
1098 1975 1156 2020 uec
1179 1956 1260 2020 scire
1284 1974 1342 2019 uec
1366 1953 1544 2037 intelligere
1566 1956 1737 2036 potuimus,
1754 1954 1840 2036 quod
1864 1957 1928 2038 ipsi
1950 1962 2050 2020 contra

546 2076 603 2123 ros
625 2065 734 2122 essent
757 2060 991 2141 quomodolibet
1013 2060 1185 2141 provocati,
1217 2060 1310 2123 irnmo
1341 2059 1450 2140 pocius
1480 2059 1597 2122 nostris
1629 2059 1659 2123 iu
1689 2059 1750 2123 hac
1778 2065 1872 2141 parte
1895 2061 2052 2141 persuasi-

546 2163 658 2226 onibus
691 2165 931 2244 acquiescentes
966 2164 1113 2228 dixerunt
1148 2181 1308 2245 expresse,
1343 2162 1427 2244 quod
1461 2168 1600 2227 uestram
1638 2161 1845 2227 intendebant
1880 2164 2050 2228 amiciciam

549 2269 696 2345 retinere,
720 2268 898 2349 deindeque
923 2272 995 2348 post
1018 2267 1209 2331 eleccionem
1231 2267 1271 2330 de
1293 2267 1437 2349 predicto
1470 2267 1582 2331 Carula
1613 2267 1804 2332 celebratam
1828 2286 1887 2350 per
1912 2269 2051 2349 primum,

548 2389 642 2452 quem
666 2371 706 2436 ad
729 2390 786 2436 nos
808 2373 971 2449 miseruut,
995 2372 1144 2435 nuncium
1168 2372 1251 2436 idenr
1273 2372 1364 2435 nobis
1386 2371 1463 2436 fecit
1482 2373 1586 2437 dictus
1602 2371 1725 2436 electus
1748 2372 1936 2453 specialiter
1958 2372 2052 2455 expli-

549 2476 622 2540 cari.
648 2476 787 2556 Ideoque
811 2476 976 2540 contrariis
998 2475 1151 2539 relatibus
1167 2474 1261 2540 fidem
1277 2494 1339 2539 nou
1355 2475 1518 2553 adhibeas,
1535 2476 1592 2540 sed
1615 2477 1725 2557 pocius
1748 2494 1859 2558 speres
1883 2496 1942 2558 pro
1960 2482 2051 2552 certo,

551 2580 633 2661 quod
665 2581 755 2645 uobis
786 2580 896 2657 eciam,
928 2580 956 2643 si
986 2581 1197 2644 necessarium
1229 2580 1392 2657 existeret,
1423 2580 1696 2662 interponentibus
1727 2600 1823 2663 super
1854 2581 1918 2645 biis
1948 2588 2052 2663 partes

549 2692 674 2750 nostras
704 2685 843 2767 ipsorum
874 2684 1058 2750 obtinebitis
1089 2684 1273 2762 amiciciam,
1304 2683 1554 2749 benivolenciam
1584 2690 1617 2750 et
1646 2685 1795 2750 favorem.
1832 2688 1870 2752 D.
1901 2687 2052 2750 Auiniaue

551 2789 601 2854 ΙΙΙ
622 2789 685 2854 kal.
712 2789 846 2871 Augusti
870 2808 897 2852 a.
923 2789 1043 2870 quinto.

655 2978 802 3033 Clementis
819 2977 858 3030 l'l
877 2978 908 3032 V.
929 2984 978 3031 tto
997 2983 1077 3047 (secr.
1095 2994 1120 3031 a.
1140 2978 1174 3045 V)
1193 2978 1211 3030 i.
1231 2981 1272 3030 10·
1292 2994 1318 3030 n.
1338 2984 1396 3032 291,
1422 3010 1455 3018 -
1479 2978 1530 3032 Ed.
1549 2978 1639 3033 l'atik.
1661 2981 1796 3034 1111111111.
1816 2985 1896 3046 1191,
1916 2979 2050 3034 1111111111

550 3083 577 3119 u.
596 3071 673 3119 1137.

555 3574 645 3639 108.
679 3572 831 3647 debeant,
855 3573 922 3653 reat
946 3572 1123 3651 Bobaniae,
1146 3572 1306 3648 scribitur,
1330 3572 1505 3635 electionem
1530 3569 1636 3635 (baroli
1649 3569 1719 3651 filii
1740 3569 1912 3634 admodum
1933 3576 2051 3652 aratam

552 3680 583 3740 et
606 3681 767 3759 acceptam
795 3698 904 3760 pupae
927 3676 1078 3754 extitisse,
1100 3675 1255 3758 sinrulque
1284 3679 1424 3757 roqatur,
1455 3680 1490 3737 ut
1513 3676 1600 3739 cirea
1622 3674 1798 3738 Lucbr'uum
1828 3674 1867 3739 de
1900 3673 2048 3740 1111111111-

553 3780 636 3845 tibus
658 3782 707 3844 ita
730 3781 894 3855 rescribat,
917 3785 952 3842 at
975 3780 1077 3844 dictas
1101 3780 1263 3844 Luclrinus
1285 3780 1397 3843 desua
1421 3779 1631 3844 benevolentia
1653 3783 1683 3843 et
1698 3782 1817 3858 facore
1837 3782 1954 3844 certior
1971 3776 2050 3843 reddi

549 3884 672 3967 possa·
695 3884 879 3949 admonetur
894 3905 1022 3967 quaque,
1038 3888 1192 3966 quatenus
1209 3884 1403 3948 Ludoeicum
1419 3884 1456 3947 de
1473 3885 1628 3959 Baearia,
1643 3882 1837 3967 inpartibus
1850 3881 2048 3949 Lombardiae

738 3990 898 4054 amicitias
921 3994 951 4052 et
973 3981 1261 4070 confoederationes
1281 3993 1515 4071 procurantem,
1535 3990 1720 4071 praeuenire
1742 3988 1881 4053 studeat.

1560 4180 1723 4260 Amalune,
1749 4182 1837 4245 1346
1858 4179 1946 4248 Jula
1964 4180 2011 4244 30.

661 4373 695 4438 C.
720 4374 751 4437 in
776 4372 831 4438 Cb.
856 4373 876 4438 i.
900 4373 1047 4450 dohauni,
1071 4373 1138 4453 regi
1162 4372 1291 4436 Boernie
1316 4372 1441 4437 illustri.
1473 4372 1626 4436 Letauter
1656 4378 1689 4435 et
1719 4371 1853 4437 iocunde
1884 4372 2041 4437 audivimus

557 4478 748 4542 eleccionem
772 4478 811 4541 de
836 4498 861 4541 c.
886 4480 917 4541 iu
942 4478 998 4541 Ch.
1029 4476 1050 4541 f.
1082 4496 1111 4540 n.
1145 4475 1268 4555 Carolo,
1304 4477 1512 4559 primogenito
1544 4482 1608 4554 tuo,
1645 4477 1675 4540 in
1709 4495 1815 4557 regern
1850 4476 2040 4541 Raurauomn

555 4583 667 4660 electo,
692 4582 791 4646 fuisse
815 4582 987 4646 solenniter
1010 4588 1042 4646 et
1065 4581 1264 4646 concorditer
1287 4563 1491 4658 celebratam,
1508 4581 1622 4644 exinde
1645 4580 1810 4659 altissimo,
1827 4580 1882 4661 qui
1905 4576 2039 4644 tamielir

555 4687 644 4751 dedit
659 4687 796 4765 inicium,
811 4688 923 4750 clereto
939 4687 1053 4750 mentis
1069 4686 1182 4750 affectu
1196 4687 1372 4767 graciarum
1389 4687 1533 4749 acciones
1549 4685 1684 4749 humiles
1700 4685 1879 4750 relerentes
1894 4686 2040 4763 eidemque

555 4791 780 4874 supplicantes,
805 4797 840 4856 ut
863 4793 940 4873 ipse,
965 4793 1015 4856 cui
1047 4791 1210 4873 possibilia
1240 4797 1314 4854 srrrrt
1345 4791 1449 4854 1111111111
1479 4795 1511 4852 et
1542 4808 1621 4870 opus
1649 4788 1903 4870 imperfeccioais
1925 4788 2039 4855 aborret

556 4915 656 4978 usque
691 4897 729 4959 ad
765 4896 994 4978 portensiones
1029 4898 1200 4975 rotimum)
1233 4896 1380 4977 dignetur
1411 4894 1582 4958 clemencia
1615 4891 1708 4978 [etlbl
1741 4894 1865 4976 pietate
1887 4893 2039 4978 producere

556 5000 744 5083 superbiis,
769 5002 851 5082 quod
876 5002 1003 5082 incepit.
1028 5002 1093 5065 Nos
1117 5002 1234 5082 itaque,
1258 5006 1357 5076 trrarn,
1383 5000 1544 5062 carissime
1573 4997 1626 5076 fili,
1651 5002 1684 5062 et
1705 5004 1833 5072 tuorum
1856 4991 2038 5081 magnanimi·

555 5112 652 5169 tatem
675 5124 772 5186 super
794 5107 944 5188 predictis
968 5106 1185 5187 irrrrltipliciter
1208 5106 1239 5169 in
1256 5105 1384 5168 ‹lorniuo
1404 5104 1669 5181 corrrruemlautes,
1686 5109 1814 5185 paratos
1829 5122 1887 5168 uos
1903 5103 2039 5170 offeuuus

556 5212 640 5274 circa
663 5210 720 5273 hoc
744 5213 894 5276 assistere
917 5212 1033 5291 graciis
1057 5218 1089 5275 et
1111 5210 1282 5284 terroribus,
1307 5210 1422 5290 qrribus
1446 5228 1515 5271 curn
1547 5209 1605 5271 deo
1630 5213 1662 5271 et
1684 5207 1852 5273 honestate
1877 5208 2038 5291 poterimus

557 5316 730 5395 oportunis.
755 5316 877 5379 llursus
901 5317 1105 5379 serenitatem
1136 5322 1222 5379 tuam
1253 5314 1397 5377 rolunrus
1428 5332 1488 5375 riou
1519 5313 1630 5390 latere,
1662 5314 1746 5392 qnod
1767 5312 1807 5377 d.
1832 5311 1853 5376 f.
1879 5312 1989 5379 nobilis
2009 5306 2040 5369 ar

560 5417 717 5482 luclduus
741 5419 780 5483 de
804 5419 1049 5483 Viceaunitibus
1074 5419 1112 5481 de
1137 5418 1317 5483 blerliolauo
1348 5416 1409 5480 biis
1440 5417 1553 5480 dielms
1584 5436 1640 5498 per
1671 5435 1746 5482 suas
1768 5416 1906 5494 litteras,
1931 5428 2040 5499 quarunt

557 5523 678 5603 copimn
702 5523 730 5586 d.
756 5523 776 5587 1.
801 5523 952 5604 rrragister
967 5521 1128 5585 lohannes
1153 5522 1192 5584 de
1217 5521 1360 5598 l'istorio,
1386 5521 1567 5601 ‹sapiebauus
1587 5526 1619 5584 et
1635 5520 1798 5585 fairrilian's
1823 5530 1941 5600 noster,
1964 5517 2042 5586 mittit

556 5631 611 5690 tue
635 5627 825 5703 celsitudini,
849 5646 898 5704 ea,
922 5645 983 5707 que
1007 5627 1208 5689 coritiuentur
1231 5626 1261 5688 iu
1285 5626 1406 5688 eisdem
1430 5625 1555 5702 littoris,
1580 5625 1669 5688 nobis
1689 5625 1828 5704 scripsit,
1846 5644 1980 5706 cumque
2001 5638 2043 5686 uos

557 5732 727 5797 intellectis
750 5732 821 5808 biis,
845 5751 906 5811 eque
930 5731 1107 5793 luriusurodi
1133 5731 1239 5793 littere
1263 5730 1475 5808 coritiuebant,
1508 5730 1568 5793 sibi
1593 5728 1823 5810 providerimus
1848 5730 1933 5794 inter
1956 5737 2045 5794 cetera
