5184 7050
551 849 612 914 112

545 1074 627 1119 anno
657 1059 796 1131 vacaret,
827 1074 889 1119 non
918 1056 980 1119 nisi
1013 1057 1110 1121 semel
1142 1058 1275 1136 fructus,
1306 1056 1451 1122 redditus
1482 1064 1514 1123 et
1545 1062 1717 1138 proventus
1740 1057 1829 1122 iuxta
1852 1060 2053 1124 taxacionem

544 1161 764 1241 reciperentur
797 1159 893 1237 illius,
929 1164 965 1224 ut
999 1160 1121 1226 scilicet
1156 1179 1320 1243 summam,
1355 1180 1412 1242 pro
1450 1180 1513 1243 qua
1546 1160 1794 1244 unumquodque
1826 1160 2054 1227 beneficiorum

546 1264 687 1345 ipsorum
710 1265 742 1328 iu
765 1264 886 1329 decime
909 1264 1071 1328 solucione
1094 1269 1234 1343 taxatur,
1258 1284 1385 1329 camera
1408 1266 1553 1346 predicta
1579 1265 1769 1347 perciperet,
1801 1266 1893 1330 totali
1923 1266 2054 1331 residuo

546 1368 701 1432 beneficia
724 1368 794 1452 ipsa
817 1368 1035 1433 obtinentibus
1065 1373 1258 1448 remanente,
1282 1369 1344 1433 nisi
1378 1368 1461 1434 forte
1491 1369 1577 1433 dicta
1608 1376 1734 1433 camera
1755 1370 1920 1435 residuum
1942 1369 2055 1434 mallet

546 1473 692 1553 recipere
715 1477 748 1536 et
769 1472 888 1537 habere
912 1490 950 1535 ac
973 1472 1190 1537 obtinentibus
1212 1471 1368 1538 beneficia
1398 1473 1580 1539 huiusmodi
1603 1472 1644 1536 ad
1668 1472 1920 1556 supportandum
1943 1491 2054 1538 eorum

547 1595 644 1641 onera
668 1581 700 1641 61
723 1578 763 1641 ad
787 1579 1056 1642 sustentacionem
1079 1577 1257 1643 habendam
1280 1597 1413 1658 summa,
1436 1597 1493 1661 pro
1524 1596 1588 1660 qua
1617 1575 1773 1645 beneficia
1802 1579 1874 1659 ipsa
1899 1582 2054 1643 taxantur

546 1681 1106 1763 111611111111111616,11161111
1126 1681 1230 1745 eidem
1254 1700 1388 1761 camere,
1412 1682 1586 1765 recipiendi
1609 1681 1759 1746 videlicet
1781 1682 1984 1746 taxacionem
1999 1682 2051 1746 vel

545 1785 709 1850 residuum
731 1784 919 1866 predictum,
942 1785 1129 1866 reliquimus
1152 1786 1327 1865 opcionem,
1351 1788 1397 1850 sic
1426 1792 1543 1866 tamen,
1568 1786 1662 1868 quod,
1686 1786 1837 1868 quiequid
1864 1785 1977 1850 eadem
2001 1805 2053 1850 ca-

546 1909 633 1953 mera
665 1888 806 1971 eligeret,
838 1909 935 1954 onera
965 1890 1106 1972 ipsorum
1135 1888 1359 1955 beneficiorum
1391 1909 1429 1954 ca
1460 1890 1641 1955 obtinentes
1670 1894 1856 1955 tenerentur
1885 1889 1925 1954 (16
1948 1895 2052 1971 parte,

546 2012 641 2075 quam
665 2012 791 2057 camera
813 1994 972 2075 prelibata
995 1994 1042 2057 eis
1064 1999 1102 2058 ut
1123 1994 1283 2076 prefertur
1307 1994 1491 2074 dimitteret,
1515 1994 1659 2060 totaliter
1688 1998 1887 2077 supportare,
1911 1992 1974 2058 uisi
1998 1992 2053 2058 ob·

546 2098 684 2162 tinentes
707 2097 842 2179 predicti
865 2098 984 2162 vellent
1000 2116 1107 2163 omues
1123 2098 1256 2178 fructus,
1272 2099 1417 2164 redditus
1433 2105 1466 2164 et
1481 2104 1653 2179 proventus
1668 2095 1893 2164 beneficiorum
1909 2099 2052 2179 ipsorum

545 2220 603 2283 per
625 2200 743 2266 dictum
766 2220 882 2266 annum
905 2201 1104 2284 integraliter
1126 2203 1287 2266 dimittere
1310 2221 1435 2267 camere
1454 2202 1648 2283 supradicte,
1665 2221 1726 2284 quo
1743 2219 1819 2266 casu
1835 2203 1907 2282 ipsa
1923 2219 2051 2266 camera

545 2305 679 2371 haberet
708 2305 871 2372 beneficiis
901 2305 1081 2371 huiusmodi
1112 2307 1216 2388 quoad
1246 2326 1354 2371 curam
1384 2309 1569 2385 animarum,
1594 2308 1620 2371 si
1644 2307 1691 2371 eis
1718 2307 1904 2385 immineret,
1929 2323 2051 2370 necnon

548 2415 580 2474 et
604 2411 634 2473 in
659 2410 774 2474 divinis
797 2409 910 2475 officiis
933 2416 966 2475 et
988 2416 1260 2475 sacramentorum
1282 2411 1572 2476 ecclesiasticorum
1594 2410 1831 2475 ministracione
1860 2408 1969 2473 facere
1995 2428 2053 2490 per

546 2532 700 2595 personas
724 2514 855 2579 idoneas
879 2515 1032 2580 deserviri
1055 2521 1088 2580 et
1112 2519 1218 2579 cetera
1241 2515 1288 2579 eis
1312 2516 1530 2580 incumbencia
1553 2533 1650 2579 onera
1673 2513 1863 2596 supportari.
1911 2512 1962 2576 De
1984 2512 2049 2577 illis

546 2623 653 2683 autem
684 2618 856 2695 beneficiis,
888 2638 950 2700 que
979 2624 1091 2683 taxata
1120 2638 1182 2685 nou
1212 2620 1387 2683 existerent
1409 2620 1450 2683 ad
1474 2620 1636 2697 decimam,
1660 2618 1807 2682 duximus
1830 2615 2050 2694 ordinandum,

545 2723 629 2804 quod
652 2725 792 2804 ipsorum
815 2724 984 2802 fructuum,
1008 2723 1189 2787 reddituum
1205 2728 1238 2787 et
1253 2729 1463 2803 proventuum
1478 2725 1633 2789 medietas
1650 2723 1691 2787 ad
1706 2721 1864 2806 prefatam
1880 2738 2050 2798 cameram,

547 2827 611 2891 alia
634 2845 709 2890 vero
733 2826 772 2889 ad
797 2827 976 2891 obtinentes
1000 2827 1111 2891 eadem
1133 2827 1287 2892 beneficia
1310 2827 1472 2910 pertinere
1494 2828 1625 2893 deberet
1652 2826 1762 2904 modis,
1785 2824 1895 2890 formis
1919 2830 1952 2889 et
1976 2843 2049 2890 con-

547 2931 734 3008 dicionibus
758 2931 873 3011 quibus
897 2932 1044 3012 superius
1067 2931 1106 2994 de
1130 2931 1202 2996 aliis
1224 2929 1388 2996 beneficiis
1412 2936 1462 2995 est
1484 2950 1678 3016 expressum.
1720 2929 1869 2995 Ceterum
1891 2929 2050 2993 voluimus

547 3042 579 3099 et
610 3036 800 3099 auctoritate
830 3035 1008 3100 litterarum
1039 3040 1218 3100 nostrarum
1249 3036 1396 3099 duximus
1427 3036 1662 3114 declarandum,
1694 3033 1777 3116 quod
1807 3032 1988 3098 reservatio
2020 3039 2052 3097 et

546 3138 715 3219 deputacio
739 3137 921 3219 supradicte
944 3138 1126 3202 nullatenus
1149 3139 1396 3203 extenderentur
1415 3139 1455 3203 ad
1472 3140 1672 3204 cathedrales
1689 3138 1842 3203 ecclesias
1856 3136 1907 3202 vel
1920 3137 2050 3202 abbaci·

547 3242 615 3307 ales
637 3242 810 3324 regulares,
834 3261 896 3324 que
917 3248 1024 3307 tamen
1047 3242 1272 3307 conventuales
1288 3244 1440 3323 existunt,
1456 3250 1513 3309 aut
1529 3244 1570 3308 ad
1584 3241 1750 3321 beneficia,
1767 3260 1900 3323 quorum
1915 3240 2049 3319 iructus,

545 3347 691 3411 redditus
722 3350 754 3410 et
783 3352 955 3428 proventus
985 3347 1082 3409 annui
1111 3365 1220 3410 verum
1251 3347 1390 3411 valorem
1420 3349 1528 3413 decem
1551 3348 1703 3412 librarum
1725 3345 1957 3412 Turonensium
1979 3362 2051 3425 par·

547 3470 656 3515 vorum
679 3470 740 3515 non
763 3450 930 3529 excedunt,
953 3451 1005 3514 vel
1028 3469 1089 3533 que
1112 3469 1150 3513 ex
1182 3468 1280 3514 causa
1310 3452 1558 3534 permutacionis
1588 3457 1731 3534 tempore
1760 3449 1903 3533 predicto
1935 3465 2051 3514 vacare

547 3557 753 3638 contingeret,
778 3574 834 3620 seu
858 3556 899 3620 ad
921 3557 1058 3620 vicarias
1081 3557 1131 3622 vel
1153 3555 1348 3636 capellanias
1364 3562 1399 3621 ut
1414 3556 1584 3639 plurimum
1600 3575 1619 3620 a
1635 3555 1861 3620 decedentibus
1876 3552 2049 3617 secundum

547 3678 665 3725 morem
693 3660 890 3724 diversarum
914 3660 1119 3725 ecclesiarum
1143 3662 1309 3725 institutas
1333 3661 1374 3725 ad
1396 3662 1511 3725 missas
1535 3679 1591 3741 pro
1615 3661 1693 3742 ipsis
1717 3658 1945 3724 decedentibus
1969 3656 2051 3720 cele-

545 3764 694 3841 brandas,
725 3764 821 3828 certis
852 3765 1034 3829 constitutis
1064 3764 1242 3829 redditibus
1273 3766 1460 3845 presbytero
1490 3765 1567 3829 inibi
1603 3764 1787 3841 celebranti,
1819 3762 1870 3826 vel
1901 3761 1984 3826 alias
2014 3765 2050 3825 ut

547 3868 669 3931 diumis
693 3874 724 3930 et
747 3870 909 3933 nocturnis
940 3869 1100 3932 canonicis
1129 3869 1216 3932 horis
1246 3869 1404 3948 intersint,
1436 3868 1602 3932 dummodo
1632 3867 1744 3949 viginti
1775 3867 1928 3930 librarum
1950 3865 2050 3930 Turo-

550 3970 695 4035 nensium
711 3990 878 4051 parvorum
895 3971 1035 4036 valorem
1051 3991 1188 4036 annuum
1212 3992 1274 4036 non
1297 3972 1497 4051 excederent,
1517 3973 1584 4036 sive
1607 3972 1647 4036 ad
1670 3970 1847 4036 cotidianas
1869 3969 2052 4034 distribuci·

546 4094 623 4138 oues
653 4075 867 4155 quarumlibet
895 4074 1102 4139 ecclesiarum
1133 4095 1190 4141 seu
1221 4078 1439 4142 anniversaria
1462 4076 1512 4140 vel
1536 4077 1755 4155 obvenciones‚
1779 4094 1840 4157 que
1864 4073 1904 4139 ad
1928 4079 2050 4138 certum

547 4179 624 4260 quid
646 4180 820 4244 existerent
843 4180 1005 4260 deputate,
1030 4180 1092 4243 nisi
1116 4181 1157 4244 ad
1180 4182 1236 4246 illa
1259 4182 1310 4245 vel
1333 4182 1416 4259 illas,
1429 4200 1491 4263 que
1516 4180 1589 4259 illis,
1614 4180 1669 4260 qui
1692 4181 1820 4244 suntin
1844 4179 1975 4242 civitate
1999 4177 2049 4242 vel

545 4282 613 4346 loco
644 4291 819 4364 presentes,
850 4291 1091 4363 consueverunt,
1122 4286 1266 4366 quamvis
1296 4285 1382 4349 horis
1413 4304 1474 4349 non
1497 4285 1690 4348 interessent
1713 4283 1883 4361 canonicis,
1907 4281 2048 4363 elargiri.

544 4386 667 4450 Rursus
691 4388 856 4466 voluimus,
880 4390 964 4470 quod
988 4389 1043 4466 illi,
1068 4391 1184 4470 quibus
1214 4390 1358 4454 redditus
1389 4395 1422 4453 et
1452 4394 1624 4469 proventus
1650 4389 1744 4470 primi
1769 4388 1842 4451 anni
1864 4385 2048 4451 huiusmodi

544 4488 768 4554 beneficiorum
792 4493 983 4557 deberentur
1006 4493 1044 4557 dc
1065 4495 1142 4572 iure,
1159 4494 1335 4576 privilegio,
1353 4493 1581 4557 consuetudine
1596 4493 1647 4556 vel
1663 4496 1794 4570 statuto,
1811 4510 1892 4555 auno
1909 4492 2049 4555 secundo

545 4595 617 4659 illos
640 4597 828 4675 percipiant,
854 4598 935 4659 sicut
969 4598 1070 4677 primo
1095 4616 1175 4662 anno
1199 4598 1335 4676 fuerant,
1360 4597 1387 4660 si
1411 4617 1472 4661 non
1495 4598 1659 4661 obstarent
1688 4596 1867 4660 reservacio
1894 4600 1927 4659 et
1950 4596 2050 4677 depu-

544 4700 629 4763 tacio
652 4699 842 4777 huiusmodi,
866 4702 1035 4782 recepturi.
1070 4703 1204 4766 Demum
1228 4708 1336 4765 nostre
1359 4703 1533 4766 voluntatis
1557 4707 1590 4766 et
1612 4700 1801 4764 intentionis
1824 4701 1940 4779 extitit,
1964 4702 2050 4782 quod

545 4805 784 4868 reservaciones
823 4804 862 4867 de
901 4804 1067 4883 fructibus,
1101 4807 1279 4870 redditibus
1309 4811 1343 4870 et
1372 4806 1577 4886 proventibus
1614 4805 1838 4869 beneficiorum
1867 4805 2050 4870 huiusmodi

545 4926 601 4989 pro
631 4913 699 4973 toto
728 4914 871 4988 tempore
902 4909 1081 4972 vaoacionis
1104 4930 1213 4974 eorum
1234 4929 1292 4992 per
1315 4911 1335 4975 1.
1361 4931 1385 4975 r.
1409 4910 1616 4974 Benedictum
1640 4928 1756 4990 papam
1779 4908 1853 4987 Xll,
1876 4909 2048 4991 predeces-

543 5030 645 5076 sorem
668 5019 819 5089 uostrum,
844 5011 917 5075 olim
940 5012 1023 5076 laete
1047 5032 1246 5095 nequaquam
1268 5015 1404 5078 ulterius
1427 5013 1635 5094 procederent
1658 5012 1887 5094 quoquomodo,
1903 5033 1963 5095 per
1986 5015 2046 5080 hoc

544 5120 650 5179 tamen
673 5116 874 5197 preludicare
897 5135 1021 5180 camere
1044 5118 1168 5197 prefate
1192 5138 1252 5182 nou
1276 5118 1490 5183 intelleximus
1510 5137 1567 5181 uec
1583 5118 1799 5199 intelligimus
1815 5119 1985 5199 quominus
2001 5139 2048 5198 ea,

544 5239 605 5301 que
621 5240 678 5301 pro
694 5220 862 5296 fructibus,
881 5220 1060 5285 redditibus
1076 5228 1109 5285 et
1124 5223 1338 5303 proventibus,
1356 5223 1408 5303 qui
1426 5241 1463 5286 ex
1487 5222 1639 5304 predictis
1663 5220 1826 5286 beneficiis
1849 5241 1950 5304 usque
1974 5231 2050 5289 tunc

543 5324 746 5399 obvenerant,
764 5342 801 5385 ex
825 5325 1045 5389 reservacione
1069 5327 1139 5406 ipsa
1163 5326 1241 5391 ‹licti
1264 5327 1500 5406 predecessoris
1523 5327 1626 5390 eidem
1643 5326 1840 5391 debebantur·
1855 5345 1982 5393 camere
1998 5329 2048 5394 vel

544 5427 733 5506 spectabant
757 5428 797 5490 ad
822 5446 900 5504 earn,
925 5434 1033 5508 posset
1056 5431 1183 5510 exigere
1199 5436 1231 5494 ot
1246 5431 1374 5507 babere,
1392 5431 1475 5494 sicut
1491 5432 1522 5496 in
1539 5431 1656 5494 litteris
1671 5433 1789 5495 nostris
1806 5430 1878 5494 inde
1895 5431 2049 5498 conlectis

542 5530 669 5611 plonius
682 5531 868 5595 continetur.
880 5532 1030 5596 Volentos
1044 5533 1140 5614 igitur
1150 5535 1285 5612 fructus,
1294 5535 1439 5598 redditus
1451 5540 1484 5597 et
1495 5542 1677 5614 proventus,
1688 5536 1742 5615 qui
1754 5554 1793 5598 ex
1806 5534 2048 5618 quibuscunque

546 5635 708 5700 beneficiis
725 5643 757 5700 et
773 5637 850 5701 locis
867 5638 1094 5703 ecclesiasticis
1109 5638 1300 5716 huiusmodi,
1310 5640 1557 5703 consistentibus
1574 5641 1605 5703 in
1618 5639 2048 5721 Pragensi,Wratislauiensi

550 5745 582 5804 et
606 5739 809 5806 Olomueeusi
833 5743 1017 5807 civitatibus
1040 5748 1072 5806 et
1095 5743 1284 5821 diocesibus,
1302 5743 1409 5825 vigore
1432 5745 1664 5808 reservacionis
1687 5751 1719 5809 et
1742 5742 1972 5825 applicacionis
1995 5765 2049 5810 no-
