5184 7050
1994 818 2059 885 bii

547 1021 734 1084 instanciam
759 1020 859 1101 ipsius
884 1019 992 1084 Karoli
1017 1020 1256 1102 archiepiscopo
1281 1022 1432 1104 l'ragonsi
1453 1023 1654 1098 connniscrit,
1673 1031 1708 1086 nt
1724 1023 1830 1087 abbati
1848 1031 1881 1087 et
1897 1025 2059 1089 inonachis

546 1124 670 1189 ordinis
693 1125 794 1188 sancti
817 1123 993 1200 Benedicti,
1019 1124 1121 1190 Slavis
1145 1127 1232 1191 etin
1256 1126 1421 1192 Slarcnico
1446 1126 1664 1204 celebraturis
1688 1127 1768 1191 alias
1795 1132 1900 1192 tamen
1928 1148 1985 1211 per
2008 1149 2082 1214 cc·‚
2120 1200 2124 1208 ,

547 1228 680 1295 clesiam
704 1228 897 1311 approbatis,
922 1228 1024 1292 locum
1044 1230 1079 1312 in
1103 1230 1233 1294 civitate
1256 1237 1289 1295 ot
1312 1231 1430 1296 diocesi
1455 1232 1605 1314 Pragensi
1629 1232 1677 1295 rol
1703 1233 1733 1295 in
1758 1250 1853 1313 regno
1885 1238 1940 1297 aut
1962 1233 2057 1298 conii·

544 1332 642 1399 nibus
665 1334 766 1416 ipsius
789 1333 981 1399 auctoritate
1004 1334 1147 1416 predicte
1167 1334 1197 1400 S.
1222 1335 1259 1400 V.
1277 1335 1378 1413 daret,
1403 1335 1590 1400 concederet
1613 1342 1646 1401 et
1668 1336 1855 1418 assignaret,
1879 1338 2055 1403 concedens

544 1434 665 1519 ipsis,⁵)
690 1441 726 1503 ut
748 1437 923 1520 vulgariter
945 1443 977 1503 et
1001 1439 1032 1503 in
1048 1440 1072 1511 “l
1097 1438 1261 1504 Slarenico
1286 1439 1458 1504 secundum
1482 1440 1577 1504 ritum
1601 1447 1634 1504 et
1658 1440 1916 1505 consuetudinem
1941 1459 2058 1520 eorum,

543 1541 626 1607 alias
659 1547 766 1607 tamen
801 1561 860 1625 per
893 1542 1060 1608 ecclesiam
1095 1544 1313 1627 approbatum,
1350 1545 1381 1608 in
1414 1544 1502 1609 horis
1536 1548 1599 1608 tam
1634 1545 1757 1609 diurnis
1780 1562 1873 1625 qnam
1896 1548 2059 1613 nocturnis

544 1652 680 1728 possent
703 1647 797 1711 demn
820 1646 952 1712 laudare
975 1653 1008 1711 et
1031 1645 1124 1713 horas
1149 1649 1317 1712 canonicas
1341 1668 1377 1714 ac
1401 1649 1515 1714 missas
1539 1648 1655 1726 dicere,
1679 1653 1806 1714 cantare
1831 1655 1863 1712 et
1887 1650 1918 1714 in
1934 1651 2057 1733 vulgari

543 1750 689 1831 predicto
714 1751 886 1830 celebrare,
910 1752 964 1833 qui
987 1752 1247 1835 archiepiscopus
1271 1753 1472 1818 considerata
1493 1754 1547 1835 pia
1576 1753 1795 1817 connnissione
1826 1759 1858 1817 et
1889 1761 2058 1837 augmento

544 1854 620 1938 tidei
634 1854 816 1921 Christiane
832 1875 869 1922 ac
885 1857 1111 1938 omnipotentis
1126 1857 1179 1922 dei
1195 1863 1228 1922 et
1244 1876 1302 1922 sue
1317 1858 1482 1939 genitricis
1498 1876 1535 1921 ex
1553 1858 1611 1922 hec
1627 1857 1722 1922 lande
1739 1876 1861 1922 necnon
1878 1864 2058 1924 sanctorum

543 1978 675 2026 suorum
705 1958 807 2043 gloria
837 1966 869 2024 et
898 1958 1018 2025 honore
1049 1966 1084 2024 et
1112 1961 1222 2026 habita
1252 1961 1346 2043 plena
1377 1962 1601 2026 informacione
1632 1962 1734 2026 lecum
1748 1959 1774 2041 l)
1806 1962 1866 2043 ipsi
1896 1962 2002 2027 abbati
2026 1971 2058 2029 ct

545 2064 703 2130 iratribus
734 2064 895 2147 predictis,
926 2064 1077 2131 videlicet
1109 2064 1277 2131 ecclesiam
1300 2065 1533 2148 parrochialem
1557 2072 1735 2131 sanctorum
1759 2066 1921 2131 martirum
1946 2067 2058 2131 Cosme

542 2172 577 2233 et
601 2169 750 2234 Damiani
774 2171 806 2233 in
829 2168 976 2246 Podshal,
1000 2171 1068 2234 sine
1091 2170 1267 2252 preiudicio
1291 2171 1369 2235 iuris
1392 2170 1498 2248 alieni,
1523 2171 1713 2235 anctoritate
1743 2170 1886 2251 predicte
1910 2172 1940 2236 S.
1964 2171 2002 2235 V.
2026 2177 2059 2236 et

543 2274 708 2339 ordinaria
742 2280 775 2339 et
810 2274 849 2338 de
884 2292 1038 2339 consensu
1074 2276 1123 2340 sui
1155 2275 1286 2357 capituli
1318 2281 1351 2339 et
1373 2275 1516 2353 aliorum,
1540 2294 1672 2357 quorum
1697 2275 1840 2352 interest,
1865 2274 1962 2353 dedit,
1985 2294 2057 2340 con·

543 2379 643 2444 cessit
667 2383 700 2442 et
722 2379 898 2461 assignarit
920 2384 952 2443 et
976 2379 1092 2443 dictam
1115 2378 1283 2444 ecclesiam
1308 2381 1338 2443 in
1362 2380 1533 2445 claustrum
1558 2378 1767 2444 conventuale
1781 2389 1806 2450 ι’)
1834 2386 1868 2444 et
1898 2384 2055 2444 monaste·

542 2484 629 2548 rium
663 2485 765 2547 erexit
798 2488 831 2548 et
864 2483 1026 2561 exaltavit,
1061 2484 1177 2564 quibus
1208 2485 1309 2548 eciam
1332 2485 1439 2549 abbati
1463 2490 1495 2548 et
1518 2484 1680 2559 fratribus,
1705 2484 1905 2560 nronasterio,
1931 2484 1998 2548 loco
2022 2488 2055 2548 et

545 2587 716 2652 conventui
739 2606 798 2669 pre
822 2587 1057 2652 sustentacionc
1080 2606 1188 2652 eornnr
1212 2587 1316 2653 dictus
1348 2587 1484 2653 Karalus
1515 2588 1554 2651 de
1588 2589 1678 2652 bonis
1712 2587 1942 2668 temporalibus
1965 2588 2055 2665 bene,

544 2711 686 2775 congrue
717 2698 749 2757 et
780 2690 976 2757 sufficienter
1006 2692 1144 2773 providit
1174 2697 1207 2756 et
1237 2691 1454 2775 sollempniter
1485 2693 1616 2770 dotavit,
1641 2698 1676 2756 nt
1699 2691 1823 2773 plenius
1846 2697 1880 2757 et
1902 2691 2003 2758 lacius
2026 2693 2058 2757 iu

543 2797 665 2863 litteris
688 2797 862 2861 ereccionis
886 2797 963 2861 dicti
986 2797 1217 2878 archiepiscopi
1241 2801 1274 2861 et
1297 2799 1366 2878 ipso
1390 2802 1528 2862 testante
1552 2798 1740 2861 continetur.
1768 2798 1874 2875 Quare
1897 2796 2057 2879 supplicat

544 2901 650 2967 eidem
675 2902 706 2966 S.
730 2901 768 2966 V.
791 2898 956 2964 humiliter
986 2905 1019 2965 et
1049 2900 1162 2965 clarete
1195 2900 1276 2965 idem
1309 2901 1456 2980 Karalus,
1481 2907 1639 2983 quatenns
1662 2901 1763 2966 alietas
1798 2902 2056 2983 assignacionem,

544 3006 753 3082 eleccionem,
778 3004 1016 3082 exaltacionem,
1041 3004 1254 3082 donacionem,
1279 3005 1487 3084 dotacionem,
1511 3005 1732 3071 fundacionem
1756 3011 1789 3070 et
1819 3005 2054 3069 concessionem

543 3111 720 3194 dignemini
750 3114 837 3174 ratas
869 3116 902 3175 et
931 3113 1039 3192 grata
1070 3114 1104 3174 et
1134 3109 1240 3174 limnas
1262 3109 1381 3176 habere
1405 3117 1438 3175 et
1462 3113 1591 3194 ipsoex
1615 3116 1702 3174 certa
1726 3109 1864 3175 sciencia
1887 3107 2054 3186 ratificare,

544 3214 725 3297 approbare
741 3218 774 3279 et
789 3213 974 3279 continuare
990 3215 1157 3297 ipsumque
1173 3216 1401 3280 monasterium
1418 3219 1451 3281 et
1466 3213 1569 3280 locum
1582 3214 1794 3291 libertatibus,
1808 3212 2058 3278 immunitatibus

543 3324 579 3385 et
603 3319 779 3402 privilegiis
802 3312 926 3397 dct'are,
949 3319 1065 3400 quibus
1088 3318 1150 3383 alia
1173 3320 1242 3384 loca
1265 3325 1297 3385 et
1321 3321 1513 3384 monasteria
1536 3319 1678 3383 eiusdem
1706 3317 1826 3382 ordinis
1856 3323 1929 3382 sunt
1960 3317 2056 3398 priri-

544 3424 664 3506 lcgiata
687 3430 720 3489 et
743 3422 863 3501 dotata,
887 3443 959 3488 cum
982 3425 1126 3489 omnihus
1150 3423 1302 3490 clausulis
1325 3424 1514 3489 necessariis
1538 3427 1570 3487 ct
1592 3423 1756 3504 oportunis
1781 3426 1840 3486 etc.

651 3523 723 3593 Fiat
745 3529 782 3593 R.

652 3635 732 3699 Item
755 3634 924 3717 supplicat,
949 3640 1107 3715 quatenus
1130 3634 1234 3697 eidem
1258 3634 1365 3697 abbati
1390 3641 1422 3698 et
1445 3620 1706 3709 rrnnrasterio,'ut
1728 3631 1822 3694 mitra
1844 3636 1877 3693 ct
1908 3630 2001 3694 annlo
2026 3635 2057 3694 et

540 3738 618 3804 aliis
640 3739 785 3822 insigniis
808 3738 1042 3821 pontificalibus
1064 3739 1168 3820 possit
1191 3739 1247 3815 uti,
1271 3737 1442 3819 dignemini
1467 3735 1640 3800 concedere
1663 3740 1697 3798 ct
1720 3732 1893 3815 indulgere.

650 3843 778 3909 Habeat
799 3845 947 3925 insignia,
971 3843 1086 3925 quibus
1111 3842 1319 3907 communiter
1343 3845 1474 3906 utuntur
1497 3839 1630 3905 abbates
1654 3837 1690 3904 a.

650 3948 732 4012 Item
755 3948 923 4032 supplicat,
947 3954 1106 4028 quatenus
1129 3947 1232 4012 eidem
1255 3946 1448 4012 monasterio
1472 3944 1642 4027 dignemini
1668 3944 1840 4008 concedere
1864 3942 1986 4025 aliquas
2010 3944 2056 4008 in·

542 4052 743 4135 dulgenciaS,
766 4072 829 4135 que
852 4054 967 4119 Vestra
991 4051 1169 4133 placuerint
1192 4052 1370 4119 Sanctitati.

650 4157 723 4223 Fiat
744 4159 776 4223 in
800 4158 852 4223 die
875 4157 1089 4222 dedicacicnis
1113 4157 1199 4221 etin
1222 4156 1314 4221 festis
1338 4156 1492 4220 dictorum
1516 4154 1691 4229 niartirum,
1716 4153 1747 4215 in
1771 4150 1903 4233 singulis
1927 4150 1965 4214 dc
1990 4169 2052 4214 nire

543 4280 629 4327 anno
662 4267 695 4327 et
726 4282 789 4328 una
819 4262 1023 4345 quadragena
1057 4261 1092 4325 R.
1140 4262 1182 4325 ht
1211 4281 1240 4341 q.
1265 4266 1286 4324 t.
1312 4280 1335 4324 s.
1361 4281 1388 4325 a.
1413 4259 1431 4323 l.
1480 4258 1550 4322 Fiat
1580 4258 1615 4321 R.
1664 4256 1701 4319 l).
1732 4254 1889 4320 Aninicne
1920 4253 1964 4319 XI
1993 4253 2054 4319 hal.

541 4366 697 4432 Octobris
722 4386 750 4432 a.
774 4367 918 4451 septimo.

650 4503 801 4557 Clementis
828 4503 863 4556 Vl
892 4504 918 4557 S.
947 4503 1010 4572 Vllj
1055 4505 1110 4568 (15)
1140 4502 1157 4555 i.
1186 4504 1255 4555 236¹.
1281 4531 1314 4542 -
1341 4505 1364 4567 ¹)
1390 4481 1495 4568 ,eidem‘
1521 4499 1555 4565 S,
1575 4515 1645 4551 corr.
1665 4498 1698 4551 ab
1719 4497 1832 4551 editore.
1860 4496 1883 4560 ¹³)
1903 4496 2007 4563 ,ipsius‘
2027 4494 2053 4550 S.

541 4591 572 4657 ο)
594 4589 665 4658 snpl.
683 4605 769 4657 supra
787 4589 813 4645 S.
840 4590 865 4654 d)
884 4590 993 4656 ,lecioni
1013 4573 1114 4655 (Ιοοῆ)6
1133 4588 1159 4642 S.
1186 4592 1208 4653 ν)
1228 4604 1297 4641 corr.
1318 4604 1351 4641 cx
1370 4585 1558 4653 ,conventuale
1577 4585 1734 4639 claustrum‘
1753 4582 1779 4636 S.

540 4961 663 5028 1029.
688 4959 864 5024 Ladoae'cas
884 4959 994 5023 lsardi
1008 4962 1037 5021 el
1056 4958 1199 5021 Thoricos
1222 4957 1259 5020 de
1282 4958 1389 5039 Ihcrpo
1412 4955 1603 5038 supplicant,
1620 4959 1656 5015 al
1673 4954 1779 5035 purlaico
1796 4951 1829 5015 in
1846 4954 2053 5019 Loadaaensr'

540 5068 573 5128 et
603 5063 699 5129 alteri
726 5062 762 5127 ia
788 5064 953 5128 Laodicrar'
982 5062 1118 5128 melesii-s
1148 5062 1185 5126 dc
1220 5061 1408 5126 crraoaicata
1441 5064 1471 5123 ct
1497 5058 1677 5143 praebemla
1717 5058 1748 5121 ia
1785 5059 1928 5121 Romana
1963 5060 2054 5123 curin

1091 5165 1276 5231 coeuntibus
1294 5165 1512 5248 provideatur.

1526 5252 1687 5327 Actiacam,
1704 5251 1791 5314 1348
1816 5248 1956 5313 Octobris
1979 5253 2010 5315 4.

648 5411 855 5479 Sanctissime
879 5413 990 5478 Pater!
1015 5412 1093 5476 (lum
1118 5430 1218 5491 rnrper
1242 5408 1378 5474 humiles
1402 5416 1434 5473 et
1457 5409 1562 5474 ‹levoti
1587 5414 1730 5471 oratores
1753 5407 1850 5469 rostri
1869 5406 2052 5471 lmdonicns

540 5515 660 5595 Isardi,
684 5517 716 5579 in
739 5522 875 5598 utroque
898 5518 967 5582 iure
991 5517 1185 5593 licenciatns,
1217 5515 1473 5579 rmeromlissimi
1507 5516 1537 5577 in
1574 5513 1698 5576 (laisla
1734 5511 1835 5590 patris
1870 5517 1901 5575 et
1936 5513 2053 5578 denrini

540 5620 663 5686 domini
698 5620 871 5686 cardinalis
905 5620 1104 5686 boloniensis
1138 5621 1343 5697 camerarius,
1379 5620 1597 5683 canonicatum
1634 5623 1665 5678 ct
1696 5615 1887 5695 prebendam
1919 5617 2055 5682 ecclesie

540 5724 733 5792 leodiensis
757 5728 1007 5807 perseipsum,
1032 5731 1063 5789 et
1087 5724 1224 5788 Thomas
1248 5724 1288 5786 de
1311 5726 1427 5804 Burgo,
1452 5721 1657 5800 magisteria
1686 5718 1819 5798 artilms,
1851 5719 1992 5785 medicus
2023 5731 2055 5787 et

1915 5847 1945 5893 a:
