5184 7050
1866 856 1930 923 319

419 1056 667 1122 summationem
682 1056 872 1136 huiusmodi,
888 1063 1093 1141 reputaretur
1107 1058 1230 1138 merito,
1253 1059 1423 1141 presertim
1442 1059 1574 1124 attentis
1591 1060 1724 1126 vinculis
1747 1069 1781 1129 et
1796 1063 1928 1129 circum-

419 1159 553 1226 stanciis
568 1159 769 1239 matrimonii,
791 1165 836 1240 te,
858 1160 904 1225 fili
919 1161 1145 1242 amantissime,
1162 1181 1183 1228 a
1196 1163 1445 1245 participacione
1460 1163 1561 1246 ipsius
1576 1164 1741 1246 Ludouici,
1760 1187 1818 1251 per
1833 1186 1928 1251 quam

419 1282 520 1348 penas
542 1270 577 1330 et
599 1265 779 1331 sentencias
812 1265 1028 1350 promulgatas
1059 1267 1091 1332 in
1121 1267 1215 1333 dictis
1244 1268 1448 1349 processibus
1479 1269 1669 1348 incurreres,
1703 1289 1799 1353 posse
1821 1275 1929 1356 preter

419 1389 552 1453 gravem
574 1368 727 1435 offensam
750 1370 803 1435 dei
825 1374 859 1436 et
881 1371 1019 1437 ecclesie
1040 1390 1206 1437 remanere
1234 1373 1414 1437 immunem.
1450 1372 1573 1438 Caveas
1603 1373 1713 1454 eciam,
1747 1394 1930 1458 quesumus,

419 1473 596 1556 prudenter
624 1478 658 1538 et
687 1473 808 1553 sedule,
841 1494 882 1539 ne
907 1480 1028 1558 gentes,
1051 1475 1204 1542 officiales
1226 1482 1259 1541 et
1282 1476 1402 1541 subditi
1431 1477 1478 1540 tui
1508 1476 1700 1559 supradictis
1731 1479 1924 1547 scismaticis

420 1582 535 1644 contra
557 1577 747 1644 christianos
769 1583 915 1660 prestent
945 1579 1066 1645 directe
1098 1580 1149 1644 vel
1178 1580 1344 1660 indirecte,
1376 1580 1502 1664 publice
1532 1580 1582 1646 vel
1612 1582 1736 1648 occulte
1765 1584 1928 1665 auxilium,

419 1681 587 1748 consilium
609 1681 660 1748 uel
683 1680 832 1762 favorem,
856 1681 902 1748 sic
922 1688 966 1762 te,
989 1681 1034 1747 fili
1063 1683 1295 1766 precarissime,
1320 1684 1501 1768 superbiis
1524 1684 1702 1766 habiturus,
1726 1688 1810 1770 quod
1833 1689 1928 1754 deum

418 1786 478 1852 tibi
501 1785 604 1869 magis
634 1786 844 1870 propicium)
878 1787 1054 1853 constituas
1087 1806 1149 1853 non
1181 1788 1309 1872 indigue
1338 1789 1533 1871 obturesque
1562 1789 1657 1869 labia,
1692 1810 1754 1873 que
1788 1792 1927 1858 sinistris

419 1888 680 1957 oblocucionibus
703 1890 847 1956 lacerare
869 1890 901 1955 in
923 1890 984 1957 hac
1005 1896 1097 1974 parte
1120 1893 1265 1959 nituntur
1285 1894 1505 1977 multipliciter
1524 1892 1639 1961 famam
1658 1899 1755 1962 tuam.
1780 1898 1819 1963 D.
1843 1902 1878 1963 ut
1901 1916 1925 1962 s.

420 1995 596 2081 [Aninione
617 1992 677 2061 XV
699 1993 763 2060 kal.
786 1994 974 2061 Novembris
997 2015 1025 2061 a.
1049 1999 1186 2079 quarto}
1199 1996 1224 2078 ¹)

526 2182 676 2239 Clementis
694 2182 731 2238 Vl
749 2183 781 2236 V.
801 2189 851 2238 139
870 2188 949 2254 (secr.
967 2198 991 2238 a.
1012 2184 1061 2251 IV)
1081 2200 1108 2237 n.
1125 2191 1185 2240 5³3.
1204 2215 1235 2225 -
1254 2184 1306 2239 Ed.
1325 2185 1454 2254 Theiuer,
1474 2187 1533 2242 MP.
1553 2188 1566 2241 1
1584 2203 1609 2241 u.
1629 2193 1687 2242 628.
1707 2218 1740 2229 -
1767 2189 1791 2256 ι)
1810 2189 1926 2256 ,ieceras

421 2279 450 2326 et
467 2270 580 2326 inieras‘
598 2270 631 2327 V.
659 2270 683 2338 b)
702 2271 781 2326 deest
799 2271 826 2324 in
845 2270 886 2339 V.,
905 2271 994 2341 suppl.
1014 2271 1048 2326 ab
1068 2270 1180 2327 editore.
1208 2272 1326 2339 sideest
1347 2274 1374 2329 iu
1388 2274 1429 2342 V,
1447 2273 1536 2344 suppl.
1556 2274 1590 2329 ab
1604 2274 1717 2330 editore.
1746 2276 1770 2344 ¹¹)
1789 2275 1880 2342 ,hosti‘
1893 2277 1925 2331 V.

418 2360 450 2423 ·)
470 2356 563 2426 suppl.
582 2357 611 2411 in
630 2374 714 2427 marg.
732 2358 765 2412 V.
791 2357 1012 2425 ¹),recesendos‘
1032 2358 1062 2411 V.
1090 2365 1115 2426 a)
1133 2359 1319 2428 ,propricium‘
1337 2359 1369 2414 V.
1389 2391 1421 2401 —
1442 2361 1462 2428 ¹)
1479 2367 1510 2415 ut
1527 2360 1555 2415 in
1573 2360 1605 2415 V.
1625 2367 1674 2417 139
1693 2378 1720 2416 n.
1739 2367 1797 2417 626.

418 3004 514 3069 531.
537 3001 696 3084 Magister
719 2997 908 3065 Gemmas
923 2999 962 3065 de
976 3000 1136 3082 Rotelq
1159 3003 1203 3067 ad
1224 3024 1313 3083 repes
1337 3005 1508 3090 ihapcriuc,
1531 3004 1703 3071 Bohemice
1725 3011 1755 3071 ct
1777 3006 1929 3072 Poloaiae

419 3104 613 3190 apostolicae
634 3106 719 3196 sedis
740 3106 881 3183 modius,
904 3106 1046 3171 omnibus
1064 3108 1211 3191 personia
1233 3106 1455 3175 ecelesiasticis
1478 3110 1512 3175 in
1533 3109 1600 3174 illis
1617 3109 1767 3193 paschas
1789 3110 1928 3176 resideo·

996 3210 1080 3275 tidus
1102 3211 1347 3278 commeatur.

1366 3334 1530 3414 Aristone,
1552 3336 1639 3400 1345
1665 3334 1807 3401 Octobris
1829 3338 1881 3402 18.

524 3562 583 3628 Vv.
605 3560 638 3628 il.
661 3560 863 3644 patriarchis,
887 3559 1133 3644 archiepiscopis
1163 3566 1197 3627 et
1218 3561 1379 3644 episcopis
1404 3580 1442 3627 ac
1465 3561 1516 3627 dd.
1540 3558 1572 3627 n.
1596 3562 1718 3641 electis,
1749 3562 1927 3642 abbatibus,

419 3666 593 3750 prioribus,
617 3666 757 3744 decanis,
782 3666 963 3748 prepositis,
987 3665 1230 3745 archidiaconis,
1253 3665 1548 3748 archipresbyteris
1572 3666 1726 3748 plebanis,
1749 3664 1928 3731 rectoribus

417 3779 451 3838 et
473 3772 548 3838 aliis
570 3772 777 3838 ecclesiarum
800 3769 933 3854 prelatis
954 3771 1006 3835 vel
1030 3789 1139 3836 eorum
1160 3771 1247 3836 uices
1269 3770 1454 3853 gerentibus
1480 3775 1513 3835 et
1535 3770 1680 3852 personis
1703 3770 1928 3836 ecclesiasticis

416 3877 672 3960 quibuscunque,
694 3875 854 3959 religiosis
877 3881 909 3940 et
933 3874 1140 3955 secularibus,
1164 3881 1198 3940 et
1216 3874 1423 3941 ecclesiarum
1439 3893 1477 3939 ac
1492 3874 1754 3939 monasteriorum
1779 3874 1927 3956 capitulis

420 3987 455 4047 et
478 3982 696 4060 conventibus,
731 3980 887 4062 exemptis
909 3985 943 4044 et
973 3998 1035 4044 uon
1058 3980 1223 4061 exemptis,
1259 3978 1488 4057 cluniacensis,
1523 3976 1754 4057 cisterciensis,
1786 3977 1930 4044 cartusi-

418 4087 517 4165 ensis,
542 4085 855 4163 Prcmonstrutensis,
890 4089 1071 4159 sanctorum
1100 4083 1268 4150 Benedicti
1297 4088 1330 4147 et
1352 4081 1522 4164 Augustini
1553 4080 1741 4148 stelionum
1772 4082 1926 4163 ordinum,

417 4209 543 4256 necnon
566 4189 738 4272 magistris,
771 4188 930 4272 prioribus
963 4194 997 4253 et
1026 4188 1267 4272 preceptoribus
1296 4187 1400 4253 sancti
1429 4186 1585 4253 iohannis
1614 4186 1863 4253 ierosolimitani
1894 4194 1927 4254 et

416 4300 529 4362 sancte
551 4293 656 4359 Mario
677 4292 946 4359 Theutonicorum
969 4312 1007 4368 ac
1031 4292 1268 4359 Calatravensis
1286 4290 1492 4373 hospitalium
1515 4291 1583 4355 sive
1601 4290 1774 4371 domorum,
1790 4292 1829 4357 ad
1846 4311 1925 4374 quos

415 4404 588 4484 presentes
610 4398 718 4463 littere
740 4398 954 4480 pervenerint.
1001 4397 1080 4464 (iuro
1103 4415 1160 4462 nos
1184 4397 1212 4461 d.
1236 4395 1258 4462 f.
1281 4395 1467 4480 magistrum
1490 4395 1706 4475 Guillelmum,
1730 4396 1927 4478 prepositum

416 4505 556 4572 ecclesie
579 4503 808 4581 Possonicnsis,
832 4501 1059 4584 strigoniensis
1074 4501 1221 4580 diocesis,
1245 4500 1443 4584 capellanum
1467 4505 1619 4579 nostrum,
1643 4499 1818 4582 apostolice
1841 4498 1927 4566 seclis

416 4609 580 4687 nuncium,
604 4608 645 4673 ad
668 4607 848 4673 carissimos
871 4606 902 4670 in
927 4605 1055 4671 Christo
1084 4605 1190 4672 lino.
1213 4604 1353 4687 Vngarie
1383 4622 1420 4668 ac
1450 4604 1580 4668 Boernie
1614 4609 1647 4668 et
1676 4603 1806 4669 Polonie
1834 4623 1927 4687 reges

414 4713 562 4779 illustres
584 4716 618 4776 et
639 4716 748 4794 pentes
770 4710 841 4775 illas
864 4710 1129 4794 proquibusdam
1152 4710 1261 4775 arduis
1291 4710 1432 4792 negociis
1456 4708 1660 4788 destinemus
1685 4709 1925 4774 universitatem

414 4823 557 4883 vestram
587 4833 733 4899 rogemus
763 4821 796 4881 et
825 4815 989 4880 hortamur
1022 4820 1144 4880 attente
1172 4833 1231 4896 per
1254 4814 1430 4897 apostolica
1463 4813 1552 4879 vobis
1582 4813 1701 4895 scripta
1726 4814 1921 4891 mandantes,

412 4926 575 5005 quatenus
597 4919 734 4985 eundem
756 4919 915 4998 nuncium,
939 4938 1010 4984 cum
1031 4938 1090 5001 per
1112 4924 1221 5002 partes
1243 4925 1369 4984 vestras
1391 4919 1559 4985 transitum
1579 4917 1701 4997 iecerit,
1724 4918 1763 4982 ob
1780 4936 1927 4982 reveren-

414 5027 501 5092 ciam
525 5023 701 5107 apostolice
724 5024 810 5088 sedis
833 5030 867 5087 et
888 5029 1030 5090 nostram
1045 5024 1181 5107 benigne
1197 5024 1390 5105 recipientes
1406 5028 1439 5086 et
1454 5023 1598 5105 graciose
1613 5026 1800 5099 tractantes,
1816 5021 1928 5086 diebus

413 5129 555 5213 singulis
577 5128 681 5194 eundo
705 5128 745 5193 ad
769 5128 870 5193 dictas
892 5134 1001 5211 partus
1025 5134 1058 5193 et
1080 5129 1112 5194 in
1135 5128 1182 5192 eis
1204 5128 1356 5193 morando
1380 5146 1417 5191 ac
1440 5126 1602 5192 redeundo
1626 5127 1665 5192 de
1681 5125 1744 5190 illis
1767 5125 1871 5190 eidem
1894 5126 1925 5189 in

414 5240 559 5319 quatuor
580 5233 708 5299 florenis
731 5234 800 5299 auri
824 5252 881 5317 pro
904 5233 971 5297 suis
998 5231 1188 5298 necessariis
1221 5238 1254 5296 et
1278 5233 1318 5297 de
1342 5250 1453 5297 securo
1485 5231 1641 5296 conductu
1663 5248 1784 5295 necnon
1807 5230 1929 5295 evecci-

413 5340 533 5405 onibus
556 5338 731 5421 oportunis,
765 5338 873 5402 sisne
904 5336 1012 5403 forsan
1041 5338 1072 5402 iu
1103 5337 1154 5402 vis
1176 5336 1373 5402 decesserint
1403 5335 1453 5401 vel
1485 5333 1671 5413 defecerint,
1697 5334 1796 5413 vobis,
1820 5353 1929 5417 quarn-

410 5445 552 5529 primum
575 5441 644 5506 lieri
667 5443 795 5523 poterit,
814 5442 1032 5519 restituendis,
1056 5460 1125 5506 cum
1150 5460 1246 5522 super
1262 5439 1425 5523 premissis
1448 5458 1505 5521 per
1521 5458 1593 5505 eum
1614 5438 1665 5503 vel
1689 5440 1758 5504 eius
1781 5439 1929 5504 nuncium

410 5548 545 5616 fueritis
567 5546 725 5629 requisiti,
749 5545 926 5611 liberaliter
956 5545 1124 5628 providere
1155 5564 1192 5610 ac
1214 5545 1397 5609 mandatum
1422 5549 1563 5608 nostrum
1587 5542 1767 5607 huiusmodi
1792 5542 1837 5606 sic
1860 5542 1928 5609 effi·

410 5652 538 5718 caciter
561 5650 736 5732 adimplere
760 5652 889 5730 curetis,
914 5650 997 5733 quod
1020 5668 1078 5714 uos
1102 5649 1305 5714 devocioncm
1321 5655 1461 5714 vestram
1484 5647 1599 5712 exinde
1623 5645 1840 5713 commendare
1864 5664 1929 5710 me·

412 5759 481 5823 rito
503 5754 680 5834 valeamus,
715 5754 856 5837 alioquin
890 5754 1094 5833 sentenciam,
1130 5772 1224 5835 quam
1255 5754 1324 5835 ipse
1356 5753 1489 5817 nuncius
1520 5771 1577 5835 per
1607 5771 1642 5817 se
1672 5751 1722 5816 vel
1750 5750 1845 5815 alium
1868 5750 1929 5817 rite
