5184 7050
547 868 613 941 no

543 1082 633 1150 736.
656 1081 792 1160 Aiberto,
809 1083 883 1147 daci
899 1081 1058 1156 Anctrioe,
1073 1081 1232 1163 ccccm,
1248 1079 1514 1165 dispensationem
1535 1101 1631 1163 snper
1652 1077 1856 1144 matrimonio
1879 1080 2045 1152 contrcda

541 1206 637 1269 onum
667 1186 817 1271 petierat,
855 1181 1031 1252 concessam
1068 1208 1144 1263 esse,
1177 1185 1334 1268 simulque
1358 1190 1499 1266 ropotm,
1533 1189 1688 1267 qnatenna
1723 1182 1845 1262 Gamla,
1880 1182 1916 1247 in
1948 1202 2046 1263 repen

544 1292 756 1355 Romanorum
777 1293 880 1371 electo,
905 1292 1080 1356 adhaereat
1102 1295 1132 1354 et
1153 1290 1400 1363 matrimonium,
1432 1289 1514 1369 qnod
1536 1288 1618 1352 inter
1640 1287 1749 1370 fitium
1779 1307 1873 1351 snam
1895 1290 1925 1350 ot
1951 1285 2047 1370 ipsias

838 1395 946 1461 Caroli
959 1394 1069 1478 filiam
1093 1393 1178 1458 alios
1200 1393 1413 1470 craoaoamr,
1437 1392 1590 1476 complere
1606 1395 1766 1477 promeret.

1489 1601 1652 1678 Acinione,
1677 1601 1762 1666 1346
1787 1601 1932 1668 Octobris
1956 1605 2008 1669 18.

649 1848 688 1914 Ι).
711 1849 732 1913 1.
756 1848 854 1913 nobili
887 1849 956 1912 viro
989 1847 1131 1926 Alberto‚
1163 1847 1234 1912 duci
1257 1846 1397 1911 Austrie.
1445 1844 1631 1910 Nobilitatis
1654 1849 1708 1910 tue
1731 1845 1870 1925 litteras,
1895 1864 1954 1928 per
1975 1845 2006 1910 d
2027 1845 2045 1911 l.

546 1953 682 2018 nobilem
705 1954 807 2017 virum
831 1952 1003 2017 Honricum
1027 1951 1145 2016 dictum
1169 1950 1302 2029 Gesber,
1326 1950 1468 2027 militem,
1492 1950 1640 2014 nuncium
1664 1955 1763 2028 tuum,
1792 1956 1903 2015 nostro
1927 1955 2048 2032 aposto

544 2056 623 2121 latui
657 2062 870 2139 presentatas,
894 2055 987 2120 solite
1021 2055 1228 2138 benignitatis
1259 2053 1374 2120 affectu
1401 2054 1580 2135 recepimus
1603 2057 1645 2129 et,
1669 2070 1733 2134 que
1756 2053 1826 2136 ipse
1851 2054 2049 2120 continebant

544 2161 651 2226 littere
675 2160 844 2241 dictusque
867 2161 1001 2224 nuncius
1025 2160 1116 2224 nobis
1139 2178 1195 2242 pro
1219 2164 1310 2240 parte
1333 2164 1389 2222 tua
1412 2159 1536 2221 curavit
1558 2174 1725 2237 exponere,
1743 2156 1838 2238 pleno
1855 2162 1890 2222 et
1908 2157 2049 2224 benivolo

547 2264 731 2347 collegimus
746 2264 919 2329 intellectu.
945 2265 1027 2330 Sane
1044 2264 1119 2345 quia
1135 2270 1200 2328 tam
1213 2282 1271 2346 per
1284 2262 1411 2327 easdem
1424 2261 1549 2326 litteras
1562 2279 1657 2342 quam
1669 2263 1775 2343 ipsum
1786 2262 1940 2327 nuncium
1951 2262 2018 2347 [ob]
2027 2270 2050 2341 ‘l

546 2369 736 2447 devocionis,
752 2368 918 2434 fidelitatis
933 2373 966 2432 et
980 2368 1162 2432 reverencie
1178 2367 1405 2444 sinceritatem,
1422 2384 1516 2447 quam
1533 2364 1573 2429 ad
1589 2384 1646 2430 nos
1661 2371 1695 2430 et
1714 2371 1860 2430 sanctam
1883 2366 2049 2432 Romanam

546 2474 713 2538 ecclesiam
747 2473 876 2555 gessisti
909 2472 1065 2536 hactenus
1098 2478 1131 2536 et
1160 2489 1272 2554 gerere
1303 2473 1452 2536 continue
1481 2476 1633 2553 tanquam
1649 2470 1740 2544 viilius
1762 2471 2003 2537 benediccionis
2022 2478 2050 2535 et

546 2578 653 2660 gracie
676 2595 737 2641 non
761 2576 900 2655 desistis,
924 2595 1021 2657 super
1043 2581 1131 2640 certa
1154 2576 1405 2659 dispensacione,
1436 2594 1493 2656 per
1524 2592 1582 2639 nos
1604 2577 1747 2657 graciose
1771 2575 1989 2654 concedenda,
2011 2577 2051 2641 11-

549 2686 672 2746 stanter
694 2684 728 2744 et
749 2680 912 2745 humiliter
934 2680 1132 2762 supplicasti,
1155 2697 1223 2759 nos,
1247 2679 1323 2744 licet
1344 2678 1426 2746 tales
1458 2680 1717 2760 dispensaciones
1750 2683 1824 2761 post
1859 2686 2050 2745 contmtum

548 2786 594 2849 sic
617 2785 755 2849 scienter
778 2783 817 2848 de
839 2783 924 2849 facto
949 2791 981 2849 et
1004 2785 1035 2848 in
1058 2784 1111 2848 dei
1134 2782 1284 2849 offensam
1307 2783 1540 2848 matrimonium
1562 2801 1764 2865 nequaquam
1788 2785 1968 2849 mucedere
1989 2786 2051 2849 sine

548 2907 645 2953 causa
675 2888 813 2953 maxima
842 2892 875 2951 et
905 2888 1042 2952 evidenti
1074 2889 1267 2952 necessitate
1297 2905 1573 2966 consueveramus,
1603 2893 1718 2965 tamen,
1741 2887 1819 2969 quia
1843 2887 1983 2953 libenter
2003 2906 2051 2954 an-

548 2993 674 3057 nuimus
708 2993 791 3056 votis
824 2992 897 3070 tuis,
931 2991 1012 3056 hanc
1046 2992 1321 3072 dispensacionem
1354 3010 1412 3072 per
1440 2995 1473 3055 te
1502 2990 1695 3073 postulatam
1724 2991 1773 3056 tui
1796 2992 2051 3058 consideracione

549 3097 696 3161 duximus
719 3095 960 3173 concedendam,
984 3095 1117 3159 eandem
1140 3095 1337 3160 nobilitatem
1360 3102 1448 3160 tuam
1472 3100 1620 3178 rogantes
1638 3100 1771 3176 attente,
1788 3100 1988 3178 qnatenusa
2007 3104 2052 3161 ta-

548 3200 632 3265 libus
655 3200 863 3282 procurandis
886 3200 1103 3277 matrimoniis,
1129 3200 1237 3281 utiquo
1262 3200 1449 3281 periculosis
1471 3218 1533 3265 non
1556 3199 1723 3279 modicum,
1747 3206 1781 3265 et
1803 3200 1970 3282 prebendo
1984 3220 2050 3266 con·

549 3322 676 3368 sensum
699 3303 934 3385 quomodolibet
957 3323 1053 3386 super
1076 3303 1139 3368 illis
1163 3304 1301 3370 desistas
1323 3305 1448 3368 omniuo
1472 3310 1505 3369 et
1529 3305 1560 3368 in
1583 3304 1763 3370 huiusmodi
1792 3305 1972 3371 devocione
2000 3311 2050 3369 tue

550 3414 742 3487 constanter,
765 3416 801 3473 ut
824 3410 883 3474 deo
906 3428 943 3473 ac
967 3410 1056 3474 nobis
1080 3413 1113 3472 et
1137 3410 1197 3490 ipsi
1220 3408 1356 3474 ecclesie
1379 3428 1504 3491 semper
1527 3409 1692 3491 accepcicr
1707 3409 1864 3490 reddaris,
1879 3416 1914 3475 te
1931 3417 2046 3486 tenens,

550 3511 1155 3595 6111011111.Ο111616,1·6111Β6611116
1174 3512 1290 3578 illustri
1314 3519 1347 3577 61
1370 3514 1401 3578 111
1425 3533 1530 3597 regem
1553 3513 1765 3579 Romanorum
1788 3514 1904 3595 electo,
1929 3513 2048 3582 auxiliis

550 3624 582 3681 61
604 3616 766 3682 favoribus
790 3616 945 3682 adherens
968 3619 1142 3699 oportunis,
1173 3618 1259 3682 illius
1289 3618 1424 3682 hominis
1459 3618 1575 3700 perditi
1610 3639 1666 3701 pro
1700 3619 1791 3683 dolor
1825 3626 1860 3683 et
1881 3618 2049 3703 dampnati,

550 3721 704 3787 Ludouici
728 3722 768 3785 de
791 3721 939 3800 Bauaria‚
962 3722 1096 3787 heretici
1120 3729 1153 3786 et
1176 3723 1349 3788 scismatici
1372 3723 1544 3802 nranifesti,
1568 3722 1772 3788 adhesicnem
1794 3729 1949 3806 tanquam
1975 3724 2049 3807 peri·

550 3825 689 3891 culcsam
712 3829 745 3888 61
766 3824 961 3890 mortiferam
984 3827 1158 3908 prudenter
1181 3832 1213 3890 61
1235 3826 1408 3892 salubriter
1430 3829 1558 3909 penitus
1580 3827 1761 3894 devitando.
1807 3827 1909 3893 Porro
1936 3833 2048 3911 gratum

551 3929 641 3994 nobis
664 3928 818 3994 existeret
841 3936 874 3993 61
896 3930 975 3995 utile
998 3931 1167 4012 plurimum
1191 3932 1406 4009 crederemus
1429 3932 1512 4013 quod
1535 3937 1694 3998 tractatus
1716 3932 1797 3997 alias
1815 3931 1950 4000 habitus
1963 3950 2048 4015 saper

551 4032 764 4097 contrahendo
787 4035 986 4099 matrimonio
1010 4036 1094 4099 inter
1116 4041 1224 4099 natum
1247 4042 1337 4101 tuum
1360 4041 1392 4098 et
1415 4036 1557 4100 eiusdem
1580 4035 1675 4102 electi
1705 4035 1803 4102 filiam
1834 4036 2045 4119 compleretur,

550 4138 616 4218 qui,
649 4136 725 4201 licet
759 4137 845 4200 clare
878 4138 1028 4201 memorie
1061 4137 1234 4216 iohannes,
1269 4158 1324 4202 161
1358 4140 1497 4219 Boemic,
1532 4140 1655 4220 genitor
1685 4140 1771 4222 regis
1792 4140 1889 4206 electi
1913 4139 2043 4223 predicti,

551 4241 700 4307 affectare
723 4241 884 4305 diceretur
907 4241 1092 4306 contrahere
1115 4243 1313 4323 parentelam
1336 4244 1376 4308 dc
1400 4243 1486 4308 dicta
1508 4243 1574 4308 filia
1597 4262 1666 4307 cum
1683 4294 1690 4308 .
1706 4294 1713 4308 .
1728 4241 1794 4308 filio
1818 4245 1936 4310 nobilis
1954 4244 2041 4310 viri..

551 4345 742 4410 marchionis
776 4345 958 4423 Misnensis,
990 4351 1097 4410 tamen
1131 4346 1232 4412 electo
1267 4349 1411 4430 predicto
1447 4348 1532 4413 illam
1565 4354 1671 4413 tecum
1694 4367 1766 4413 cum
1789 4348 1875 4414 dicto
1898 4347 1962 4414 filio
1981 4347 2039 4430 plus

551 4449 700 4530 placebat
734 4453 766 4512 ct
799 4449 889 4514 nobis
923 4449 1032 4529 procul
1063 4450 1158 4515 dubio
1196 4458 1265 4516 crat
1299 4458 1332 4516 et
1354 4453 1416 4517 erit
1437 4453 1614 4534 accepciue,
1638 4453 1665 4516 si
1689 4458 1725 4517 ut
1749 4453 1951 4535 premisimus
1971 4469 2036 4518 com

552 4552 685 4635 pleatur.
734 4554 771 4616 l),
796 4553 954 4616 Aninionc
976 4552 1033 4618 XV
1057 4553 1118 4619 kal.
1144 4555 1331 4621 Novembris
1353 4576 1381 4620 a.
1406 4557 1525 4639 quinto.

656 4847 806 4901 Clementis
825 4847 862 4901 Vl
880 4846 912 4899 V.
934 4852 983 4900 140
1000 4852 1079 4912 (secr.
1099 4864 1122 4901 a.
1141 4848 1177 4913 V)
1194 4849 1212 4901 1.
1233 4851 1292 4902 vm'
1312 4866 1336 4902 11.
1357 4854 1415 4901 bat.
1444 4880 1475 4888 -
1504 4849 1553 4904 Ed
1586 4849 1751 4919 Werunslry,
1778 4849 1915 4919 Excerpta
1939 4865 1961 4902 n.
1985 4849 2026 4901 in.

552 4934 643 4990 vatin.
662 4933 753 4987 Alrten
773 4949 798 4986 n.
818 4939 894 4999 2308,
909 4933 1002 4987 Hubcr
1021 4939 1070 4988 tta
1089 4951 1115 4989 11.
1136 4940 1192 4989 188.
1213 4966 1245 4973 -
1272 4941 1295 4998 ι)
1315 4934 1393 4989 deest
1411 4936 1439 4989 in
1458 4935 1499 5001 V,
1519 4935 1609 5004 suppl.
1628 4936 1662 4990 ab
1681 4936 1795 4991 editore.
