<?xml version="1.0" encoding="UTF-8"?>
<!DOCTYPE html PUBLIC "-//W3C//DTD XHTML 1.0 Transitional//EN"
    "http://www.w3.org/TR/xhtml1/DTD/xhtml1-transitional.dtd">
<html xmlns="http://www.w3.org/1999/xhtml" xml:lang="en" lang="en">
 <head>
  <title>
</title>
<meta http-equiv="Content-Type" content="text/html;charset=utf-8" />
  <meta name='ocr-system' content='tesseract 3.04.00' />
  <meta name='ocr-capabilities' content='ocr_page ocr_carea ocr_par ocr_line ocrx_word'/>
</head>
<body>
  <div class='ocr_page' id='page_1' title='image "./monumentavatica01vatigoog_0065.png"; bbox 0 0 5184 7050; ppageno 0'>
   <div class='ocr_carea' id='block_1_1' title="bbox 1911 888 1953 960">
    <p class='ocr_par' dir='ltr' id='par_1_1' title="bbox 1911 888 1953 960">
     <span class='ocr_line' id='line_1_1' title="bbox 1911 888 1953 960; baseline -0.024 0"><span class='ocrx_word' id='word_1_1' title='bbox 1911 888 1953 960; x_wconf 80' lang='grc'>41</span> 
     </span>
    </p>
   </div>
   <div class='ocr_carea' id='block_1_2' title="bbox 446 1098 1957 1500">
    <p class='ocr_par' dir='ltr' id='par_1_2' title="bbox 452 1098 1957 1186">
     <span class='ocr_line' id='line_1_2' title="bbox 452 1098 1957 1186; baseline 0.001 -20"><span class='ocrx_word' id='word_1_2' title='bbox 452 1098 512 1167; x_wconf 76' lang='grc'>75.</span> <span class='ocrx_word' id='word_1_3' title='bbox 536 1099 675 1167; x_wconf 79' lang='lat' dir='ltr'>Hearico</span> <span class='ocrx_word' id='word_1_4' title='bbox 697 1100 816 1181; x_wconf 86' lang='lat' dir='ltr'>Haille,</span> <span class='ocrx_word' id='word_1_5' title='bbox 840 1098 952 1168; x_wconf 87' lang='lat' dir='ltr'>clerico</span> <span class='ocrx_word' id='word_1_6' title='bbox 974 1105 1004 1167; x_wconf 86' lang='lat' dir='ltr'>ct</span> <span class='ocrx_word' id='word_1_7' title='bbox 1025 1102 1194 1169; x_wconf 80' lang='lat' dir='ltr'>secretorio</span> <span class='ocrx_word' id='word_1_8' title='bbox 1217 1098 1387 1180; x_wconf 69' lang='lat' dir='ltr'>toletanis,</span> <span class='ocrx_word' id='word_1_9' title='bbox 1410 1100 1493 1185; x_wconf 80' lang='lat' dir='ltr'>repis</span> <span class='ocrx_word' id='word_1_10' title='bbox 1516 1100 1696 1179; x_wconf 83' lang='lat' dir='ltr'>Bobernicc,</span> <span class='ocrx_word' id='word_1_11' title='bbox 1719 1103 1770 1169; x_wconf 81' lang='lat' dir='ltr'>caci</span> <span class='ocrx_word' id='word_1_12' title='bbox 1797 1125 1858 1185; x_wconf 85' lang='lat' dir='ltr'>per</span> <span class='ocrx_word' id='word_1_13' title='bbox 1878 1125 1957 1186; x_wconf 75' lang='lat' dir='ltr'>pucr-</span> 
     </span>
    </p>

    <p class='ocr_par' dir='ltr' id='par_1_3' title="bbox 446 1203 1957 1291">
     <span class='ocr_line' id='line_1_3' title="bbox 446 1203 1957 1291; baseline 0.005 -25"><span class='ocrx_word' id='word_1_14' title='bbox 446 1203 620 1268; x_wconf 81' lang='lat' dir='ltr'>taordeeim</span> <span class='ocrx_word' id='word_1_15' title='bbox 653 1224 753 1269; x_wconf 86' lang='lat' dir='ltr'>annos</span> <span class='ocrx_word' id='word_1_16' title='bbox 786 1208 817 1270; x_wconf 82' lang='lat' dir='ltr'>et</span> <span class='ocrx_word' id='word_1_17' title='bbox 849 1207 989 1288; x_wconf 81' lang='lat' dir='ltr'>amplias</span> <span class='ocrx_word' id='word_1_18' title='bbox 1021 1205 1106 1277; x_wconf 85' lang='lat' dir='ltr'>bene,</span> <span class='ocrx_word' id='word_1_19' title='bbox 1140 1205 1308 1287; x_wconf 70' lang='lat' dir='ltr'>dilicenter</span> <span class='ocrx_word' id='word_1_20' title='bbox 1341 1212 1370 1271; x_wconf 85' lang='lat' dir='ltr'>et</span> <span class='ocrx_word' id='word_1_21' title='bbox 1392 1207 1536 1288; x_wconf 82' lang='lat' dir='ltr'>lepaliter</span> <span class='ocrx_word' id='word_1_22' title='bbox 1556 1208 1693 1286; x_wconf 74' lang='lat' dir='ltr'>remitit,</span> <span class='ocrx_word' id='word_1_23' title='bbox 1712 1208 1898 1291; x_wconf 82' lang='lat' dir='ltr'>providetur</span> <span class='ocrx_word' id='word_1_24' title='bbox 1920 1208 1957 1273; x_wconf 80' lang='lat' dir='ltr'>dc</span> 
     </span>
    </p>

    <p class='ocr_par' dir='ltr' id='par_1_4' title="bbox 448 1309 1956 1500">
     <span class='ocr_line' id='line_1_4' title="bbox 448 1309 1956 1397; baseline 0.003 -25"><span class='ocrx_word' id='word_1_25' title='bbox 448 1309 640 1373; x_wconf 77' lang='lat' dir='ltr'><strong><em>canonicatu</em></strong></span> <span class='ocrx_word' id='word_1_26' title='bbox 659 1309 810 1374; x_wconf 84' lang='lat' dir='ltr'>ecclesiae</span> <span class='ocrx_word' id='word_1_27' title='bbox 834 1311 1048 1374; x_wconf 82' lang='lat' dir='ltr'>Trcricctensis</span> <span class='ocrx_word' id='word_1_28' title='bbox 1069 1310 1126 1376; x_wconf 76' lang='lat' dir='ltr'>aab</span> <span class='ocrx_word' id='word_1_29' title='bbox 1148 1314 1362 1394; x_wconf 74' lang='lat' dir='ltr'>expectatione</span> <span class='ocrx_word' id='word_1_30' title='bbox 1378 1313 1588 1395; x_wconf 76' lang='lat' dir='ltr'><em>praebendae.</em></span> <span class='ocrx_word' id='word_1_31' title='bbox 1633 1314 1685 1388; x_wconf 89' lang='lat' dir='ltr'>,D.</span> <span class='ocrx_word' id='word_1_32' title='bbox 1710 1313 1798 1397; x_wconf 78' lang='lat' dir='ltr'>opud</span> <span class='ocrx_word' id='word_1_33' title='bbox 1829 1312 1956 1378; x_wconf 82' lang='lat' dir='ltr'>Villam·</span> 
     </span>
     <span class='ocr_line' id='line_1_5' title="bbox 586 1413 1815 1500; baseline 0.004 -23"><span class='ocrx_word' id='word_1_34' title='bbox 586 1418 748 1495; x_wconf 54' lang='lat' dir='ltr'>aecumst)</span> <span class='ocrx_word' id='word_1_35' title='bbox 771 1413 811 1479; x_wconf 82' lang='lat' dir='ltr'>A.</span> <span class='ocrx_word' id='word_1_36' title='bbox 835 1414 877 1483; x_wconf 81' lang='lat' dir='ltr'>cl..</span> <span class='ocrx_word' id='word_1_37' title='bbox 902 1417 982 1481; x_wconf 85' lang='lat' dir='ltr'>llll</span> <span class='ocrx_word' id='word_1_38' title='bbox 1000 1436 1070 1480; x_wconf 78' lang='grc' dir='ltr'>ιιοιι.</span> <span class='ocrx_word' id='word_1_39' title='bbox 1094 1416 1233 1496; x_wconf 70' lang='lat' dir='ltr'>cacan</span> <span class='ocrx_word' id='word_1_40' title='bbox 1254 1438 1285 1481; x_wconf 90' lang='lat' dir='ltr'>a.</span> <span class='ocrx_word' id='word_1_41' title='bbox 1307 1418 1433 1500; x_wconf 66' lang='lat' dir='ltr'>primo!</span> <span class='ocrx_word' id='word_1_42' title='bbox 1479 1418 1595 1482; x_wconf 79' lang='lat' dir='ltr'>lbrnta</span> <span class='ocrx_word' id='word_1_43' title='bbox 1617 1422 1653 1482; x_wconf 78' lang='lat' dir='ltr'>at</span> <span class='ocrx_word' id='word_1_44' title='bbox 1674 1419 1709 1482; x_wconf 87' lang='lat' dir='ltr'>in</span> <span class='ocrx_word' id='word_1_45' title='bbox 1731 1440 1762 1482; x_wconf 82' lang='lat' dir='ltr'>a.</span> <span class='ocrx_word' id='word_1_46' title='bbox 1785 1420 1815 1482; x_wconf 83' lang='grc'>6.</span> 
     </span>
    </p>
   </div>
   <div class='ocr_carea' id='block_1_3' title="bbox 553 1524 1910 1734">
    <p class='ocr_par' dir='ltr' id='par_1_5' title="bbox 553 1524 1910 1734">
     <span class='ocr_line' id='line_1_6' title="bbox 553 1524 1910 1734; baseline 0.016 -55"><span class='ocrx_word' id='word_1_47' title='bbox 553 1524 603 1734; x_wconf 56' lang='grc' dir='ltr'><strong>ὲ</strong></span> <span class='ocrx_word' id='word_1_48' title='bbox 1220 1632 1318 1717; x_wconf 79' lang='lat' dir='ltr'>Apud</span> <span class='ocrx_word' id='word_1_49' title='bbox 1348 1632 1910 1716; x_wconf 73' lang='lat' dir='ltr'>Villanmocam,1342Aapasti2.</span> 
     </span>
    </p>
   </div>
   <div class='ocr_carea' id='block_1_4' title="bbox 446 1853 1954 2096">
    <p class='ocr_par' dir='ltr' id='par_1_6' title="bbox 446 1853 1954 2096">
     <span class='ocr_line' id='line_1_7' title="bbox 551 1853 1954 1929; baseline 0.004 -22"><span class='ocrx_word' id='word_1_50' title='bbox 551 1853 702 1908; x_wconf 85' lang='lat' dir='ltr'>Clementis</span> <span class='ocrx_word' id='word_1_51' title='bbox 722 1854 801 1908; x_wconf 82' lang='lat' dir='ltr'>VIA</span> <span class='ocrx_word' id='word_1_52' title='bbox 821 1855 862 1924; x_wconf 69' lang='lat' dir='ltr'>Ila</span> <span class='ocrx_word' id='word_1_53' title='bbox 882 1860 937 1919; x_wconf 72' lang='grc' dir='ltr'>(ιιι</span> <span class='ocrx_word' id='word_1_54' title='bbox 956 1855 973 1908; x_wconf 82' lang='lat' dir='ltr'>l.</span> <span class='ocrx_word' id='word_1_55' title='bbox 993 1862 1052 1922; x_wconf 74' lang='lat'>2⁶27,</span> <span class='ocrx_word' id='word_1_56' title='bbox 1072 1855 1105 1909; x_wconf 92' lang='lat' dir='ltr'>de</span> <span class='ocrx_word' id='word_1_57' title='bbox 1124 1856 1286 1910; x_wconf 77' lang='lat' dir='ltr'><strong>canonicatu</strong></span> <span class='ocrx_word' id='word_1_58' title='bbox 1306 1857 1357 1911; x_wconf 88' lang='lat' dir='ltr'>sab</span> <span class='ocrx_word' id='word_1_59' title='bbox 1378 1856 1568 1926; x_wconf 73' lang='lat' dir='ltr'>expectatione</span> <span class='ocrx_word' id='word_1_60' title='bbox 1590 1858 1763 1927; x_wconf 82' lang='lat' dir='ltr'>praebendae</span> <span class='ocrx_word' id='word_1_61' title='bbox 1782 1877 1827 1929; x_wconf 91' lang='lat' dir='ltr'>qu.</span> <span class='ocrx_word' id='word_1_62' title='bbox 1846 1866 1910 1913; x_wconf 79' lang='lat'>8:</span> <span class='ocrx_word' id='word_1_63' title='bbox 1922 1860 1954 1914; x_wconf 87' lang='lat' dir='ltr'>V.</span> 
     </span>
     <span class='ocr_line' id='line_1_8' title="bbox 449 1941 1954 2011; baseline 0.004 -17"><span class='ocrx_word' id='word_1_64' title='bbox 449 1941 739 1995; x_wconf 75' lang='grc' dir='ltr'>148ι.369ἰι.4ιι.</span> <span class='ocrx_word' id='word_1_65' title='bbox 777 1941 961 2009; x_wconf 83' lang='lat' dir='ltr'>Registratum</span> <span class='ocrx_word' id='word_1_66' title='bbox 988 1942 1062 2011; x_wconf 67' lang='lat' dir='ltr'>alicui</span> <span class='ocrx_word' id='word_1_67' title='bbox 1090 1943 1163 1997; x_wconf 87' lang='lat' dir='ltr'>(lisb.</span> <span class='ocrx_word' id='word_1_68' title='bbox 1191 1944 1281 2010; x_wconf 82' lang='lat' dir='ltr'>Bran,</span> <span class='ocrx_word' id='word_1_69' title='bbox 1309 1945 1461 1999; x_wconf 84' lang='lat' dir='ltr'>Bnllarinrn</span> <span class='ocrx_word' id='word_1_70' title='bbox 1488 1945 1665 2000; x_wconf 85' lang='lat' dir='ltr'>Traiectense</span> <span class='ocrx_word' id='word_1_71' title='bbox 1693 1947 1704 1999; x_wconf 97' lang='lat' dir='ltr'>I</span> <span class='ocrx_word' id='word_1_72' title='bbox 1731 1963 1802 2000; x_wconf 88' lang='lat' dir='ltr'>num.</span> <span class='ocrx_word' id='word_1_73' title='bbox 1825 1952 1901 2000; x_wconf 84' lang='lat'>1031.</span> <span class='ocrx_word' id='word_1_74' title='bbox 1921 1978 1954 1986; x_wconf 94' lang='lat'><strong>—</strong></span> 
     </span>
     <span class='ocr_line' id='line_1_9' title="bbox 446 2029 844 2096; baseline 0.005 -15"><span class='ocrx_word' id='word_1_75' title='bbox 446 2040 473 2093; x_wconf 77' lang='lat'>¹)</span> <span class='ocrx_word' id='word_1_76' title='bbox 493 2044 564 2081; x_wconf 84' lang='lat' dir='ltr'>corr.</span> <span class='ocrx_word' id='word_1_77' title='bbox 584 2043 619 2082; x_wconf 83' lang='lat' dir='ltr'>ex</span> <span class='ocrx_word' id='word_1_78' title='bbox 636 2029 793 2096; x_wconf 77' lang='lat' dir='ltr'>,nuirrione</span> <span class='ocrx_word' id='word_1_79' title='bbox 813 2034 844 2083; x_wconf 73' lang='grc' dir='ltr'>Α.</span> 
     </span>
    </p>
   </div>
   <div class='ocr_carea' id='block_1_5' title="bbox 449 2487 1954 2577">
    <p class='ocr_par' dir='ltr' id='par_1_7' title="bbox 449 2487 1954 2577">
     <span class='ocr_line' id='line_1_10' title="bbox 449 2487 1954 2577; baseline 0.007 -24"><span class='ocrx_word' id='word_1_80' title='bbox 449 2490 508 2555; x_wconf 71' lang='lat'>76.</span> <span class='ocrx_word' id='word_1_81' title='bbox 535 2488 672 2552; x_wconf 83' lang='lat' dir='ltr'>Hearico</span> <span class='ocrx_word' id='word_1_82' title='bbox 696 2487 804 2552; x_wconf 81' lang='lat' dir='ltr'>Harlle</span> <span class='ocrx_word' id='word_1_83' title='bbox 830 2488 1017 2571; x_wconf 73' lang='lat' dir='ltr'>providetur</span> <span class='ocrx_word' id='word_1_84' title='bbox 1050 2493 1088 2557; x_wconf 80' lang='lat' dir='ltr'>(lc</span> <span class='ocrx_word' id='word_1_85' title='bbox 1117 2493 1331 2577; x_wconf 80' lang='lat' dir='ltr'>supplemento</span> <span class='ocrx_word' id='word_1_86' title='bbox 1360 2499 1513 2559; x_wconf 83' lang='lat' dir='ltr'>ecccataro</span> <span class='ocrx_word' id='word_1_87' title='bbox 1535 2496 1569 2560; x_wconf 83' lang='lat' dir='ltr'>in</span> <span class='ocrx_word' id='word_1_88' title='bbox 1591 2495 1721 2562; x_wconf 81' lang='lat' dir='ltr'>ecclesia</span> <span class='ocrx_word' id='word_1_89' title='bbox 1749 2498 1954 2564; x_wconf 86' lang='lat' dir='ltr'>Traiectensi.</span> 
     </span>
    </p>
   </div>
   <div class='ocr_carea' id='block_1_6' title="bbox 489 2677 1906 2766">
    <p class='ocr_par' dir='ltr' id='par_1_8' title="bbox 489 2677 1906 2766">
     <span class='ocr_line' id='line_1_11' title="bbox 489 2677 1906 2766; baseline -0.005 -14"><span class='ocrx_word' id='word_1_90' title='bbox 489 2711 531 2765; x_wconf 69' lang='lat' dir='ltr'>,x</span> <span class='ocrx_word' id='word_1_91' title='bbox 554 2679 602 2766; x_wconf 64' lang='grc' dir='ltr'><em>ἱ</em></span> <span class='ocrx_word' id='word_1_92' title='bbox 1220 2677 1316 2759; x_wconf 78' lang='lat' dir='ltr'>Apud</span> <span class='ocrx_word' id='word_1_93' title='bbox 1346 2677 1584 2758; x_wconf 85' lang='lat' dir='ltr'>Villamnoonm,</span> <span class='ocrx_word' id='word_1_94' title='bbox 1608 2682 1694 2745; x_wconf 75' lang='lat'><em>1342</em></span> <span class='ocrx_word' id='word_1_95' title='bbox 1716 2678 1855 2761; x_wconf 76' lang='lat' dir='ltr'>Aspasti</span> <span class='ocrx_word' id='word_1_96' title='bbox 1876 2685 1906 2745; x_wconf 77' lang='lat'>2.</span> 
     </span>
    </p>
   </div>
   <div class='ocr_carea' id='block_1_7' title="bbox 438 2888 1957 5896">
    <p class='ocr_par' dir='ltr' id='par_1_9' title="bbox 438 2888 1957 4955">
     <span class='ocr_line' id='line_1_12' title="bbox 552 2888 1952 2976; baseline 0.006 -23"><span class='ocrx_word' id='word_1_97' title='bbox 552 2890 591 2953; x_wconf 91' lang='lat' dir='ltr'>D.</span> <span class='ocrx_word' id='word_1_98' title='bbox 615 2888 702 2976; x_wconf 86' lang='lat' dir='ltr'>[l.]·)</span> <span class='ocrx_word' id='word_1_99' title='bbox 725 2892 865 2958; x_wconf 86' lang='lat' dir='ltr'>Hearico</span> <span class='ocrx_word' id='word_1_100' title='bbox 889 2893 993 2973; x_wconf 85' lang='lat' dir='ltr'>Helle,</span> <span class='ocrx_word' id='word_1_101' title='bbox 1017 2895 1169 2960; x_wconf 87' lang='lat' dir='ltr'>canonico</span> <span class='ocrx_word' id='word_1_102' title='bbox 1191 2895 1399 2973; x_wconf 80' lang='lat' dir='ltr'>Traicctensi,</span> <span class='ocrx_word' id='word_1_103' title='bbox 1424 2914 1447 2959; x_wconf 89' lang='lat' dir='ltr'>s.</span> <span class='ocrx_word' id='word_1_104' title='bbox 1473 2901 1532 2960; x_wconf 89' lang='lat' dir='ltr'>etc.</span> <span class='ocrx_word' id='word_1_105' title='bbox 1558 2896 1724 2962; x_wconf 66' lang='lat' dir='ltr'>attributa</span> <span class='ocrx_word' id='word_1_106' title='bbox 1745 2898 1804 2961; x_wconf 93' lang='lat' dir='ltr'>tibi</span> <span class='ocrx_word' id='word_1_107' title='bbox 1839 2899 1952 2962; x_wconf 88' lang='lat' dir='ltr'>merita</span> 
     </span>
     <span class='ocr_line' id='line_1_13' title="bbox 450 2995 1955 3081; baseline 0.005 -24"><span class='ocrx_word' id='word_1_108' title='bbox 450 2995 630 3074; x_wconf 59' lang='lat' dir='ltr'>probitatis</span> <span class='ocrx_word' id='word_1_109' title='bbox 655 3021 743 3076; x_wconf 79' lang='lat' dir='ltr'>snper</span> <span class='ocrx_word' id='word_1_110' title='bbox 766 3004 871 3075; x_wconf 80' lang='lat' dir='ltr'>quibus</span> <span class='ocrx_word' id='word_1_111' title='bbox 894 3022 1048 3078; x_wconf 90' lang='lat' dir='ltr'>personam</span> <span class='ocrx_word' id='word_1_112' title='bbox 1071 3011 1151 3064; x_wconf 91' lang='lat' dir='ltr'>tuam</span> <span class='ocrx_word' id='word_1_113' title='bbox 1173 3007 1267 3064; x_wconf 79' lang='lat' dir='ltr'>iuvari</span> <span class='ocrx_word' id='word_1_114' title='bbox 1291 3009 1483 3080; x_wconf 87' lang='lat' dir='ltr'>percepimus,</span> <span class='ocrx_word' id='word_1_115' title='bbox 1506 3025 1559 3066; x_wconf 91' lang='lat' dir='ltr'>nos</span> <span class='ocrx_word' id='word_1_116' title='bbox 1583 3007 1735 3081; x_wconf 86' lang='lat' dir='ltr'>inducunt,</span> <span class='ocrx_word' id='word_1_117' title='bbox 1753 3014 1784 3065; x_wconf 89' lang='lat' dir='ltr'>ut</span> <span class='ocrx_word' id='word_1_118' title='bbox 1802 3012 1831 3065; x_wconf 92' lang='lat' dir='ltr'>te</span> <span class='ocrx_word' id='word_1_119' title='bbox 1855 3005 1955 3065; x_wconf 75' lang='lat' dir='ltr'>favore</span> 
     </span>
     <span class='ocr_line' id='line_1_14' title="bbox 448 3104 1956 3188; baseline 0.004 -26"><span class='ocrx_word' id='word_1_120' title='bbox 448 3106 611 3178; x_wconf 88' lang='lat' dir='ltr'>apostolico</span> <span class='ocrx_word' id='word_1_121' title='bbox 634 3114 845 3179; x_wconf 84' lang='lat' dir='ltr'>prosequentes</span> <span class='ocrx_word' id='word_1_122' title='bbox 864 3108 918 3166; x_wconf 91' lang='lat' dir='ltr'>tibi</span> <span class='ocrx_word' id='word_1_123' title='bbox 935 3110 1091 3167; x_wconf 78' lang='lat' dir='ltr'>reclclamur</span> <span class='ocrx_word' id='word_1_124' title='bbox 1112 3111 1150 3168; x_wconf 88' lang='lat' dir='ltr'>ad</span> <span class='ocrx_word' id='word_1_125' title='bbox 1173 3111 1301 3183; x_wconf 79' lang='lat' dir='ltr'>graciam</span> <span class='ocrx_word' id='word_1_126' title='bbox 1324 3111 1471 3170; x_wconf 88' lang='lat' dir='ltr'>liberales.</span> <span class='ocrx_word' id='word_1_127' title='bbox 1494 3104 1647 3169; x_wconf 87' lang='lat' dir='ltr'>Volentcs</span> <span class='ocrx_word' id='word_1_128' title='bbox 1670 3106 1780 3185; x_wconf 85' lang='lat' dir='ltr'>itaque</span> <span class='ocrx_word' id='word_1_129' title='bbox 1802 3106 1861 3170; x_wconf 87' lang='lat' dir='ltr'>tibi</span> <span class='ocrx_word' id='word_1_130' title='bbox 1884 3124 1956 3188; x_wconf 83' lang='lat' dir='ltr'>prc-</span> 
     </span>
     <span class='ocr_line' id='line_1_15' title="bbox 449 3202 1954 3286; baseline 0.005 -20"><span class='ocrx_word' id='word_1_131' title='bbox 449 3202 618 3268; x_wconf 89' lang='lat' dir='ltr'>missorum</span> <span class='ocrx_word' id='word_1_132' title='bbox 652 3205 836 3268; x_wconf 75' lang='lat' dir='ltr'>intentorum</span> <span class='ocrx_word' id='word_1_133' title='bbox 870 3213 997 3270; x_wconf 88' lang='lat' dir='ltr'>tuorum</span> <span class='ocrx_word' id='word_1_134' title='bbox 1024 3208 1142 3272; x_wconf 91' lang='lat' dir='ltr'>intuitu</span> <span class='ocrx_word' id='word_1_135' title='bbox 1166 3215 1198 3272; x_wconf 87' lang='lat' dir='ltr'>ct</span> <span class='ocrx_word' id='word_1_136' title='bbox 1222 3209 1479 3273; x_wconf 70' lang='lat' dir='ltr'>consideracione</span> <span class='ocrx_word' id='word_1_137' title='bbox 1502 3228 1527 3272; x_wconf 91' lang='lat' dir='ltr'>c.</span> <span class='ocrx_word' id='word_1_138' title='bbox 1553 3209 1585 3272; x_wconf 89' lang='lat' dir='ltr'>in</span> <span class='ocrx_word' id='word_1_139' title='bbox 1609 3207 1665 3272; x_wconf 84' lang='lat' dir='ltr'>(lh.</span> <span class='ocrx_word' id='word_1_140' title='bbox 1689 3209 1710 3272; x_wconf 87' lang='lat' dir='ltr'>f.</span> <span class='ocrx_word' id='word_1_141' title='bbox 1735 3229 1765 3273; x_wconf 93' lang='lat' dir='ltr'>n.</span> <span class='ocrx_word' id='word_1_142' title='bbox 1788 3208 1954 3286; x_wconf 69' lang='lat' dir='ltr'>latrantis,</span> 
     </span>
     <span class='ocr_line' id='line_1_16' title="bbox 447 3307 1955 3393; baseline 0.003 -24"><span class='ocrx_word' id='word_1_143' title='bbox 447 3307 530 3388; x_wconf 83' lang='lat' dir='ltr'>regis</span> <span class='ocrx_word' id='word_1_144' title='bbox 552 3307 685 3372; x_wconf 86' lang='lat' dir='ltr'>Bocmie</span> <span class='ocrx_word' id='word_1_145' title='bbox 708 3308 853 3389; x_wconf 78' lang='lat' dir='ltr'>illustria,</span> <span class='ocrx_word' id='word_1_146' title='bbox 869 3329 927 3391; x_wconf 91' lang='lat' dir='ltr'>pro</span> <span class='ocrx_word' id='word_1_147' title='bbox 942 3316 984 3388; x_wconf 89' lang='lat' dir='ltr'>tc,</span> <span class='ocrx_word' id='word_1_148' title='bbox 1001 3310 1117 3374; x_wconf 83' lang='lat' dir='ltr'>dilecto</span> <span class='ocrx_word' id='word_1_149' title='bbox 1142 3313 1315 3375; x_wconf 87' lang='lat' dir='ltr'>secretario</span> <span class='ocrx_word' id='word_1_150' title='bbox 1340 3330 1407 3389; x_wconf 89' lang='lat' dir='ltr'>suo,</span> <span class='ocrx_word' id='word_1_151' title='bbox 1424 3313 1514 3377; x_wconf 91' lang='lat' dir='ltr'>nobis</span> <span class='ocrx_word' id='word_1_152' title='bbox 1538 3313 1570 3376; x_wconf 88' lang='lat' dir='ltr'>in</span> <span class='ocrx_word' id='word_1_153' title='bbox 1593 3311 1653 3375; x_wconf 89' lang='lat' dir='ltr'>hac</span> <span class='ocrx_word' id='word_1_154' title='bbox 1676 3318 1769 3393; x_wconf 85' lang='lat' dir='ltr'>parte</span> <span class='ocrx_word' id='word_1_155' title='bbox 1790 3311 1955 3376; x_wconf 89' lang='lat' dir='ltr'>humiliter</span> 
     </span>
     <span class='ocr_line' id='line_1_17' title="bbox 447 3411 1953 3497; baseline 0.003 -22"><span class='ocrx_word' id='word_1_156' title='bbox 447 3411 668 3492; x_wconf 79' lang='lat' dir='ltr'>supplicantia,</span> <span class='ocrx_word' id='word_1_157' title='bbox 682 3413 705 3488; x_wconf 60' lang='grc' dir='ltr'>1,ι</span> <span class='ocrx_word' id='word_1_158' title='bbox 740 3415 881 3495; x_wconf 58' lang='lat' dir='ltr'>ananiam</span> <span class='ocrx_word' id='word_1_159' title='bbox 919 3415 1027 3479; x_wconf 89' lang='lat' dir='ltr'>lacorc</span> <span class='ocrx_word' id='word_1_160' title='bbox 1065 3415 1246 3496; x_wconf 86' lang='lat' dir='ltr'>specialem,</span> <span class='ocrx_word' id='word_1_161' title='bbox 1281 3416 1535 3497; x_wconf 87' lang='lat' dir='ltr'>supplementum</span> <span class='ocrx_word' id='word_1_162' title='bbox 1570 3415 1705 3480; x_wconf 87' lang='lat' dir='ltr'>ecclesie</span> <span class='ocrx_word' id='word_1_163' title='bbox 1728 3415 1953 3494; x_wconf 85' lang='lat' dir='ltr'>Traiectensis,</span> 
     </span>
     <span class='ocr_line' id='line_1_18' title="bbox 445 3518 1955 3600; baseline 0.005 -23"><span class='ocrx_word' id='word_1_164' title='bbox 445 3521 632 3581; x_wconf 88' lang='lat' dir='ltr'>consuetum</span> <span class='ocrx_word' id='word_1_165' title='bbox 656 3518 817 3583; x_wconf 86' lang='lat' dir='ltr'>canonicis</span> <span class='ocrx_word' id='word_1_166' title='bbox 840 3519 983 3584; x_wconf 87' lang='lat' dir='ltr'>eiusdem</span> <span class='ocrx_word' id='word_1_167' title='bbox 1007 3519 1141 3583; x_wconf 86' lang='lat' dir='ltr'>ecclesie</span> <span class='ocrx_word' id='word_1_168' title='bbox 1165 3520 1332 3600; x_wconf 74' lang='lat' dir='ltr'>assignari,</span> <span class='ocrx_word' id='word_1_169' title='bbox 1357 3520 1383 3583; x_wconf 89' lang='lat' dir='ltr'>si</span> <span class='ocrx_word' id='word_1_170' title='bbox 1407 3519 1492 3600; x_wconf 81' lang='lat' dir='ltr'>quocl</span> <span class='ocrx_word' id='word_1_171' title='bbox 1515 3519 1547 3583; x_wconf 92' lang='lat' dir='ltr'>in</span> <span class='ocrx_word' id='word_1_172' title='bbox 1571 3518 1656 3584; x_wconf 71' lang='lat' dir='ltr'>{licta</span> <span class='ocrx_word' id='word_1_173' title='bbox 1690 3518 1828 3584; x_wconf 88' lang='lat' dir='ltr'>ecclesia</span> <span class='ocrx_word' id='word_1_174' title='bbox 1860 3526 1955 3584; x_wconf 85' lang='lat' dir='ltr'>vacat</span> 
     </span>
     <span class='ocr_line' id='line_1_19' title="bbox 445 3620 1952 3709; baseline 0.003 -26"><span class='ocrx_word' id='word_1_175' title='bbox 445 3620 484 3684; x_wconf 89' lang='lat' dir='ltr'>ad</span> <span class='ocrx_word' id='word_1_176' title='bbox 507 3639 653 3702; x_wconf 86' lang='lat' dir='ltr'>presens,</span> <span class='ocrx_word' id='word_1_177' title='bbox 678 3622 726 3686; x_wconf 78' lang='lat' dir='ltr'>sel</span> <span class='ocrx_word' id='word_1_178' title='bbox 751 3642 820 3686; x_wconf 86' lang='lat' dir='ltr'>curn</span> <span class='ocrx_word' id='word_1_179' title='bbox 844 3625 1017 3701; x_wconf 83' lang='lat' dir='ltr'>vacaverit,</span> <span class='ocrx_word' id='word_1_180' title='bbox 1036 3628 1194 3705; x_wconf 76' lang='lat' dir='ltr'>[eltnnaln</span> <span class='ocrx_word' id='word_1_181' title='bbox 1220 3630 1468 3701; x_wconf 65' lang='lat' dir='ltr'>,acceptationis</span> <span class='ocrx_word' id='word_1_182' title='bbox 1492 3633 1525 3684; x_wconf 83' lang='lat' dir='ltr'>at</span> <span class='ocrx_word' id='word_1_183' title='bbox 1550 3631 1582 3685; x_wconf 85' lang='lat' dir='ltr'>in</span> <span class='ocrx_word' id='word_1_184' title='bbox 1607 3647 1635 3685; x_wconf 84' lang='lat' dir='ltr'>n.</span> <span class='ocrx_word' id='word_1_185' title='bbox 1658 3622 1703 3709; x_wconf 66' lang='grc' dir='ltr'>ιγ,</span> <span class='ocrx_word' id='word_1_186' title='bbox 1728 3624 1952 3690; x_wconf 85' lang='lat' dir='ltr'>corrierouclum</span> 
     </span>
     <span class='ocr_line' id='line_1_20' title="bbox 443 3726 1953 3806; baseline 0.003 -17"><span class='ocrx_word' id='word_1_187' title='bbox 443 3726 502 3789; x_wconf 87' lang='lat' dir='ltr'>tibi</span> <span class='ocrx_word' id='word_1_188' title='bbox 525 3738 595 3805; x_wconf 87' lang='lat' dir='ltr'>post</span> <span class='ocrx_word' id='word_1_189' title='bbox 617 3733 854 3805; x_wconf 70' lang='lat' dir='ltr'>acceptationem</span> <span class='ocrx_word' id='word_1_190' title='bbox 878 3734 1044 3794; x_wconf 87' lang='lat' dir='ltr'>huiusmodi</span> <span class='ocrx_word' id='word_1_191' title='bbox 1067 3753 1132 3793; x_wconf 91' lang='lat' dir='ltr'>cum</span> <span class='ocrx_word' id='word_1_192' title='bbox 1153 3736 1287 3795; x_wconf 88' lang='lat' dir='ltr'>omnibus</span> <span class='ocrx_word' id='word_1_193' title='bbox 1311 3735 1425 3793; x_wconf 88' lang='lat' dir='ltr'>iuribus</span> <span class='ocrx_word' id='word_1_194' title='bbox 1449 3739 1478 3793; x_wconf 89' lang='lat' dir='ltr'>ct</span> <span class='ocrx_word' id='word_1_195' title='bbox 1500 3734 1692 3806; x_wconf 85' lang='lat' dir='ltr'>pertinenciis</span> <span class='ocrx_word' id='word_1_196' title='bbox 1709 3735 1770 3793; x_wconf 89' lang='lat' dir='ltr'>suis</span> <span class='ocrx_word' id='word_1_197' title='bbox 1786 3728 1953 3794; x_wconf 81' lang='lat' dir='ltr'>donacioni</span> 
     </span>
     <span class='ocr_line' id='line_1_21' title="bbox 444 3830 1953 3914; baseline 0.002 -21"><span class='ocrx_word' id='word_1_198' title='bbox 444 3830 622 3911; x_wconf 77' lang='lat' dir='ltr'>apostolice</span> <span class='ocrx_word' id='word_1_199' title='bbox 645 3849 856 3909; x_wconf 52' lang='lat' dir='ltr'>reservamus</span> <span class='ocrx_word' id='word_1_200' title='bbox 880 3834 1055 3913; x_wconf 78' lang='lat' dir='ltr'>[cicerculae</span> <span class='ocrx_word' id='word_1_201' title='bbox 1078 3838 1300 3906; x_wconf 84' lang='lat' dir='ltr'>,ircltibitionis‘</span> <span class='ocrx_word' id='word_1_202' title='bbox 1324 3841 1353 3894; x_wconf 88' lang='lat' dir='ltr'>et</span> <span class='ocrx_word' id='word_1_203' title='bbox 1376 3837 1513 3906; x_wconf 73' lang='lat' dir='ltr'>,decretl</span> <span class='ocrx_word' id='word_1_204' title='bbox 1538 3841 1571 3893; x_wconf 84' lang='lat' dir='ltr'>ut</span> <span class='ocrx_word' id='word_1_205' title='bbox 1594 3840 1626 3893; x_wconf 87' lang='lat' dir='ltr'>in</span> <span class='ocrx_word' id='word_1_206' title='bbox 1643 3857 1673 3894; x_wconf 82' lang='lat' dir='ltr'>a.</span> <span class='ocrx_word' id='word_1_207' title='bbox 1692 3832 1785 3914; x_wconf 79' lang='lat' dir='ltr'><em>6²)J;</em></span> <span class='ocrx_word' id='word_1_208' title='bbox 1808 3834 1953 3914; x_wconf 81' lang='lat' dir='ltr'>[non-ob·</span> 
     </span>
     <span class='ocr_line' id='line_1_22' title="bbox 440 3940 1955 4016; baseline 0 -19"><span class='ocrx_word' id='word_1_209' title='bbox 440 3941 600 3997; x_wconf 82' lang='lat' dir='ltr'>stantibus</span> <span class='ocrx_word' id='word_1_210' title='bbox 624 3940 852 4015; x_wconf 53' lang='lat' dir='ltr'>cuiuscunque</span> <span class='ocrx_word' id='word_1_211' title='bbox 873 3944 1004 3998; x_wconf 81' lang='lat' dir='ltr'>statutis</span> <span class='ocrx_word' id='word_1_212' title='bbox 1028 3946 1056 3999; x_wconf 92' lang='lat' dir='ltr'>et</span> <span class='ocrx_word' id='word_1_213' title='bbox 1078 3943 1353 3998; x_wconf 83' lang='lat' dir='ltr'>cortsaetaclinibns</span> <span class='ocrx_word' id='word_1_214' title='bbox 1376 3975 1417 3983; x_wconf 91' lang='lat'>—</span> <span class='ocrx_word' id='word_1_215' title='bbox 1440 3942 1607 4009; x_wconf 73' lang='lat' dir='ltr'>roboratis,</span> <span class='ocrx_word' id='word_1_216' title='bbox 1629 3946 1683 3997; x_wconf 78' lang='lat' dir='ltr'>cett</span> <span class='ocrx_word' id='word_1_217' title='bbox 1698 3943 1731 3998; x_wconf 83' lang='lat' dir='ltr'>si</span> <span class='ocrx_word' id='word_1_218' title='bbox 1745 3942 1847 4016; x_wconf 77' lang='lat' dir='ltr'>aliqui</span> <span class='ocrx_word' id='word_1_219' title='bbox 1859 3959 1955 4015; x_wconf 83' lang='lat' dir='ltr'>saper·</span> 
     </span>
     <span class='ocr_line' id='line_1_23' title="bbox 439 4045 1954 4120; baseline 0 -18"><span class='ocrx_word' id='word_1_220' title='bbox 439 4046 678 4118; x_wconf 72' lang='lat' dir='ltr'>provisionibus</span> <span class='ocrx_word' id='word_1_221' title='bbox 699 4045 765 4102; x_wconf 86' lang='lat' dir='ltr'>sibi</span> <span class='ocrx_word' id='word_1_222' title='bbox 779 4045 946 4120; x_wconf 78' lang='lat' dir='ltr'>faciendis</span> <span class='ocrx_word' id='word_1_223' title='bbox 962 4046 999 4101; x_wconf 85' lang='lat' dir='ltr'>cle</span> <span class='ocrx_word' id='word_1_224' title='bbox 1015 4045 1197 4103; x_wconf 81' lang='lat' dir='ltr'>baiusntocli</span> <span class='ocrx_word' id='word_1_225' title='bbox 1216 4047 1439 4120; x_wconf 74' lang='lat' dir='ltr'>supplantantis</span> <span class='ocrx_word' id='word_1_226' title='bbox 1456 4046 1594 4103; x_wconf 84' lang='lat' dir='ltr'>eiusde-nt</span> <span class='ocrx_word' id='word_1_227' title='bbox 1611 4046 1732 4103; x_wconf 76' lang='lat' dir='ltr'>ecclesie</span> <span class='ocrx_word' id='word_1_228' title='bbox 1747 4047 1898 4119; x_wconf 86' lang='lat' dir='ltr'>speciales</span> <span class='ocrx_word' id='word_1_229' title='bbox 1914 4079 1954 4087; x_wconf 90' lang='lat'>-</span> 
     </span>
     <span class='ocr_line' id='line_1_24' title="bbox 438 4149 1953 4224; baseline 0.001 -19"><span class='ocrx_word' id='word_1_230' title='bbox 438 4153 647 4223; x_wconf 81' lang='lat' dir='ltr'>preterquam</span> <span class='ocrx_word' id='word_1_231' title='bbox 670 4152 859 4207; x_wconf 83' lang='lat' dir='ltr'>auctoritate</span> <span class='ocrx_word' id='word_1_232' title='bbox 882 4154 993 4207; x_wconf 68' lang='lat' dir='ltr'>clostra</span> <span class='ocrx_word' id='word_1_233' title='bbox 1014 4151 1228 4224; x_wconf 79' lang='lat' dir='ltr'>supplementa</span> <span class='ocrx_word' id='word_1_234' title='bbox 1251 4150 1432 4207; x_wconf 81' lang='lat' dir='ltr'>lttcirrcntocli</span> <span class='ocrx_word' id='word_1_235' title='bbox 1456 4153 1488 4206; x_wconf 87' lang='lat' dir='ltr'>ia</span> <span class='ocrx_word' id='word_1_236' title='bbox 1525 4152 1596 4222; x_wconf 84' lang='lat' dir='ltr'>ipso</span> <span class='ocrx_word' id='word_1_237' title='bbox 1630 4149 1756 4207; x_wconf 85' lang='lat' dir='ltr'>ecclesia</span> <span class='ocrx_word' id='word_1_238' title='bbox 1790 4154 1953 4224; x_wconf 77' lang='lat' dir='ltr'>expectan-</span> 
     </span>
     <span class='ocr_line' id='line_1_25' title="bbox 442 4254 1955 4329; baseline 0.002 -21"><span class='ocrx_word' id='word_1_239' title='bbox 442 4255 526 4311; x_wconf 79' lang='lat' dir='ltr'>tibus</span> <span class='ocrx_word' id='word_1_240' title='bbox 549 4257 580 4309; x_wconf 89' lang='lat' dir='ltr'>te</span> <span class='ocrx_word' id='word_1_241' title='bbox 606 4254 639 4309; x_wconf 83' lang='lat' dir='ltr'>in</span> <span class='ocrx_word' id='word_1_242' title='bbox 663 4256 859 4311; x_wconf 83' lang='lat' dir='ltr'>assecucione</span> <span class='ocrx_word' id='word_1_243' title='bbox 886 4255 985 4327; x_wconf 82' lang='lat' dir='ltr'>ipsius</span> <span class='ocrx_word' id='word_1_244' title='bbox 1007 4254 1217 4327; x_wconf 82' lang='lat' dir='ltr'>supplementi</span> <span class='ocrx_word' id='word_1_245' title='bbox 1237 4255 1376 4311; x_wconf 75' lang='lat' dir='ltr'>carlatnas</span> <span class='ocrx_word' id='word_1_246' title='bbox 1400 4254 1558 4329; x_wconf 81' lang='lat' dir='ltr'>nrttcfecri</span> <span class='ocrx_word' id='word_1_247' title='bbox 1572 4285 1613 4293; x_wconf 92' lang='lat'>-</span> <span class='ocrx_word' id='word_1_248' title='bbox 1628 4254 1670 4309; x_wconf 87' lang='lat' dir='ltr'>od</span> <span class='ocrx_word' id='word_1_249' title='bbox 1689 4254 1900 4327; x_wconf 80' lang='lat' dir='ltr'>prestandum</span> <span class='ocrx_word' id='word_1_250' title='bbox 1917 4254 1955 4311; x_wconf 87' lang='lat' dir='ltr'>de</span> 
     </span>
     <span class='ocr_line' id='line_1_26' title="bbox 442 4357 1957 4431; baseline -0.003 -16"><span class='ocrx_word' id='word_1_251' title='bbox 442 4357 650 4415; x_wconf 77' lang='lat' dir='ltr'>observamlis</span> <span class='ocrx_word' id='word_1_252' title='bbox 672 4358 802 4414; x_wconf 82' lang='lat' dir='ltr'>statutis</span> <span class='ocrx_word' id='word_1_253' title='bbox 826 4360 854 4413; x_wconf 90' lang='lat' dir='ltr'>et</span> <span class='ocrx_word' id='word_1_254' title='bbox 877 4358 1151 4415; x_wconf 72' lang='lat' dir='ltr'>colisaetaclinibas</span> <span class='ocrx_word' id='word_1_255' title='bbox 1177 4359 1313 4415; x_wconf 81' lang='lat' dir='ltr'>eiusdem</span> <span class='ocrx_word' id='word_1_256' title='bbox 1336 4359 1457 4415; x_wconf 84' lang='lat' dir='ltr'>ecclesie</span> <span class='ocrx_word' id='word_1_257' title='bbox 1486 4358 1614 4413; x_wconf 82' lang='lat' dir='ltr'>racione</span> <span class='ocrx_word' id='word_1_258' title='bbox 1644 4357 1726 4413; x_wconf 82' lang='lat' dir='ltr'>dicti</span> <span class='ocrx_word' id='word_1_259' title='bbox 1746 4358 1957 4431; x_wconf 79' lang='lat' dir='ltr'>supplementi</span> 
     </span>
     <span class='ocr_line' id='line_1_27' title="bbox 441 4457 1955 4538; baseline 0.001 -19"><span class='ocrx_word' id='word_1_260' title='bbox 441 4462 571 4519; x_wconf 84' lang='lat' dir='ltr'>solitum</span> <span class='ocrx_word' id='word_1_261' title='bbox 597 4463 808 4518; x_wconf 79' lang='lat' dir='ltr'>iuramentum</span> <span class='ocrx_word' id='word_1_262' title='bbox 833 4494 873 4501; x_wconf 96' lang='lat'><em>-</em></span> <span class='ocrx_word' id='word_1_263' title='bbox 894 4465 1026 4535; x_wconf 86' lang='lat' dir='ltr'>prestes‘</span> <span class='ocrx_word' id='word_1_264' title='bbox 1049 4465 1083 4517; x_wconf 81' lang='lat' dir='ltr'>ut</span> <span class='ocrx_word' id='word_1_265' title='bbox 1110 4463 1140 4517; x_wconf 88' lang='lat' dir='ltr'>in</span> <span class='ocrx_word' id='word_1_266' title='bbox 1166 4481 1194 4518; x_wconf 88' lang='lat' dir='ltr'>n.</span> <span class='ocrx_word' id='word_1_267' title='bbox 1220 4458 1266 4537; x_wconf 77' lang='lat' dir='ltr'>til,</span> <span class='ocrx_word' id='word_1_268' title='bbox 1290 4476 1349 4521; x_wconf 79' lang='lat' dir='ltr'>scu</span> <span class='ocrx_word' id='word_1_269' title='bbox 1371 4457 1456 4538; x_wconf 85' lang='lat' dir='ltr'>quod</span> <span class='ocrx_word' id='word_1_270' title='bbox 1488 4457 1546 4522; x_wconf 81' lang='lat' dir='ltr'>tibi</span> <span class='ocrx_word' id='word_1_271' title='bbox 1577 4457 1671 4521; x_wconf 79' lang='lat' dir='ltr'>hodie</span> <span class='ocrx_word' id='word_1_272' title='bbox 1705 4457 1745 4521; x_wconf 80' lang='lat' dir='ltr'>lle</span> <span class='ocrx_word' id='word_1_273' title='bbox 1768 4458 1955 4521; x_wconf 81' lang='lat' dir='ltr'>canonicatu</span> 
     </span>
     <span class='ocr_line' id='line_1_28' title="bbox 442 4559 1956 4642; baseline -0.003 -16"><span class='ocrx_word' id='word_1_274' title='bbox 442 4560 589 4626; x_wconf 84' lang='lat' dir='ltr'>eiusclem</span> <span class='ocrx_word' id='word_1_275' title='bbox 620 4560 756 4625; x_wconf 88' lang='lat' dir='ltr'>ecclesie</span> <span class='ocrx_word' id='word_1_276' title='bbox 790 4561 849 4625; x_wconf 91' lang='lat' dir='ltr'>sub</span> <span class='ocrx_word' id='word_1_277' title='bbox 883 4561 1109 4642; x_wconf 74' lang='lat' dir='ltr'>expectatione</span> <span class='ocrx_word' id='word_1_278' title='bbox 1143 4559 1303 4642; x_wconf 85' lang='lat' dir='ltr'>prebende</span> <span class='ocrx_word' id='word_1_279' title='bbox 1337 4560 1369 4623; x_wconf 93' lang='lat' dir='ltr'>in</span> <span class='ocrx_word' id='word_1_280' title='bbox 1404 4578 1442 4623; x_wconf 86' lang='lat' dir='ltr'>ea</span> <span class='ocrx_word' id='word_1_281' title='bbox 1473 4560 1618 4624; x_wconf 87' lang='lat' dir='ltr'>vacantis</span> <span class='ocrx_word' id='word_1_282' title='bbox 1649 4560 1699 4624; x_wconf 87' lang='lat' dir='ltr'>vel</span> <span class='ocrx_word' id='word_1_283' title='bbox 1723 4566 1875 4624; x_wconf 88' lang='lat' dir='ltr'>vacature</span> <span class='ocrx_word' id='word_1_284' title='bbox 1898 4578 1956 4641; x_wconf 84' lang='lat' dir='ltr'>per</span> 
     </span>
     <span class='ocr_line' id='line_1_29' title="bbox 442 4660 1956 4744; baseline 0 -17"><span class='ocrx_word' id='word_1_285' title='bbox 442 4671 573 4731; x_wconf 89' lang='lat' dir='ltr'>nostras</span> <span class='ocrx_word' id='word_1_286' title='bbox 597 4666 677 4731; x_wconf 81' lang='lat' dir='ltr'>certi</span> <span class='ocrx_word' id='word_1_287' title='bbox 700 4665 821 4730; x_wconf 84' lang='lat' dir='ltr'>tenoris</span> <span class='ocrx_word' id='word_1_288' title='bbox 845 4665 972 4729; x_wconf 86' lang='lat' dir='ltr'>litteras</span> <span class='ocrx_word' id='word_1_289' title='bbox 995 4664 1142 4728; x_wconf 84' lang='lat' dir='ltr'>cluxirnus</span> <span class='ocrx_word' id='word_1_290' title='bbox 1166 4663 1403 4744; x_wconf 75' lang='lat' dir='ltr'>providendum.</span> <span class='ocrx_word' id='word_1_291' title='bbox 1427 4669 1507 4727; x_wconf 88' lang='lat' dir='ltr'>Nulli</span> <span class='ocrx_word' id='word_1_292' title='bbox 1531 4688 1601 4744; x_wconf 81' lang='lat' dir='ltr'>crgo</span> <span class='ocrx_word' id='word_1_293' title='bbox 1625 4675 1680 4728; x_wconf 85' lang='lat' dir='ltr'>etc.</span> <span class='ocrx_word' id='word_1_294' title='bbox 1698 4676 1798 4729; x_wconf 86' lang='lat' dir='ltr'>nostre</span> <span class='ocrx_word' id='word_1_295' title='bbox 1810 4660 1837 4743; x_wconf 70' lang='grc' dir='ltr'>ιι)</span> <span class='ocrx_word' id='word_1_296' title='bbox 1860 4687 1956 4728; x_wconf 85' lang='lat' dir='ltr'>reser-</span> 
     </span>
     <span class='ocr_line' id='line_1_30' title="bbox 441 4766 1956 4850; baseline -0.001 -16"><span class='ocrx_word' id='word_1_297' title='bbox 441 4777 587 4850; x_wconf 84' lang='lat' dir='ltr'>sacionis,</span> <span class='ocrx_word' id='word_1_298' title='bbox 610 4775 801 4834; x_wconf 85' lang='lat' dir='ltr'>inlribicionis</span> <span class='ocrx_word' id='word_1_299' title='bbox 824 4782 854 4833; x_wconf 89' lang='lat' dir='ltr'>ct</span> <span class='ocrx_word' id='word_1_300' title='bbox 877 4775 1101 4833; x_wconf 89' lang='lat' dir='ltr'>constitucionis</span> <span class='ocrx_word' id='word_1_301' title='bbox 1123 4773 1283 4849; x_wconf 81' lang='lat' dir='ltr'>infringere</span> <span class='ocrx_word' id='word_1_302' title='bbox 1311 4779 1367 4832; x_wconf 89' lang='lat' dir='ltr'>etc.</span> <span class='ocrx_word' id='word_1_303' title='bbox 1413 4768 1451 4833; x_wconf 87' lang='grc' dir='ltr'>Ι).</span> <span class='ocrx_word' id='word_1_304' title='bbox 1476 4768 1562 4850; x_wconf 85' lang='lat' dir='ltr'>apud</span> <span class='ocrx_word' id='word_1_305' title='bbox 1585 4766 1829 4847; x_wconf 83' lang='lat' dir='ltr'>Villamnouam,</span> <span class='ocrx_word' id='word_1_306' title='bbox 1852 4767 1890 4832; x_wconf 81' lang='grc' dir='ltr'>Α.</span> <span class='ocrx_word' id='word_1_307' title='bbox 1915 4767 1956 4845; x_wconf 68' lang='lat' dir='ltr'>(l,</span> 
     </span>
     <span class='ocr_line' id='line_1_31' title="bbox 443 4874 961 4955; baseline -0.004 -16"><span class='ocrx_word' id='word_1_308' title='bbox 443 4874 610 4939; x_wconf 87' lang='lat' dir='ltr'>1111non.</span> <span class='ocrx_word' id='word_1_309' title='bbox 636 4874 772 4954; x_wconf 57' lang='lat' dir='ltr'>,lugmsti</span> <span class='ocrx_word' id='word_1_310' title='bbox 795 4893 825 4937; x_wconf 87' lang='lat' dir='ltr'>a.</span> <span class='ocrx_word' id='word_1_311' title='bbox 850 4874 961 4955; x_wconf 90' lang='lat' dir='ltr'>primo.</span> 
     </span>
    </p>

    <p class='ocr_par' dir='ltr' id='par_1_10' title="bbox 438 4976 1956 5896">
     <span class='ocr_line' id='line_1_32' title="bbox 550 4976 1956 5043; baseline -0.002 -1"><span class='ocrx_word' id='word_1_312' title='bbox 550 4978 589 5043; x_wconf 89' lang='lat' dir='ltr'>In</span> <span class='ocrx_word' id='word_1_313' title='bbox 624 4997 651 5041; x_wconf 90' lang='lat' dir='ltr'>e.</span> <span class='ocrx_word' id='word_1_314' title='bbox 687 4996 727 5041; x_wconf 89' lang='lat' dir='ltr'>m.</span> <span class='ocrx_word' id='word_1_315' title='bbox 762 4976 815 5041; x_wconf 81' lang='lat' dir='ltr'>cld.</span> <span class='ocrx_word' id='word_1_316' title='bbox 849 4977 879 5041; x_wconf 83' lang='lat' dir='ltr'>ff.</span> <span class='ocrx_word' id='word_1_317' title='bbox 897 5027 929 5040; x_wconf 92' lang='lat'>..</span> <span class='ocrx_word' id='word_1_318' title='bbox 965 4977 1074 5041; x_wconf 89' lang='lat' dir='ltr'>abbati</span> <span class='ocrx_word' id='word_1_319' title='bbox 1108 4976 1294 5040; x_wconf 88' lang='lat' dir='ltr'>monasterii</span> <span class='ocrx_word' id='word_1_320' title='bbox 1328 4978 1431 5040; x_wconf 87' lang='lat' dir='ltr'>sancti</span> <span class='ocrx_word' id='word_1_321' title='bbox 1462 4976 1554 5041; x_wconf 86' lang='lat' dir='ltr'>Pauli</span> <span class='ocrx_word' id='word_1_322' title='bbox 1585 4982 1666 5041; x_wconf 91' lang='lat' dir='ltr'>et..</span> <span class='ocrx_word' id='word_1_323' title='bbox 1702 4978 1822 5041; x_wconf 85' lang='lat' dir='ltr'>decano</span> <span class='ocrx_word' id='word_1_324' title='bbox 1854 4976 1956 5041; x_wconf 88' lang='lat' dir='ltr'>sancti</span> 
     </span>
     <span class='ocr_line' id='line_1_33' title="bbox 441 5080 1953 5157; baseline -0.004 -9"><span class='ocrx_word' id='word_1_325' title='bbox 441 5083 603 5148; x_wconf 83' lang='lat' dir='ltr'>lobannis</span> <span class='ocrx_word' id='word_1_326' title='bbox 627 5082 843 5147; x_wconf 86' lang='lat' dir='ltr'>Traiectensis</span> <span class='ocrx_word' id='word_1_327' title='bbox 866 5099 904 5145; x_wconf 89' lang='lat' dir='ltr'>ac</span> <span class='ocrx_word' id='word_1_328' title='bbox 928 5082 1023 5147; x_wconf 88' lang='lat' dir='ltr'>Petro</span> <span class='ocrx_word' id='word_1_329' title='bbox 1047 5080 1191 5157; x_wconf 89' lang='lat' dir='ltr'>Lolouat,</span> <span class='ocrx_word' id='word_1_330' title='bbox 1216 5080 1368 5144; x_wconf 91' lang='lat' dir='ltr'>canonico</span> <span class='ocrx_word' id='word_1_331' title='bbox 1392 5080 1583 5146; x_wconf 84' lang='lat' dir='ltr'>Senoncusis</span> <span class='ocrx_word' id='word_1_332' title='bbox 1613 5081 1821 5146; x_wconf 87' lang='lat' dir='ltr'>ecclesiarum</span> <span class='ocrx_word' id='word_1_333' title='bbox 1844 5099 1869 5145; x_wconf 89' lang='lat' dir='ltr'>s.</span> <span class='ocrx_word' id='word_1_334' title='bbox 1893 5086 1953 5145; x_wconf 86' lang='lat' dir='ltr'>etc.</span> 
     </span>
     <span class='ocr_line' id='line_1_34' title="bbox 443 5170 1956 5265; baseline -0.003 -14"><span class='ocrx_word' id='word_1_335' title='bbox 443 5192 601 5251; x_wconf 80' lang='lat' dir='ltr'>Attributa</span> <span class='ocrx_word' id='word_1_336' title='bbox 624 5191 732 5250; x_wconf 89' lang='lat' dir='ltr'>dilecto</span> <span class='ocrx_word' id='word_1_337' title='bbox 755 5191 817 5250; x_wconf 89' lang='lat' dir='ltr'>filio</span> <span class='ocrx_word' id='word_1_338' title='bbox 839 5196 896 5249; x_wconf 89' lang='lat' dir='ltr'>etc.</span> <span class='ocrx_word' id='word_1_339' title='bbox 921 5208 1012 5263; x_wconf 89' lang='lat' dir='ltr'>usque</span> <span class='ocrx_word' id='word_1_340' title='bbox 1036 5189 1171 5247; x_wconf 82' lang='lat' dir='ltr'>duximus</span> <span class='ocrx_word' id='word_1_341' title='bbox 1195 5188 1414 5261; x_wconf 85' lang='lat' dir='ltr'>providendum.</span> <span class='ocrx_word' id='word_1_342' title='bbox 1439 5191 1585 5263; x_wconf 80' lang='lat' dir='ltr'>Quocirca</span> <span class='ocrx_word' id='word_1_343' title='bbox 1611 5170 1789 5265; x_wconf 78' lang='lat' dir='ltr'>mandamus,</span> <span class='ocrx_word' id='word_1_344' title='bbox 1813 5195 1956 5263; x_wconf 72' lang='lat' dir='ltr'>quamnim</span> 
     </span>
     <span class='ocr_line' id='line_1_35' title="bbox 443 5293 1956 5368; baseline -0.001 -15"><span class='ocrx_word' id='word_1_345' title='bbox 443 5315 496 5355; x_wconf 82' lang='lat' dir='ltr'>sos</span> <span class='ocrx_word' id='word_1_346' title='bbox 519 5297 566 5355; x_wconf 81' lang='lat' dir='ltr'>vel</span> <span class='ocrx_word' id='word_1_347' title='bbox 589 5297 647 5355; x_wconf 78' lang='lat' dir='ltr'>cluo</span> <span class='ocrx_word' id='word_1_348' title='bbox 670 5301 722 5354; x_wconf 90' lang='lat' dir='ltr'>aut</span> <span class='ocrx_word' id='word_1_349' title='bbox 745 5313 819 5354; x_wconf 92' lang='lat' dir='ltr'>unus</span> <span class='ocrx_word' id='word_1_350' title='bbox 842 5299 971 5354; x_wconf 83' lang='lat' dir='ltr'>vestrum</span> <span class='ocrx_word' id='word_1_351' title='bbox 993 5311 1046 5367; x_wconf 90' lang='lat' dir='ltr'>per</span> <span class='ocrx_word' id='word_1_352' title='bbox 1068 5311 1120 5352; x_wconf 88' lang='lat' dir='ltr'>vos</span> <span class='ocrx_word' id='word_1_353' title='bbox 1144 5293 1189 5350; x_wconf 85' lang='lat' dir='ltr'>vel</span> <span class='ocrx_word' id='word_1_354' title='bbox 1219 5293 1307 5351; x_wconf 86' lang='lat' dir='ltr'>alium</span> <span class='ocrx_word' id='word_1_355' title='bbox 1338 5311 1390 5351; x_wconf 89' lang='lat' dir='ltr'>seu</span> <span class='ocrx_word' id='word_1_356' title='bbox 1420 5295 1493 5353; x_wconf 90' lang='lat' dir='ltr'>alios</span> <span class='ocrx_word' id='word_1_357' title='bbox 1529 5297 1760 5368; x_wconf 90' lang='lat' dir='ltr'>supplementum</span> <span class='ocrx_word' id='word_1_358' title='bbox 1790 5295 1956 5353; x_wconf 80' lang='lat' dir='ltr'>huiusmodi</span> 
     </span>
     <span class='ocr_line' id='line_1_36' title="bbox 442 5396 1956 5475; baseline -0.003 -16"><span class='ocrx_word' id='word_1_359' title='bbox 442 5418 498 5475; x_wconf 89' lang='lat' dir='ltr'>per</span> <span class='ocrx_word' id='word_1_360' title='bbox 520 5419 577 5459; x_wconf 90' lang='lat' dir='ltr'>nos</span> <span class='ocrx_word' id='word_1_361' title='bbox 602 5405 634 5458; x_wconf 93' lang='lat' dir='ltr'>ut</span> <span class='ocrx_word' id='word_1_362' title='bbox 657 5401 838 5473; x_wconf 89' lang='lat' dir='ltr'>premittitur</span> <span class='ocrx_word' id='word_1_363' title='bbox 861 5401 891 5457; x_wconf 93' lang='lat' dir='ltr'>in</span> <span class='ocrx_word' id='word_1_364' title='bbox 922 5400 1023 5458; x_wconf 87' lang='lat' dir='ltr'>eadem</span> <span class='ocrx_word' id='word_1_365' title='bbox 1054 5398 1197 5456; x_wconf 87' lang='lat' dir='ltr'>eccclesia</span> <span class='ocrx_word' id='word_1_366' title='bbox 1228 5396 1411 5455; x_wconf 88' lang='lat' dir='ltr'>Traiectcnsi</span> <span class='ocrx_word' id='word_1_367' title='bbox 1446 5405 1636 5473; x_wconf 83' lang='lat' dir='ltr'>reservatum,</span> <span class='ocrx_word' id='word_1_368' title='bbox 1660 5400 1686 5456; x_wconf 87' lang='lat' dir='ltr'>si</span> <span class='ocrx_word' id='word_1_369' title='bbox 1708 5405 1839 5472; x_wconf 89' lang='lat' dir='ltr'>tempore.</span> <span class='ocrx_word' id='word_1_370' title='bbox 1861 5416 1956 5457; x_wconf 85' lang='lat' dir='ltr'>reser-</span> 
     </span>
     <span class='ocr_line' id='line_1_37' title="bbox 441 5502 1955 5578; baseline -0.002 -16"><span class='ocrx_word' id='word_1_371' title='bbox 441 5504 576 5563; x_wconf 81' lang='lat' dir='ltr'>sacionis</span> <span class='ocrx_word' id='word_1_372' title='bbox 605 5510 708 5563; x_wconf 89' lang='lat' dir='ltr'>nostre</span> <span class='ocrx_word' id='word_1_373' title='bbox 738 5505 905 5564; x_wconf 84' lang='lat' dir='ltr'>huiusmodi</span> <span class='ocrx_word' id='word_1_374' title='bbox 935 5503 1059 5562; x_wconf 89' lang='lat' dir='ltr'>vacabat</span> <span class='ocrx_word' id='word_1_375' title='bbox 1088 5502 1196 5560; x_wconf 87' lang='lat' dir='ltr'>ibidem</span> <span class='ocrx_word' id='word_1_376' title='bbox 1225 5503 1271 5560; x_wconf 88' lang='lat' dir='ltr'>vel</span> <span class='ocrx_word' id='word_1_377' title='bbox 1301 5503 1417 5560; x_wconf 85' lang='lat' dir='ltr'>vacavit</span> <span class='ocrx_word' id='word_1_378' title='bbox 1439 5509 1552 5578; x_wconf 86' lang='lat' dir='ltr'>postca,</span> <span class='ocrx_word' id='word_1_379' title='bbox 1575 5510 1626 5561; x_wconf 90' lang='lat' dir='ltr'>aut</span> <span class='ocrx_word' id='word_1_380' title='bbox 1649 5503 1859 5576; x_wconf 84' lang='lat' dir='ltr'>quamprimum</span> <span class='ocrx_word' id='word_1_381' title='bbox 1882 5503 1955 5562; x_wconf 81' lang='lat' dir='ltr'>illucl</span> 
     </span>
     <span class='ocr_line' id='line_1_38' title="bbox 440 5606 1955 5683; baseline -0.003 -16"><span class='ocrx_word' id='word_1_382' title='bbox 440 5609 516 5667; x_wconf 93' lang='lat' dir='ltr'>inibi</span> <span class='ocrx_word' id='word_1_383' title='bbox 538 5625 646 5668; x_wconf 74' lang='lat' dir='ltr'>vacare</span> <span class='ocrx_word' id='word_1_384' title='bbox 670 5608 838 5683; x_wconf 80' lang='lat' dir='ltr'>contigerit,</span> <span class='ocrx_word' id='word_1_385' title='bbox 861 5606 976 5681; x_wconf 82' lang='lat' dir='ltr'>prefato</span> <span class='ocrx_word' id='word_1_386' title='bbox 1000 5608 1130 5666; x_wconf 91' lang='lat' dir='ltr'>chrico</span> <span class='ocrx_word' id='word_1_387' title='bbox 1161 5612 1228 5678; x_wconf 90' lang='lat' dir='ltr'>post</span> <span class='ocrx_word' id='word_1_388' title='bbox 1257 5608 1493 5679; x_wconf 87' lang='lat' dir='ltr'>acceptacionem</span> <span class='ocrx_word' id='word_1_389' title='bbox 1523 5607 1688 5665; x_wconf 85' lang='lat' dir='ltr'>huiusmodi</span> <span class='ocrx_word' id='word_1_390' title='bbox 1723 5626 1787 5664; x_wconf 88' lang='lat' dir='ltr'>cum</span> <span class='ocrx_word' id='word_1_391' title='bbox 1821 5607 1955 5664; x_wconf 84' lang='lat' dir='ltr'>omnibus</span> 
     </span>
     <span class='ocr_line' id='line_1_39' title="bbox 438 5708 1955 5786; baseline -0.003 -14"><span class='ocrx_word' id='word_1_392' title='bbox 438 5713 558 5773; x_wconf 89' lang='lat' dir='ltr'>iuribus</span> <span class='ocrx_word' id='word_1_393' title='bbox 581 5719 612 5772; x_wconf 88' lang='lat' dir='ltr'>ct</span> <span class='ocrx_word' id='word_1_394' title='bbox 635 5713 828 5786; x_wconf 86' lang='lat' dir='ltr'>pertinenciis</span> <span class='ocrx_word' id='word_1_395' title='bbox 852 5713 913 5771; x_wconf 89' lang='lat' dir='ltr'>suis</span> <span class='ocrx_word' id='word_1_396' title='bbox 936 5713 1113 5771; x_wconf 87' lang='lat' dir='ltr'>auctoritate</span> <span class='ocrx_word' id='word_1_397' title='bbox 1133 5716 1236 5769; x_wconf 89' lang='lat' dir='ltr'>nostra</span> <span class='ocrx_word' id='word_1_398' title='bbox 1251 5708 1386 5770; x_wconf 80' lang='lat' dir='ltr'>conferre</span> <span class='ocrx_word' id='word_1_399' title='bbox 1410 5716 1440 5769; x_wconf 89' lang='lat' dir='ltr'>et</span> <span class='ocrx_word' id='word_1_400' title='bbox 1466 5713 1616 5786; x_wconf 82' lang='lat' dir='ltr'>assignare</span> <span class='ocrx_word' id='word_1_401' title='bbox 1640 5713 1759 5786; x_wconf 86' lang='lat' dir='ltr'>curetis,</span> <span class='ocrx_word' id='word_1_402' title='bbox 1782 5713 1955 5770; x_wconf 85' lang='lat' dir='ltr'>inducentes</span> 
     </span>
     <span class='ocr_line' id='line_1_40' title="bbox 438 5816 1955 5896; baseline -0.004 -17"><span class='ocrx_word' id='word_1_403' title='bbox 438 5836 507 5880; x_wconf 86' lang='lat' dir='ltr'>eum</span> <span class='ocrx_word' id='word_1_404' title='bbox 530 5818 576 5878; x_wconf 87' lang='lat' dir='ltr'>vel</span> <span class='ocrx_word' id='word_1_405' title='bbox 598 5823 825 5896; x_wconf 85' lang='lat' dir='ltr'>procuratorem</span> <span class='ocrx_word' id='word_1_406' title='bbox 848 5834 931 5877; x_wconf 92' lang='lat' dir='ltr'>suum</span> <span class='ocrx_word' id='word_1_407' title='bbox 955 5817 1019 5877; x_wconf 91' lang='lat' dir='ltr'>eius</span> <span class='ocrx_word' id='word_1_408' title='bbox 1042 5816 1157 5875; x_wconf 88' lang='lat' dir='ltr'>nomine</span> <span class='ocrx_word' id='word_1_409' title='bbox 1180 5816 1210 5873; x_wconf 89' lang='lat' dir='ltr'>iu</span> <span class='ocrx_word' id='word_1_410' title='bbox 1234 5818 1416 5888; x_wconf 87' lang='lat' dir='ltr'>corporalem</span> <span class='ocrx_word' id='word_1_411' title='bbox 1439 5818 1653 5889; x_wconf 87' lang='lat' dir='ltr'>possessionem</span> <span class='ocrx_word' id='word_1_412' title='bbox 1669 5816 1741 5875; x_wconf 87' lang='lat' dir='ltr'>dicti</span> <span class='ocrx_word' id='word_1_413' title='bbox 1761 5816 1955 5889; x_wconf 89' lang='lat' dir='ltr'>supplementi</span> 
     </span>
    </p>
   </div>
   <div class='ocr_carea' id='block_1_8' title="bbox 0 0 2596 7050">
    <p class='ocr_par' dir='ltr' id='par_1_11' title="bbox 0 0 2596 7050">
     <span class='ocr_line' id='line_1_41' title="bbox 0 0 2596 7050; baseline 0 2"><span class='ocrx_word' id='word_1_414' title='bbox 0 0 2596 7050; x_wconf 95' lang='lat' dir='ltr'> </span> 
     </span>
    </p>
   </div>
  </div>
 </body>
</html>
