5184 7050
1862 865 1922 931 139

405 1092 472 1152 sue,
497 1092 569 1139 curn
592 1074 676 1139 idom
702 1072 732 1137 H
738 1075 868 1138 amicus
883 1075 1190 1157 quartumdecimum
1208 1095 1326 1140 annum
1342 1078 1437 1141 etatis
1454 1093 1510 1141 sue
1527 1075 1703 1160 expleverit
1718 1080 1751 1139 ct
1765 1075 1924 1157 quintum·

409 1178 569 1241 ‹lecimum
595 1179 750 1259 attigerit,
774 1178 859 1259 quod
882 1179 984 1259 possit
1007 1178 1195 1260 dignitatem
1221 1199 1258 1243 ac
1280 1185 1486 1259 personatum
1510 1180 1578 1244 sine
1602 1199 1689 1258 curs,
1706 1181 1733 1245 si
1757 1179 1839 1243 alias
1862 1179 1924 1244 sibi

410 1283 568 1346 canonice
591 1282 784 1360 conteratur,
804 1283 958 1360 obtinere,
976 1301 1045 1347 curn
1062 1283 1173 1348 eodem
1188 1285 1327 1350 Henrico
1343 1283 1593 1350 misericorditer
1609 1283 1781 1365 dignemini
1798 1283 1926 1362 dispen-

412 1403 497 1464 sare,
521 1404 592 1450 curn
617 1387 734 1450 ceteris
758 1405 819 1450 non
843 1386 1046 1451 obstantibus
1069 1392 1102 1451 et
1125 1387 1278 1452 clausulis
1302 1389 1477 1468 oportunis.

518 1489 591 1554 Fiat
619 1489 657 1553 R.
704 1491 747 1555 Et
777 1508 807 1571 q.
831 1494 853 1554 t.
878 1508 903 1554 s.
928 1509 956 1554 a.
982 1491 1001 1554 l.
1047 1491 1120 1556 Fiat
1142 1491 1180 1555 R.
1228 1492 1264 1556 ll.
1299 1492 1383 1573 apud
1419 1492 1659 1570 Villamnouam,
1687 1492 1724 1556 Α.
1749 1491 1790 1570 d,
1814 1491 1858 1555 Vl
1882 1489 1913 1554 id

413 1594 554 1668 Augusti
578 1613 607 1659 a.
631 1594 780 1659 secundo.

519 1782 668 1837 Clementis
686 1782 724 1836 VI
743 1782 761 1836 S
779 1782 835 1842 Illa
855 1784 893 1846 lo)
912 1783 930 1837 i.
951 1788 1009 1837 ill.

414 2271 508 2337 228.
533 2270 609 2335 tara
635 2271 771 2335 Henrr'co
793 2271 951 2353 qnondam
975 2271 1121 2336 Henslr'm‘
1144 2272 1182 2335 de
1207 2272 1290 2355 Lipa
1314 2272 1519 2355 dispensator
1541 2292 1636 2354 super
1655 2271 1779 2352 ‹lesectn
1797 2269 1922 2334 aetatis.

456 2443 516 2565 ll,
1186 2471 1283 2557 Apta
1312 2471 1552 2552 sarmatorum,
1577 2471 1875 2553 recantantes.

518 2672 558 2735 Ι).
582 2670 604 2735 i.
627 2670 777 2750 Henrioo,
801 2677 876 2736 nato
901 2669 1058 2753 quondam
1082 2670 1228 2737 Henslini
1252 2671 1291 2736 dc
1315 2673 1407 2755 Lipa‚
1431 2673 1582 2737 canonico
1605 2672 1768 2754 Pragcnsi,
1792 2687 1816 2736 s.
1860 2670 1923 2738 Ge-

413 2775 499 2838 neris
534 2781 567 2839 ot
601 2794 722 2840 morum
756 2776 907 2840 nobilitas
943 2777 1070 2859 aliaque
1104 2777 1136 2842 in
1167 2782 1199 2841 te
1230 2776 1375 2859 vigenoia
1410 2776 1492 2840 dona
1515 2777 1669 2841 virtutum
1692 2780 1724 2841 et
1746 2774 1922 2840 laudabilia

413 2879 586 2960 probitatis
608 2881 735 2959 merita,
760 2898 856 2969 super·
879 2882 994 2962 quibus
1017 2880 1102 2962 apud
1130 2899 1187 2944 nos
1217 2879 1440 2960 multipliciter
1470 2879 1709 2959 commendaris,
1737 2884 1921 2961 exposcunt,

416 2990 448 3046 ut
471 3001 640 3065 personam
665 2990 753 3049 tuam
777 2984 858 3049 dono
882 2986 1033 3066 specialis
1055 2985 1162 3067 gracie
1185 3002 1425 3067 prosequamur.
1451 2982 1533 3048 Hinc
1556 2988 1615 3062 est,
1640 2983 1724 3065 quod
1747 3001 1814 3062 nos,
1839 3001 1864 3047 o.
1890 2983 1921 3046 in

416 3084 469 3150 Ch.
494 3086 515 3151 f.
542 3106 570 3151 n.
594 3086 761 3165 iohannis
785 3089 870 3170 regis
892 3089 1023 3153 Boemic
1047 3089 1191 3166 illustris,
1215 3106 1273 3171 pro
1296 3093 1339 3165 te,
1363 3088 1569 3153 dilectissimo
1594 3106 1661 3165 suo,
1685 3087 1776 3151 nobis
1807 3087 1839 3151 in
1860 3087 1922 3150 hac

415 3197 505 3270 plante
524 3188 688 3256 humiliter
703 3191 925 3274 supplicantis,
942 3212 980 3258 ac
995 3193 1060 3257 tuis
1077 3192 1369 3278 supplicationibus
1385 3192 1539 3270 inclinati,
1554 3197 1670 3270 tecum,
1687 3192 1741 3272 qui
1758 3196 1921 3271 quartum-

416 3293 570 3359 decimum
605 3296 702 3360 etatis
735 3301 790 3359 tuo
826 3314 942 3359 annum
976 3296 1173 3378 complevisti
1185 3298 1210 3375 ⁸)
1245 3301 1278 3359 et
1311 3294 1614 3376 quintumdecimum
1649 3293 1795 3375 attigisti,
1827 3311 1924 3374 super·

416 3397 593 3464 huiusmodi
617 3400 715 3464 etatis
737 3399 874 3479 delectu,
891 3419 983 3482 quem
999 3401 1130 3482 pateris,
1147 3398 1231 3481 q'nod
1247 3417 1285 3462 eo
1301 3403 1335 3462 et
1351 3397 1576 3462 lateranensis
1593 3397 1718 3463 consilii
1735 3416 1772 3462 ac
1789 3397 1919 3478 quibus-

415 3501 492 3569 libet
515 3503 589 3570 aliis
613 3504 899 3572 constitutionibus
921 3504 1106 3587 apostolicis
1130 3505 1162 3569 in
1185 3501 1417 3583 contrariuml)
1452 3503 1547 3568 editis
1570 3520 1770 3584 nequaquam
1794 3502 1922 3566 obstan-

414 3610 499 3674 tibus
535 3608 724 3691 dignitatem
759 3608 809 3672 vel
843 3614 1048 3690 personatum
1083 3611 1152 3675 sinc
1187 3627 1272 3687 cura,
1306 3607 1333 3672 si
1363 3608 1422 3672 tibi
1453 3607 1534 3672 alias
1559 3608 1709 3671 canonice
1732 3605 1921 3684 conferatur,

413 3710 515 3777 libere
537 3713 682 3793 recipere
705 3717 738 3776 et
759 3711 849 3777 licite
872 3713 1011 3777 retinere
1034 3713 1153 3789 valeas,
1178 3712 1370 3777 auctoritate
1394 3711 1573 3792 apostolica
1596 3711 1636 3775 do
1660 3710 1792 3792 speciali
1814 3710 1923 3791 gracia

413 3816 648 3898 dispensamus.
671 3815 760 3881 Nulli
784 3834 858 3898 ergo
882 3821 942 3880 etc.
967 3823 1075 3881 nostre
1091 3816 1344 3899 dispensationis
1361 3815 1533 3898 intringere
1549 3822 1609 3881 etc.
1634 3815 1672 3879 D.
1690 3814 1775 3897 apud
1791 3813 1923 3880 Villam-

414 3938 543 3999 nouam,
568 3920 605 3985 Α.
630 3918 805 3999 d.‚V1id.
829 3919 966 4001 Augusti
990 3937 1019 3983 a.
1043 3919 1191 3984 secundo.

522 4124 672 4180 Clementis
691 4125 725 4177 Vi
744 4124 837 4191 nilla
851 4125 905 4194 (74)
919 4124 936 4178 f.
951 4126 993 4176 Μ’
1006 4138 1032 4177 n.
1046 4130 1087 4191 43,
1101 4125 1269 4179 diversarum
1283 4124 1431 4179 formarum
1451 4141 1496 4193 qu.
1516 4129 1531 4176 2
1545 4142 1578 4175 2:
1591 4124 1624 4177 V.
1639 4125 1687 4175 10⁴2
1705 4123 1722 4175 l.
1737 4124 1779 4175 62'
1793 4137 1819 4176 u.
1833 4128 1874 4175 43.
1889 4151 1931 4201 -,

418 4225 446 4272 ¹)
465 4228 536 4265 corr.
556 4228 591 4266 ex
609 4211 812 4280 ,complevistis
831 4214 864 4264 Α.
891 4210 915 4277 b)
935 4227 1003 4264 corr.
1023 4226 1057 4265 ex
1076 4212 1238 4279 ,contrariis‘
1256 4213 1289 4264 A.

413 4769 507 4836 229.
531 4770 675 4844 Arncsto,
698 4771 840 4854 episcopo
866 4771 1029 4851 Prapensr',
1053 4770 1266 4844 comittitur,
1282 4772 1437 4851 quatenns
1460 4791 1481 4833 a
1505 4768 1622 4833 civibus
1647 4768 1787 4832 ciuitatis
1810 4767 1919 4832 Vratl·

415 4872 583 4938 stobiensis
600 4895 662 4957 pro
684 4874 836 4939 solatione
859 4895 969 4939 cenatas
992 4876 1101 4949 annaei,
1131 4875 1186 4956 qni
1208 4872 1359 4936 ‹lermrius
1389 4871 1473 4937 beati
1497 4873 1585 4936 Petri
1605 4871 1780 4952 ruotperto
1802 4892 1921 4936 nunete-

413 4981 523 5060 patnr,
554 4977 773 5058 obligationem
795 4978 974 5043 sollemnem
995 4979 1129 5061 recmiat
1151 4981 1181 5041 et
1204 4977 1405 5040 ilnterdietam
1427 4976 1462 5040 la
1484 4976 1568 5042 (licto
1592 4976 1719 5040 clamate
1740 4976 1920 5058 appositum

1107 5081 1238 5147 relaxet.

470 5253 572 5307 ‚coa
1177 5254 1274 5337 Apta
1296 5231 1534 5329 innumeram,
1557 5256 1643 5318 raas
1665 5252 1804 5334 Aequas
1824 5255 1876 5318 17.

523 5446 559 5512 V.
583 5446 604 5511 f.
629 5446 802 5531 Emesto‚·)
833 5447 983 5528 episcopo
1013 5445 1176 5527 Pragsnsi‚
1208 5462 1233 5509 s.
1255 5443 1368 5523 Nuper
1397 5443 1438 5508 ad
1461 5443 1610 5507 noticiam
1641 5448 1782 5507 nostram
1812 5442 1920 5508 extitit

419 5550 574 5616 relatibus
597 5549 765 5631 fidedignis
787 5551 985 5631 perductum,
1009 5549 1099 5630 quod·
1116 5548 1234 5612 dudum
1253 5567 1292 5612 ex
1308 5566 1356 5625 eo,
1380 5546 1464 5627 quod
1487 5547 1538 5612 dd.
1554 5545 1584 5611 n.
1603 5547 1697 5625 cives,
1721 5546 1920 5611 habitatores

420 5660 451 5718 ot
474 5654 576 5720 incole
604 5655 744 5720 civitatis
766 5654 1043 5719 Wratislauiensis
1066 5672 1085 5716 a
1109 5653 1271 5718 solucione
1302 5669 1415 5716 census
1446 5651 1552 5729 annui,
1583 5651 1638 5731 qui
1660 5650 1811 5714 denarius
1833 5650 1919 5714 beati

419 5759 504 5825 Petri
529 5759 705 5841 vulgariter·
735 5762 945 5838 nuncupatur,
977 5757 1096 5822 inillis
1125 5757 1271 5837 partibus
1302 5755 1392 5820 nobis
1418 5759 1452 5818 et
1474 5754 1608 5818 ecclesie
1638 5753 1778 5817 Romane
1809 5752 1918 5832 debiti,
