5184 7050
683 834 749 900 372

680 1041 775 1109 624.
799 1037 876 1105 Cnm
902 1038 1100 1116 Theoderico,
1124 1043 1198 1102 noto
1220 1038 1378 1120 qnondam
1402 1039 1541 1119 Henrici,
1565 1038 1688 1104 comitis
1710 1039 1748 1103 de
1778 1038 1967 1119 Woldeclc,·)
1990 1037 2103 1103 clerico
2121 1041 2182 1104 blo·

681 1141 880 1226 pnntinensis
903 1141 1043 1220 diocesis,
1078 1141 1282 1224 dispensatur
1312 1142 1357 1206 od
1377 1142 1641 1224 supplicationem
1663 1143 1833 1221 dobannis,
1864 1142 1949 1223 repis
1973 1141 2149 1220 Bobemiae,
2162 1142 2182 1219 ¹)

685 1249 774 1312 cnins
805 1245 1054 1326 coraompninens
1084 1245 1203 1320 existit,
1237 1266 1334 1328 snper
1363 1244 1578 1311 inhabilitatis
1606 1246 1744 1324 marcido,
1779 1267 1874 1328 onom
1904 1266 1944 1311 ecc
1970 1265 2004 1311 eo
2027 1246 2184 1325 construxit,

685 1351 766 1433 qnod
783 1348 885 1433 plora
906 1349 1054 1431 beneficia
1076 1348 1186 1413 illicite
1207 1349 1327 1413 tenuit:
1360 1351 1581 1415 canonicatum
1603 1349 1721 1415 scilicet
1750 1354 1781 1414 et
1809 1349 2029 1441 praebendam
2051 1349 2185 1415 ccclesia

687 1454 887 1533 Coloniensis,
896 1453 1118 1519 corioreicatnm
1129 1457 1161 1516 ct
1167 1452 1386 1536 praebendam
1398 1474 1436 1518 oc
1447 1454 1666 1519 cantoriamat
1672 1454 1933 1536 praeposituram
1945 1454 2054 1519 sancti
2062 1453 2186 1534 Ludperi

687 1557 948 1625 Monosterrensis
974 1556 1220 1639 ecclesiaeque
1246 1559 1473 1640 praepositura
1501 1557 1635 1623 dimissa
1665 1556 1961 1623 archidiaconatum
1990 1557 2118 1623 Frisiae
2141 1578 2185 1622 co·

686 1669 793 1729 return
815 1668 846 1728 et
867 1661 1092 1727 oboedientiam
1121 1660 1156 1725 in
1179 1661 1265 1725 dicta
1289 1663 1536 1726 Monosteriensi
1564 1661 1697 1726 ecclesio
1730 1660 1863 1743 adeptos
1892 1664 1950 1741 est,
1983 1664 2098 1745 postea
2125 1682 2185 1726 cero

686 1769 783 1832 etiam
816 1767 994 1832 cantoriam
1022 1764 1225 1847 praedictam
1257 1764 1353 1829 libere
1385 1765 1517 1830 dimisit.
1541 1767 1678 1829 Frnctns
1711 1785 1829 1847 qnoque
1856 1766 2001 1848 percepti
2034 1765 2065 1829 ei
2092 1765 2184 1829 remil-

686 1876 807 1947 tnntnr,
831 1874 973 1934 attamen
994 1868 1055 1934 licre
1078 1868 1260 1944 camlitione,
1283 1873 1319 1932 nt
1349 1869 1564 1943 canonicatus,
1594 1867 1804 1951 praebendas,
1840 1868 2134 1934 archidiaconatum
2161 1873 2183 1930 ot

687 1975 912 2039 oboedientiam
929 1972 1113 2056 praedictos
1136 1972 1265 2036 realiter
1287 1976 1318 2036 et
1339 1974 1463 2037 omorino
1486 1973 1674 2054 onomast)
1698 1974 1750 2052 ,D.
1763 1970 1920 2037 Aninione
1935 1973 2019 2038 ΙΙΙΙ
2034 1972 2098 2037 kal.
2111 1973 2181 2038 binii

1054 2072 1060 2081 “
1349 2099 1379 2141 α.
1404 2081 1538 2156 qnanto‘.

743 2163 802 2287 ,ξ’
1654 2187 1817 2264 avinne,
1841 2190 1930 2254 1346
1952 2186 2078 2271 Apisa
2098 2190 2144 2254 rs.

794 2404 942 2459 Clementis
967 2404 1004 2458 VI
1030 2406 1062 2457 A.
1087 2404 1154 2473 lvss
1173 2403 1215 2473 (V.
1234 2407 1296 2472 218)
1321 2405 1338 2459 l.
1358 2407 1417 2458 311'
1442 2420 1468 2457 n.
1488 2409 1546 2469 578,
1575 2403 1744 2458 diversarum
1771 2402 1922 2458 formarum
1940 2421 1985 2472 qu.
2008 2409 2038 2457 11
2052 2423 2083 2456 :
2096 2404 2124 2456 V.
2141 2408 2176 2456 lot

691 2491 709 2545 l.
728 2492 788 2543 tot'
807 2507 834 2543 n.
852 2495 911 2544 578.
930 2520 963 2529 -
990 2492 1013 2555 ⁸)
1032 2489 1205 2556 ‚Wsldcken‘
1224 2493 1256 2544 Α.
1276 2522 1309 2530 -
1331 2493 1349 2558 Ι)
1369 2492 1437 2545 llaec
1456 2490 1619 2558 snpplicatio
1638 2506 1693 2544 non
1712 2497 1756 2545 ost
1772 2498 1891 2561 reperta.
1931 2488 2032 2555 ²)vide
2054 2507 2122 2545 num.
2138 2495 2174 2541 oso

693 2584 721 2633 et
741 2583 799 2630 os1.

692 3101 785 3169 625.
807 3099 959 3178 Jolumni,
975 3097 1044 3179 repi
1067 3098 1244 3178 Balanitae,
1262 3098 1358 3163 datar
1380 3098 1508 3164 licentia
1524 3097 1694 3179 snndandi
1708 3101 1738 3162 et
1755 3097 1959 3162 construendi
1972 3096 2175 3161 nrornrsterinn

691 3204 814 3269 ordinis
835 3208 966 3267 sanctae
990 3199 1108 3269 Clarae
1128 3202 1186 3265 snb
1208 3202 1356 3266 oocobnlo
1386 3203 1496 3267 beatae
1525 3202 1654 3268 llcrriue
1690 3201 1829 3284 Virpinis
1859 3206 1889 3266 ct
1910 3203 2018 3267 sancti
2041 3198 2176 3268 nonina

1131 3308 1303 3390 Baptistae
1325 3307 1359 3370 in
1382 3307 1496 3390 oppido
1519 3306 1757 3390 Epternaccnsi.

1659 3494 1931 3573 Acinione,1346
1953 3493 2080 3581 Aprilis
2100 3498 2145 3562 28.

799 3741 833 3808 Ο.
857 3744 890 3808 in
915 3740 971 3807 Gh.
994 3742 1016 3807 f.
1039 3741 1187 3820 lohanni,
1211 3742 1278 3823 regi
1301 3741 1431 3806 Boemie
1455 3740 1580 3818 illustri,
1589 3742 1614 3821 ⁸)
1639 3760 1663 3805 s
1687 3745 1747 3805 ete.
1780 3740 1838 3805 Pin
1860 3740 2039 3822 principum
2060 3739 2177 3804 fidelium

692 3853 777 3926 vota,
811 3867 869 3929 per
898 3865 959 3929 que
990 3848 1163 3929 participes
1193 3845 1263 3910 ficri
1293 3851 1445 3928 satagunt
1479 3846 1675 3927 principatus
1709 3845 1821 3924 eterni,
1855 3844 1995 3909 libenter
2028 3842 2177 3927 apostolico

692 3951 800 4015 favore
835 3953 1055 4033 prosequimur
1088 3955 1120 4015 et
1150 3952 1196 4015 eis
1225 3950 1394 4032 benignum
1429 3967 1603 4027 assensum,
1638 3954 1792 4030 quantum
1825 3965 1896 4014 cum
1930 3948 1992 4013 deo
2022 3963 2177 4031 possumus

659 4140 661 4146 y
692 4056 899 4137 impartimur.
935 4056 1017 4121 Sanc
1039 4056 1156 4138 peticio
1172 4061 1228 4120 tus
1242 4055 1333 4118 nobis
1356 4072 1458 4135 nuper
1480 4053 1621 4117 exhibita
1632 4052 1655 4133 ¹)
1679 4053 1871 4130 continebat,
1895 4052 1981 4134 quod
2005 4058 2051 4130 tn,
2075 4052 2112 4115 de
2133 4057 2173 4114 tuo

694 4166 727 4224 ct
748 4161 983 4241 progenitorum
1001 4160 1225 4224 salibanorum
1240 4166 1366 4223 tuorum
1382 4159 1556 4222 arrirnarum
1573 4157 1676 4222 salute
1699 4158 1823 4222 solicite
1846 4157 1990 4239 cogitans
2014 4163 2047 4220 et
2070 4156 2177 4237 cupiens

695 4270 823 4328 terrena
854 4265 885 4328 in
909 4265 1042 4329 celestia
1065 4272 1097 4329 et
1119 4264 1302 4327 transitoria
1332 4264 1364 4326 in
1395 4268 1506 4327 eterna
1534 4262 1620 4327 felici
1651 4262 1837 4326 commercio
1867 4266 2074 4339 commutare,
2103 4274 2177 4324 anun

694 4369 921 4432 monesterium
946 4369 985 4432 sd
1008 4369 1106 4432 (livini
1129 4368 1263 4432 norninis
1285 4367 1411 4431 laudem
1428 4372 1461 4430 et
1475 4366 1608 4448 gloriam
1630 4386 1668 4431 aa
1691 4366 1892 4431 inhonorem
1915 4369 1948 4429 et
1964 4365 2023 4430 sub
2047 4359 2177 4428 vocabulo

693 4474 789 4538 boote
811 4473 915 4537 Mario
931 4473 1071 4555 Virginis
1087 4473 1232 4536 essancti
1255 4470 1412 4536 iohannis
1434 4472 1590 4552 Baptista,
1614 4470 1645 4534 in
1665 4489 1727 4552 quo
1749 4467 1911 4534 abbatissa
1933 4473 1967 4533 et
1991 4468 2120 4550 triginta
2131 4464 2177 4527 due

693 4593 819 4641 sorores
841 4577 960 4640 ordinis
984 4581 1092 4641 sancte
1116 4575 1209 4640 Clare
1231 4580 1421 4656 perpetuum
1452 4575 1574 4656 possint
1603 4574 1753 4638 exhibere
1783 4574 1909 4637 domino
1941 4572 2134 4648 ismulstmn,
2152 4567 2176 4629 in

694 4679 810 4760 oppido
834 4680 1069 4760 Epternatensi,
1104 4679 1311 4743 Trenerensis
1334 4678 1479 4756 ‹liocesis
1514 4678 1599 4758 quod
1621 4679 1652 4741 in
1677 4677 1828 4742 comitatu
1850 4682 1906 4741 tno
1929 4671 2178 4758 Lucemburgcnsi

693 4783 761 4848 foro
785 4784 968 4860 dinoscitur,
992 4782 1125 4847 inridere
1148 4788 1182 4846 et
1205 4788 1389 4847 construere
1412 4781 1554 4862 illudque
1577 4782 1617 4845 de
1639 4780 1776 4863 propriis
1798 4781 1864 4845 tuis
1886 4780 1990 4860 bonis,
2024 4777 2179 4861 exquibus

693 4888 854 4952 alrlmtissa
876 4891 908 4950 et
931 4905 1056 4951 sonoros
1080 4887 1148 4968 ipse
1172 4905 1210 4950 sc
1225 4906 1334 4950 earum
1358 4887 1529 4950 servitores
1553 4883 1619 4965 eth)
1635 4886 1817 4950 servitrices
1840 4884 2038 4950 substentari
2061 4883 2177 4948 valeant.

695 4990 891 5056 sufficienter
920 4991 1031 5055 dotare
1062 4991 1222 5071 proponis.
1268 4991 1334 5055 Nos
1364 4991 1460 5072 igitar
1490 4989 1588 5053 divini
1619 4990 1723 5055 cultus
1753 4995 1958 5071 augmentum
1992 5008 2031 5054 sc
2061 4984 2181 5052 eiualcn

694 5095 904 5179 profusiorem
929 5096 1190 5176 propagncionem
1222 5095 1351 5173 ordinm,
1386 5095 1426 5158 ad
1451 5114 1512 5175 que
1535 5095 1635 5158 eciam
1657 5099 1713 5157 tua
1735 5093 1822 5176 regia
1845 5092 1961 5157 devota
1988 5093 2130 5159 laborare
2149 5088 2182 5150 si·

696 5202 789 5265 detur
811 5199 960 5276 intencio,
983 5199 1170 5264 affectantes
1193 5218 1229 5263 oc
1252 5198 1443 5263 laudabilem
1466 5203 1521 5262 tue
1543 5199 1595 5280 pie
1619 5197 1799 5262 devocionis
1825 5193 1975 5261 aflectum
1997 5197 2106 5263 favore
2124 5211 2183 5276 opo

694 5303 806 5368 stolico
830 5308 1068 5385 prosequentes,
1092 5303 1157 5367 tais
1181 5303 1473 5385 supplicacionibus
1496 5301 1638 5366 inclinati
1661 5301 1886 5366 uronastcrium
1909 5301 2016 5382 ipsum
2039 5302 2071 5366 in
2092 5297 2185 5364 eodem

694 5409 820 5489 oppido,
845 5409 877 5472 in
899 5407 968 5471 laco
991 5413 1097 5471 tnnrcu
1119 5407 1159 5470 ad
1181 5408 1241 5470 hoc.
1263 5407 1362 5471 habili
1386 5413 1419 5471 et
1440 5405 1583 5484 horresto,
1607 5424 1678 5468 cum
1701 5405 1838 5469 ecclesia
1863 5421 1922 5469 seu
1945 5405 2095 5483 oratorio,
2116 5421 2185 5468 cam

696 5512 805 5593 panili,
829 5511 973 5575 ‹lirrnibus
990 5516 1022 5575 et
1038 5511 1109 5574 aliis
1125 5512 1315 5575 rroecssariis
1332 5510 1466 5575 officinis
1490 5509 1610 5590 absque
1636 5508 1812 5589 proindicio
1834 5507 2046 5590 parrochialis
2068 5505 2186 5572 ecclesie

696 5637 732 5680 ac
755 5616 834 5679 imis
858 5614 1028 5679 cuiuslibet
1051 5615 1157 5693 ciliani,
1193 5616 1294 5680 eidam
1326 5615 1517 5679 irrormstcrio
1548 5612 1717 5677 srd‘licionti
1749 5613 1822 5676 doto
1848 5631 1907 5694 per
1928 5618 1962 5676 te
1986 5619 2022 5677 nt
2044 5612 2187 5695 prefertur

695 5720 842 5802 primitus
866 5721 1037 5800 assignata,
1061 5718 1211 5782 frindandi
1244 5738 1279 5781 ac
1304 5717 1516 5795 canistruendi,
1552 5717 1711 5780 diocesani
1734 5715 1794 5781 loci
1819 5721 1852 5780 et
1875 5716 2047 5781 cuiuslibet
2068 5715 2186 5781 alterins
