5184 7050
1875 898 1939 964 523

426 1080 519 1170 896.
544 1099 685 1181 Carolus,
722 1103 936 1168 Romanorum
967 1105 998 1167 ct
1031 1102 1199 1168 Bohccaioc
1221 1123 1287 1178 res,
1325 1102 1495 1188 supplicat,
1529 1106 1685 1187 quotenus
1707 1125 1778 1170 mom
1801 1105 1941 1170 dmilooc

425 1206 464 1270 dc
502 1204 630 1269 Vctocio
658 1210 689 1270 ct
720 1205 922 1291 complicitis
952 1207 1020 1270 cias
1050 1206 1250 1291 dispensetur
1279 1228 1374 1292 scopet
1403 1208 1580 1289 hmnioidio,
1615 1209 1697 1290 qaod
1717 1209 1753 1274 in
1768 1226 1941 1293 personam

559 1308 688 1391 Voislni,
711 1311 842 1376 rectoris
857 1309 1077 1395 parrochialis
1099 1310 1247 1377 ecclcsiae
1270 1313 1304 1376 ia
1325 1312 1530 1391 Joromeace,
1555 1313 1785 1378 commiserant.

1386 1501 1549 1579 Aoinionc,
1572 1505 1658 1570 1347
1680 1503 1819 1589 napaei
1840 1509 1894 1571 21.

534 1691 697 1775 Significat
719 1693 750 1760 S.
775 1694 812 1759 V.
837 1693 1061 1759 ‹levatissimus
1083 1693 1105 1760 f.
1130 1713 1158 1758 v.
1178 1694 1327 1774 Karalus,
1338 1694 1554 1761 'Romanorum
1569 1702 1603 1760 et
1617 1696 1748 1761 Boemie
1771 1713 1838 1776 rex,
1855 1695 1940 1778 quod

428 1794 504 1860 olim
527 1796 664 1862 dilectus
685 1797 778 1862 miles
801 1803 834 1862 et
858 1798 1058 1865 consiliarius
1088 1816 1165 1864 suus
1195 1797 1293 1866 Smila
1324 1799 1363 1863 de
1393 1799 1552 1879 Weronia,
1586 1800 1663 1865 baro
1686 1802 1775 1884 regni
1798 1801 1939 1881 Boemie,

427 1899 651 1967 olomucensis
673 1901 820 1981 diocesis,
844 1907 974 1985 propter
995 1903 1132 1984 quedam
1154 1904 1249 1969 unius
1272 1903 1426 1969 iniuriosa
1447 1905 1554 1984 verba,
1581 1923 1640 1988 per
1661 1905 1818 1988 quondam
1841 1906 1939 1986 Woy·

426 2004 541 2084 slaurn,
565 2011 719 2072 rectorem
744 2007 953 2089 parrochialis
975 2008 1112 2072 ecclesie
1135 2007 1175 2072 de
1197 2007 1363 2087 ternaria,
1387 2008 1511 2090 prefate
1535 2009 1681 2088 diocesia,
1714 2010 1746 2075 in
1769 2011 1937 2077 maximam

426 2109 661 2176 detraccionenr
683 2110 812 2177 honoris
835 2118 869 2177 et
890 2112 974 2177 larue
997 2112 1073 2176 dicti
1105 2113 1215 2177 militis
1244 2111 1377 2196 prolata,
1409 2131 1472 2195 que
1495 2113 1525 2180 S.
1550 2113 1588 2180 V.
1611 2119 1762 2181 oretenus
1785 2119 1861 2180 suut
1883 2133 1938 2179 ex·

425 2232 549 2295 pressa,
573 2215 694 2298 impetu
717 2217 834 2282 luroris
865 2236 1027 2297 accensus,
1060 2236 1131 2283 cum
1161 2216 1350 2299 quibasdam
1381 2217 1449 2281 suis
1479 2218 1511 2282 in
1534 2217 1594 2284 hac
1617 2225 1709 2301 parte
1732 2219 1938 2302 complicibus

424 2319 563 2384 cundem
586 2321 779 2402 Woyslaurrr‚
803 2342 866 2388 non
888 2324 1009 2404 absque
1032 2341 1180 2387 manuum
1203 2322 1387 2403 inieccioue,
1404 2322 1455 2387 dei
1475 2323 1588 2389 timore
1604 2325 1791 2407 postposito,
1814 2330 1935 2389 amere

424 2422 581 2506 [aranu]·)
605 2425 748 2492 violenta
770 2428 857 2510 cepit
878 2446 1013 2510 eumqrre
1030 2428 1138 2493 inuno
1155 2445 1247 2492 sacco
1270 2428 1377 2509 posuit
1399 2432 1433 2493 et
1456 2428 1501 2493 sic
1524 2429 1557 2493 in
1580 2429 1650 2511 ipso
1673 2447 1764 2494 sacco
1781 2429 1938 2494 inclusum

425 2531 460 2591 ct
484 2527 616 2612 ligatum
639 2529 672 2594 in
694 2530 811 2597 flumen
834 2532 993 2615 quoddam
1016 2533 1196 2610 submersit,
1220 2532 1457 2615 propterquod
1481 2532 1565 2597 idern
1583 2532 1754 2616 Woyslaus
1776 2532 1939 2600 suffocatis

423 2631 593 2715 spiritibus
616 2633 764 2699 exalavit.
796 2634 912 2714 Quare,
937 2653 1007 2700 cum
1030 2635 1133 2701 eidem
1156 2633 1250 2701 militi
1271 2639 1403 2719 propter·
1431 2636 1569 2702 hostiurn
1593 2642 1626 2702 et
1649 2638 1770 2704 viarum
1792 2636 1935 2723 pericula

423 2735 466 2800 ad
490 2736 599 2801 sedem
622 2738 828 2821 apostolicam
851 2740 944 2805 nimis
967 2738 1106 2805 difficilis
1129 2742 1172 2804 sit
1193 2758 1352 2818 accessus,
1369 2739 1532 2805 humiliter
1554 2740 1715 2823 supplicat
1737 2740 1843 2807 dictus
1866 2759 1934 2820 rex,

423 2845 586 2923 quatenus
608 2841 680 2907 eius
703 2842 821 2908 iutuitu
843 2843 875 2908 in
898 2842 1019 2910 dictum
1041 2844 1174 2909 militem
1205 2843 1299 2910 solite
1330 2844 1502 2910 clemencie
1533 2849 1639 2910 vestre
1662 2845 1792 2910 uberem
1815 2845 1938 2910 miseri·

423 2943 568 3011 cordiam
590 2952 788 3027 exercentes,
809 2948 1006 3015 committere
1030 2947 1200 3031 dignemini
1226 2948 1351 3014 domino
1374 2947 1528 3035 Pragepsi
1551 2947 1791 3034 archiepiscopo
1814 2954 1848 3015 et
1870 2952 1939 3035 epi·

423 3067 523 3134 scopo
546 3049 730 3118 Tridentino
755 3071 793 3118 ac
815 3052 936 3119 decano
957 3044 1175 3134 ¹Olomucensi,
1192 3058 1227 3118 ut
1242 3053 1304 3137 ipsi
1327 3057 1383 3119 aut
1405 3052 1467 3118 duo
1490 3052 1541 3118 vel
1564 3072 1645 3119 anus
1669 3072 1778 3119 eorum
1800 3056 1937 3122 eundern

423 3153 569 3235 militem,
594 3155 741 3240 imposita
763 3158 825 3223 sibi
846 3158 1029 3241 penitencia
1051 3158 1194 3239 salutari,
1211 3178 1230 3223 a
1245 3162 1339 3224 reatu
1354 3163 1388 3223 et
1403 3157 1740 3224 excommunicacionis
1763 3162 1936 3244 sentencia,

423 3277 522 3340 quam
545 3264 676 3343 propter
698 3260 758 3328 hoc
781 3261 923 3341 incurrit,
959 3266 992 3326 et
1013 3268 1078 3329 tam
1102 3281 1175 3328 eum
1198 3281 1303 3348 quam
1316 3260 1397 3327 filios
1421 3268 1453 3326 et
1475 3281 1681 3345 quoscunque
1705 3267 1860 3346 posteros,
1884 3266 1939 3331 he·

423 3364 521 3429 redes
551 3370 584 3429 et
614 3384 818 3433 successores
848 3385 922 3432 suos
953 3367 993 3432 ab
1023 3366 1168 3433 omnibus
1198 3367 1372 3434 sentenciis
1403 3371 1499 3449 atque
1530 3368 1632 3450 penis,
1663 3368 1778 3450 quibus
1811 3375 1876 3435 tam
1899 3371 1938 3435 de

423 3470 496 3535 iure
519 3487 614 3553 quarn
637 3468 782 3555 vigeret)
813 3491 1072 3556 quarumcunque
1102 3472 1359 3556 apostolicarum,
1390 3472 1631 3556 provincialium
1663 3473 1712 3538 vel
1740 3474 1939 3558 synodalium
2064 3471 2066 3474 ’

423 3574 692 3641 constitucionum
715 3578 953 3659 quomodolibet
982 3579 1195 3657 subiecerant,
1226 3577 1402 3661 apostolica
1431 3578 1623 3644 auctoritate
1653 3577 1819 3645 absolvant
1842 3598 1879 3645 ac
1901 3580 1939 3645 li·

421 3680 521 3745 beros
543 3684 577 3745 et
599 3681 763 3747 absolutos
786 3681 958 3749 decernant
988 3685 1138 3767 ipsosque
1168 3684 1342 3750 restituant
1370 3682 1411 3748 ad
1441 3684 1545 3748 omnia
1575 3701 1685 3749 eorum
1707 3684 1788 3765 iura,
1812 3684 1937 3766 lamam,

421 3784 577 3849 honorem
600 3791 633 3851 et
655 3791 775 3853 statum
798 3806 969 3871 omnesque
992 3794 1085 3855 actus
1107 3788 1266 3872 legitimos
1288 3795 1355 3854 tarn
1377 3786 1614 3854 ecclesiastices
1645 3807 1740 3872 qnam
1761 3789 1937 3856 mundanos

422 3894 458 3954 et
478 3891 658 3972 presertim,
674 3891 758 3973 quod
775 3891 859 3959 dicto
882 3894 976 3960 militi
999 3900 1032 3960 et
1054 3895 1122 3960 suis
1143 3894 1316 3959 heredibus
1340 3894 1389 3959 ius
1413 3898 1600 3977 patronatus
1623 3894 1766 3959 eiusdem
1789 3894 1935 3975 ecclesie,

421 3994 465 4058 ad
490 4012 562 4059 eum
585 4001 745 4078 spectans,
768 3997 903 4063 liberum
934 4006 967 4064 et
997 3999 1180 4083 expeditum
1207 4004 1372 4065 remaneat
1394 3998 1477 4064 sicut
1500 3999 1599 4081 prius,
1623 3999 1764 4082 dictique
1787 4000 1856 4065 eius
1879 3998 1935 4065 lilii

422 4100 610 4183 dignitates,
633 4108 822 4184 personatus
852 4109 885 4168 et
914 4103 1020 4169 officia
1050 4110 1084 4171 et
1113 4124 1302 4187 quecunque
1331 4105 1394 4170 alia
1425 4103 1580 4170 beneficia
1605 4103 1825 4169 ecclesiastica
1848 4103 1936 4170 licite

421 4206 570 4271 obtinere
592 4205 719 4272 valeant
734 4213 768 4272 et
782 4209 883 4274 eciam
905 4210 1054 4290 retinere,
1071 4228 1142 4275 curn
1164 4210 1310 4275 omnihus
1333 4209 1404 4274 aliis
1428 4207 1579 4274 clausulis
1602 4212 1634 4274 et
1654 4227 1715 4274 nou
1737 4210 1938 4277 obstantibus

421 4311 600 4393 oportunis.
625 4312 778 4395 Idemque
800 4313 892 4379 miles
915 4319 1048 4396 paratus
1078 4319 1129 4379 est
1157 4314 1227 4379 loco
1258 4313 1439 4395 penitencie
1469 4313 1603 4379 fundare
1634 4313 1665 4377 iu
1688 4312 1775 4378 dicta
1799 4313 1936 4379 ecclesia

369 4459 373 4463 -
422 4433 523 4480 uuam
545 4416 752 4499 capellaniam
774 4421 963 4501 perpetuam
984 4437 1050 4502 pro
1080 4418 1221 4484 remedio
1253 4417 1358 4483 anime
1388 4417 1465 4482 dicti
1489 4417 1631 4501 Woyslai
1661 4435 1795 4500 eamque
1825 4418 1936 4483 domne

422 4518 466 4583 de
491 4521 604 4586 annuis
627 4521 806 4587 redditibus
828 4526 900 4588 octo
923 4520 1100 4590 marcarrirn
1122 4522 1256 4605 argenti.

531 4624 605 4690 Fiat
626 4626 711 4692 sicut
733 4628 912 4694 continetur
935 4628 967 4694 in
990 4628 1104 4693 cedula
1124 4627 1257 4710 papirea
1276 4646 1334 4709 per
1349 4626 1542 4693 cardinalem
1565 4626 1828 4709 penitenciarium
1849 4626 1935 4693 ordi·

422 4735 505 4795 nata
528 4729 565 4795 lt
612 4730 656 4795 Et
677 4749 708 4813 q.
731 4736 754 4796 t.
778 4749 803 4796 s.
827 4751 854 4796 a.
879 4731 899 4797 l.
933 4731 1008 4797 Fiat
1030 4731 1067 4797 lt
1108 4733 1149 4797 D.
1179 4732 1337 4798 huinione
1367 4730 1430 4797 XII
1459 4731 1523 4797 kal.
1553 4730 1749 4813 Septembris
1779 4750 1809 4797 a
1836 4738 1936 4799 sexto.

530 4976 672 5041 Attentis
695 4974 803 5040 favore
827 4973 1047 5058 supplicantis,
1070 4975 1238 5040 nobilitate
1267 4975 1379 5040 militis
1411 4979 1444 5040 et
1473 4993 1609 5043 accensu
1632 4974 1749 5041 furoris
1772 4975 1873 5058 ipsius
1897 4994 1935 5041 ac

423 5080 522 5163 culpa
536 5079 715 5164 presbyteri
735 5079 902 5159 submersi,
925 5079 1051 5144 videtur
1073 5079 1185 5144 uricius
1207 5081 1364 5163 agendum
1387 5100 1457 5146 curn
1481 5100 1528 5162 eo,
1555 5080 1706 5146 videlicet
1727 5080 1811 5163 quod
1834 5079 1937 5145 archi·

422 5187 576 5269 episcopo
600 5184 754 5268 Pragensi
776 5184 828 5248 vel
851 5186 1001 5267 episcope
1025 5235 1032 5250 .
1056 5235 1063 5249 .
1089 5184 1197 5250 delicti
1228 5187 1442 5251 committetur·
1472 5185 1634 5251 absoluere
1665 5204 1684 5250 a
1713 5191 1805 5251 reatu
1837 5190 1869 5250 et
1896 5186 1936 5250 ab

423 5291 572 5356 omnibus
595 5289 776 5368 sentenciis,
793 5307 873 5370 quas
888 5293 1020 5373 propter
1041 5289 1102 5355 hoc
1124 5290 1267 5370 incurrit,
1283 5291 1315 5357 in
1331 5288 1439 5356 debita
1461 5289 1571 5372 iorma,
1591 5289 1726 5373 prestito
1749 5290 1936 5370 iuramenta,

423 5396 510 5479 quod
534 5413 693 5477 nunqnam
715 5392 794 5459 talia
816 5393 933 5460 audeat
956 5400 1159 5477 attemptare,
1183 5399 1216 5461 et
1238 5396 1388 5479 imposita
1411 5395 1471 5460 sibi
1493 5394 1686 5477 penitencia,
1702 5393 1787 5477 quod
1808 5392 1937 5459 edificet

424 5508 459 5565 et
481 5500 570 5564 clatet
588 5518 683 5564 unam
715 5498 922 5581 capellaniam
954 5500 1063 5565 decern
1093 5518 1271 5565 marcarum
1302 5498 1485 5565 rendualem
1516 5499 1677 5563 annuatim
1709 5499 1740 5563 in
1772 5497 1851 5580 loco,
1883 5499 1936 5563 ubi

424 5606 583 5670 commisit
606 5604 765 5683 delictum,
791 5604 822 5668 irr
845 5602 1029 5687 suffragium
1052 5606 1155 5670 anime
1185 5606 1344 5671 interiecti
1368 5609 1401 5669 et
1423 5609 1591 5687 parentum
1615 5604 1727 5685 ipsius,
1750 5603 1831 5668 inira
1854 5605 1936 5669 duos

423 5730 536 5788 anuos,
561 5731 580 5774 a
603 5717 746 5793 temporo
768 5710 968 5791 presencium
990 5710 1168 5775 litterarum
1192 5712 1414 5789 numerandos,
1430 5714 1463 5773 et
1478 5710 1563 5791 quod
1579 5711 1699 5775 ieiunet
1714 5710 1813 5775 ferias
1828 5715 1936 5776 sertas

422 5820 456 5883 in
480 5818 637 5882 communi
661 5816 731 5879 cibo
761 5823 794 5880 et
824 5815 948 5897 vigilias
979 5816 1074 5880 beate
1105 5816 1208 5882 blarie
1238 5817 1270 5881 iu
1301 5836 1382 5899 pane
1413 5821 1445 5880 et
1476 5818 1549 5880 uino
1572 5836 1630 5899 per·
1652 5816 1861 5898 septeuuiruu,
1885 5816 1936 5880 vel
