5184 7050
1875 817 1946 910 ⁵³1.

426 1022 565 1099 Zichou',
589 1022 700 1087 militis
723 1028 756 1086 et
779 1022 944 1088 familiaris
968 1024 1196 1102 commensalis,
1220 1024 1376 1106 capellani
1399 1025 1448 1088 sui
1473 1024 1591 1102 dilecti,
1608 1023 1779 1106 specialem
1801 1026 1939 1108 graciam

426 1129 596 1206 facientes,
621 1128 723 1192 eidem
747 1126 885 1192 Jobanni
910 1129 949 1192 ‹lc
973 1129 1158 1193 canonicatu
1183 1129 1241 1192 sub
1265 1129 1492 1209 expectacione
1516 1129 1676 1209 prebende
1704 1129 1838 1195 ecclesie
1861 1132 1940 1196 Pra-

425 1234 545 1314 gensis,
569 1233 596 1297 si
620 1251 682 1314 qaia
705 1233 736 1297 in
760 1233 846 1297 dicta
869 1232 1005 1298 ecclesia
1028 1238 1119 1297 uacat
1142 1233 1182 1297 ad
1205 1251 1348 1314 presens,
1365 1232 1414 1296 vel
1432 1233 1663 1314 quamprimum
1678 1235 1849 1314 vacaverit,
1866 1253 1937 1300 cum

424 1337 630 1416 inbibicione‚
665 1337 893 1415 resem'acione,
929 1338 1162 1419 acceptacione,
1197 1337 1327 1401 decreto
1358 1342 1390 1401 et
1423 1336 1566 1401 clausula
1590 1338 1742 1402 anteferri
1766 1339 1937 1422 dignemini

423 1440 677 1506 misericorditer
699 1440 877 1522 providere,
900 1461 962 1506 non
985 1442 1142 1520 obstante,
1158 1441 1242 1523 quod
1265 1441 1350 1506 idem
1372 1440 1564 1528 J[obannes]
1582 1443 1802 1507 canonicatum
1817 1449 1850 1511 at
1866 1464 1938 1527 pre-

422 1547 562 1611 bendam
585 1545 720 1610 ecclesie
743 1545 915 1610 Miscensis
947 1551 980 1610 ct
1011 1545 1242 1627 pamocbialem
1272 1545 1442 1610 ecclesiam
1472 1547 1504 1610 in
1529 1545 1657 1625 Cunow,
1679 1547 1848 1630 Pragensis
1871 1549 1938 1615 dio·

422 1651 520 1730 cesis,
556 1651 700 1715 obtinere
734 1657 894 1728 noscatur,
930 1669 1000 1715 cum
1031 1651 1147 1715 ceteris
1169 1669 1231 1715 non
1255 1650 1455 1716 obstantibus
1479 1655 1512 1714 et
1535 1650 1687 1717 clausulis
1711 1654 1875 1734 oportunis
1898 1673 1936 1721 ac

426 1756 664 1834 executoribus,
688 1760 724 1819 ut
746 1754 778 1818 in
801 1754 911 1818 forma.

530 1859 605 1925 Fiat
627 1859 664 1924 R.
689 1860 733 1924 Et
755 1878 784 1940 q.
808 1864 831 1922 t.
855 1876 880 1924 s,
904 1878 932 1922 a.
955 1858 976 1923 l.
1000 1859 1072 1924 Fiat
1094 1858 1132 1923 R.
1156 1860 1194 1924 b.
1220 1858 1378 1924 Auinione
1402 1857 1447 1925 XI
1470 1858 1532 1924 kal.
1557 1859 1754 1942 Septembris
1778 1880 1805 1926 a.
1830 1868 1935 1928 sexto·

531 1996 1041 2066 OEmwmwbvfflssbfw

420 2297 518 2364 913.
543 2298 716 2374 Hroaaota,
741 2296 838 2360 abbas
862 2294 1046 2360 ruoaasterii
1071 2293 1318 2376 Opatoaiceusia,
1340 2294 1510 2377 simplicat,
1529 2299 1682 2374 pamerras
1696 2299 1809 2375 frater
1829 2295 1935 2362 Baba·

417 2400 514 2465 staats
537 2400 575 2464 de
600 2401 716 2465 Daiica
737 2400 930 2477 bubditetur,
953 2403 989 2462 ut
1010 2418 1112 2462 noceor
1134 2396 1168 2460 iu
1190 2397 1329 2480 capitulo
1351 2397 1466 2462 lictbera
1498 2419 1614 2464 racana
1644 2399 1933 2465 administrationis

417 2505 566 2586 officium
590 2505 726 2588 adipisci
748 2525 787 2569 uc
808 2524 912 2567 omues
935 2502 1014 2566 alios
1037 2501 1192 2582 legitimos
1216 2507 1308 2566 actus·
1331 2522 1472 2566 exercere
1489 2503 1614 2585 possit;
1643 2503 1804 2587 supplicat
1826 2505 1931 2587 etiam,

418 2613 579 2691 quatenus
602 2607 673 2686 sibi,
691 2608 797 2692 priora
822 2607 966 2672 liertiuo
981 2611 1010 2671 at
1026 2605 1232 2688 Neplaaboni,
1249 2605 1399 2670 nmaaciro
1415 2606 1552 2670 eiusdem
1567 2608 1762 2688 monasterii,
1778 2608 1932 2674 absolutio

842 2711 940 2795 plena
963 2711 998 2775 in
1020 2711 1130 2774 mortis
1153 2708 1288 2774 articalo
1312 2709 1509 2775 coucedatur.

1376 2823 1539 2898 Ariaioac,
1565 2826 1650 2889 1347
1673 2824 1812 2907 Augusti
1833 2830 1885 2891 22.

524 2964 687 3047 Significat
710 2967 741 3030 S.
759 2966 795 3029 V.
813 2965 946 3029 devotus
969 2972 1001 3030 et
1024 2964 1153 3029 lrumilis
1177 2969 1283 3029 orator
1307 2970 1413 3029 vester
1436 2963 1605 3041 Hrosnata,
1626 2964 1722 3028 abbas
1746 2965 1932 3031 monasterii

419 3070 686 3152 (lpatowicensis,
719 3070 839 3133 ordinis
870 3070 973 3133 sancti
1007 3070 1183 3146 Benedicti,
1217 3069 1390 3149 Pragensis
1422 3068 1567 3146 diocesis,
1603 3067 1685 3150 quod
1723 3068 1798 3133 olim
1834 3069 1934 3135 frater

419 3175 603 3240 liobuslaus
627 3175 666 3238 de.
691 3174 834 3252 ltassica,
852 3174 890 3237 de
907 3175 1016 3237 ordine
1040 3175 1276 3239 Prodicatorum
1300 3174 1339 3237 ad
1356 3173 1474 3237 <lictum
1491 3191 1582 3237 suum
1602 3172 1744 3236 ordinem
1759 3173 1927 3253 transiens

417 3283 450 3345 in
488 3290 564 3358 eor)
600 3278 804 3343 laudabiliter
837 3284 870 3343 et
900 3279 1033 3342 honeste
1066 3278 1211 3360 deguerit
1234 3280 1295 3342 iam
1320 3285 1393 3341 sunt
1416 3276 1474 3339 XX
1499 3278 1571 3341 anni
1595 3283 1628 3340 et
1651 3295 1748 3358 supra
1770 3282 1803 3341 et
1826 3278 1930 3342 adbuc

417 3383 516 3465 degat
531 3382 691 3462 fueritque
710 3380 873 3463 lucensque
897 3381 936 3445 ad
961 3381 1101 3464 singulos
1125 3383 1282 3464 legitimos
1306 3387 1397 3446 actus
1420 3380 1585 3458 admissus,
1605 3400 1664 3445 ono
1681 3399 1762 3444 anno
1786 3401 1856 3446 cum
1880 3381 1927 3445 di·

414 3486 515 3553 midio
550 3491 692 3569 excepto.
740 3486 904 3568 Supplicat
939 3486 1035 3569 igitur
1059 3487 1213 3570 prelibato
1237 3486 1274 3552 V.
1300 3486 1330 3552 S.
1355 3485 1459 3550 dictus
1482 3484 1588 3564 abbae,
1612 3488 1769 3566 qrractenus
1794 3485 1927 3551 eundem

414 3592 550 3657 fratrem
581 3590 785 3670 Boboslaum,
818 3597 852 3655 ut
883 3610 990 3656 vocem
1014 3592 1130 3656 lrabeat
1154 3592 1184 3655 in
1208 3590 1347 3672 capitulo
1371 3609 1491 3654 necnon
1515 3589 1802 3655 administracionis
1825 3591 1926 3672 possit

413 3696 557 3762 officium
581 3695 713 3777 adipisci
738 3717 774 3760 ac
798 3715 906 3761 omnes
929 3697 1007 3761 alios
1031 3696 1189 3777 legitimos
1213 3702 1313 3773 actare,
1331 3701 1425 3777 prout
1445 3695 1627 3772 occurrerit,
1645 3695 1748 3759 vacleat
1764 3714 1927 3775 exercere,

413 3801 587 3866 habilitare
611 3801 793 3884 dignemini,
815 3802 1096 3867 constitucionibus
1112 3802 1145 3865 in
1161 3801 1354 3866 contrarium
1377 3798 1471 3864 editis
1494 3817 1556 3864 non
1580 3799 1781 3864 obstantibus
1797 3800 1928 3881 quibus-

412 3925 554 3986 cunque.

521 4010 596 4073 Fiat
618 4009 654 4073 a.

521 4116 603 4180 item
627 4115 784 4197 supplicat
807 4116 909 4179 cidem
933 4113 963 4179 S.
989 4114 1025 4177 V.
1050 4113 1154 4177 dictus
1177 4113 1284 4190 abbas,
1309 4115 1467 4193 qrratenus
1490 4112 1550 4177 sibi
1587 4118 1619 4175 et
1652 4111 1741 4176 fratri
1776 4112 1925 4194 Martino,

410 4221 513 4303 priori
537 4218 699 4283 claustrali
722 4219 865 4285 eiusdem
888 4219 1082 4295 monasterii,
1099 4223 1131 4282 et
1147 4217 1237 4281 fratri
1253 4216 1462 4298 Neplachoni,
1479 4216 1630 4280 monacho
1646 4216 1801 4298 sepedicti
1817 4237 1925 4283 mona-

408 4326 515 4403 sterii,
541 4342 622 4387 nunc
646 4324 678 4388 in
701 4326 789 4389 curia
811 4324 953 4389 Romana
976 4322 1191 4400 commoranti,
1216 4320 1389 4403 specialem
1423 4321 1562 4403 graciam
1596 4321 1761 4401 facientes,
1796 4321 1923 4404 plenam

408 4429 648 4513 indulgenciam
672 4430 703 4493 in
725 4430 837 4494 mortis
860 4427 994 4493 articulo
1027 4428 1146 4492 eisdem
1177 4425 1352 4490 concedere
1383 4425 1565 4508 dignemini,
1590 4426 1678 4489 utin
1702 4425 1802 4492 forma
1825 4427 1923 4492 conti·

407 4542 508 4600 netur
530 4533 648 4598 talibus
672 4539 832 4598 consueta.

519 4639 591 4703 Fiat
613 4639 650 4703 R.
674 4638 717 4703 Et
739 4657 769 4719 q.
793 4643 816 4702 t.
840 4658 864 4703 s.
889 4659 917 4702 a.
941 4637 961 4701 l.
987 4636 1059 4701 Fiat
1081 4636 1118 4699 u.
1148 4636 1186 4699 D.
1210 4635 1369 4700 Auinione
1391 4634 1437 4700 Xl
1460 4634 1523 4699 kal.
1548 4635 1744 4716 Septembris
1767 4655 1794 4700 a.
1819 4639 1925 4701 sexto.

519 4771 1601 4843 fflmmWSWMmMffi-ffimw&wmmmm

404 5140 506 5208 914.
528 5135 646 5201 Abbati
668 5136 852 5200 morrusterr'i
877 5132 1110 5198 I’odluiiceusis
1133 5133 1316 5211 tractabatur,
1333 5136 1487 5214 paratarma
1514 5131 1710 5196 Bobrrsluuru
1732 5131 1770 5196 de
1793 5132 1924 5201 Dacica,

401 5240 598 5308 morracium
629 5240 814 5304 monasterii
849 5237 1096 5321 Opotocieaasis,
1131 5236 1285 5316 habilitat,
1322 5242 1356 5301 ut
1389 5258 1490 5301 vocerrr
1523 5236 1637 5301 babere
1669 5238 1702 5300 ira
1733 5235 1873 5321 capitulo
1895 5240 1926 5301 et

474 5343 766 5410 administrationis
789 5343 930 5425 officiam
954 5340 1092 5425 adipisci
1114 5344 1144 5405 ct
1166 5361 1269 5405 omues
1292 5340 1449 5423 legitimos
1473 5344 1561 5404 octus
1583 5361 1725 5406 coercere
1747 5339 1862 5405 rabat.

448 5458 511 5582 ξ
1365 5480 1529 5561 Avinioaa,
1553 5482 1640 5545 1347
1661 5479 1801 5562 Augusti
1823 5483 1875 5546 22.

514 5624 555 5688 D.
569 5622 625 5688 f...
641 5624 746 5688 abbati
763 5622 949 5688 monasterii
961 5620 1203 5699 PodlasicensiS,
1213 5621 1383 5702 Pragensis
1399 5621 1546 5700 diocesis,
1556 5638 1580 5685 s.
1591 5625 1650 5685 otc.
1668 5620 1819 5686 Exhibite
1831 5623 1923 5695 nobis

368 5764 370 5766 >
390 5748 509 5814 nuper
528 5744 586 5808 pro
602 5731 694 5807 parte
714 5727 743 5790 d.
756 5728 777 5792 f.
791 5727 942 5793 Bubuslai
956 5726 995 5790 de
1013 5726 1152 5803 bessica,
1169 5725 1315 5789 monachi
1331 5725 1517 5790 monasterii
1529 5725 1789 5807 Opotouicensis,
1803 5727 1923 5795 ordinis

1761 5848 1810 5898 34*
