5184 7050
1862 845 1924 913 361

413 1048 508 1116 6⁰1.
531 1047 645 1113 Sancti
666 1049 828 1130 spumea
858 1050 950 1130 infra
983 1072 1088 1116 muros
1118 1057 1149 1117 et
1177 1055 1284 1118 sandi
1315 1052 1446 1118 Paulini
1475 1057 1696 1117 extramuros
1722 1054 1923 1117 lbecaens'cs

411 1150 543 1216 decom
565 1173 604 1216 ac
624 1152 810 1218 acboiastico
837 1155 974 1218 eiusdem
997 1157 1102 1220 sanati
1133 1155 1266 1221 Paulini
1294 1157 1499 1221 ecclesiarum
1529 1155 1704 1220 mandatur
1734 1156 1778 1219 od
1806 1154 1924 1239 suppli-

412 1255 566 1320 cationem
588 1255 758 1332 lobannis,
782 1257 865 1338 repis
882 1258 1061 1332 Bobemiac,
1085 1265 1241 1342 quatenus
1260 1262 1408 1324 Ditmaro
1427 1261 1465 1324 dc
1481 1258 1689 1325 Meclcenbacit
1700 1267 1735 1340 ⁸),
1753 1259 1922 1339 firmiliani

414 1362 443 1422 et
463 1359 636 1424 smretaiio
658 1361 782 1424 notario
804 1362 942 1426 eiusdem
964 1364 1057 1444 repis,
1079 1365 1340 1448 praeposituram
1363 1366 1398 1430 in
1419 1363 1549 1429 ecclesia
1576 1367 1706 1428 sanctae
1729 1363 1859 1450 Mariae
1881 1362 1925 1428 ad

417 1462 548 1528 &adias
572 1463 787 1544 blesordeusis,
823 1467 1078 1547 Mapuntincnsis
1109 1468 1251 1544 diocesis,
1284 1474 1450 1534 vacantem
1481 1472 1657 1550 conferant,
1691 1488 1753 1532 non
1774 1466 1925 1547 obstante,

415 1567 510 1648 ,quod
541 1568 578 1631 in
605 1568 711 1632 sancti
743 1569 854 1634 nicaeni
889 1571 1103 1652 Erforderusis,
1138 1572 1221 1637 dicte
1253 1574 1395 1649 diocesis,
1430 1573 1651 1638 canonicatum
1681 1576 1711 1636 ct
1731 1571 1926 1654 prebendam

414 1671 501 1733 etin
528 1671 731 1737 creantem·
753 1677 783 1737 ct
805 1675 840 1737 in
858 1675 1122 1740 Wratislawicnai
1143 1666 1281 1742 ecclesiis
1305 1679 1510 1742 canonicatus
1532 1677 1589 1740 sub
1616 1676 1835 1759 expectacione
1851 1698 1926 1758 pre-

416 1774 593 1839 bendarum
614 1777 731 1841 obtinet
753 1799 793 1842 ac
821 1799 917 1862 super
939 1780 1128 1845 canonicatu
1156 1785 1186 1844 ct
1202 1781 1364 1864 prebenda
1387 1769 1512 1846 ecclesie
1542 1779 1769 1863 Glopouicnsis,
1812 1780 1924 1844 nocct-

415 1879 590 1945 slauiensia
613 1881 755 1958 diocesis,
778 1887 808 1947 ct
817 1883 1076 1967 parrochialibus
1091 1884 1229 1950 ecclesiis
1244 1886 1279 1949 in
1293 1887 1390 1949 Lissa
1412 1889 1443 1949 et
1456 1883 1572 1964 Plana,
1598 1885 1768 1965 Propontis
1786 1883 1925 1964 dicamas

413 1984 556 2048 noscitm
571 1983 701 2065 litiparc
724 2039 731 2052 .
756 2038 764 2052 .
788 2039 796 2053 .
821 2038 828 2052 .
852 1989 895 2053 D.
912 1988 1069 2053 Aninione
1092 1989 1139 2052 VI
1148 1988 1193 2054 ici.
1209 1988 1336 2072 Aprilis
1352 2009 1381 2054 a.
1399 1995 1532 2070 quarto‘.
1555 1990 1672 2054 Forma
1693 1993 1729 2053 ut
1750 1989 1785 2054 in
1799 2010 1830 2052 n.
1850 1988 1925 2053 443.

466 2164 503 2321 ξ
1405 2179 1569 2260 Anam,
1592 2180 1679 2245 raro
1701 2177 1826 2263 Apios
1848 2181 1879 2244 a.

522 2399 671 2456 Clementis
690 2400 779 2457 VIA.
797 2402 865 2464 1vn
884 2403 927 2473 (V.
946 2409 1008 2469 217>
1027 2404 1045 2458 f.
1065 2406 1124 2460 181⁹
1143 2420 1168 2456 n.
1188 2408 1230 2471 62,
1249 2403 1283 2457 de
1301 2404 1480 2474 dignitatibus
1500 2405 1660 2459 vacantibus
1678 2420 1723 2472 qu.
1743 2409 1767 2457 3.
1780 2421 1814 2456 :
1826 2402 1859 2458 V.
1876 2408 1924 2457 169

411 2482 430 2538 f.
453 2488 514 2539 112⁹
533 2503 560 2540 n.
579 2492 619 2540 tt.
647 2518 681 2528 -
707 2488 775 2557 Reg.
793 2505 837 2556 ap.
856 2489 888 2544 G.
906 2489 1035 2557 Schmidt,
1059 2490 1072 2543 1
1096 2506 1158 2559 pag.
1177 2494 1228 2543 360
1250 2506 1276 2544 n.
1295 2498 1336 2544 et.
1364 2523 1397 2531 —
1423 2491 1449 2558 ⁸)
1469 2491 1626 2562 ,Daytmaro
1651 2491 1685 2544 de
1704 2489 1868 2545 Mekebach‘
1885 2490 1923 2542 A.

1069 2800 1274 2809 ...ψ

412 3170 510 3238 6⁰2.
555 3169 723 3246 Wotramo,
754 3171 988 3256 archiepiscopo
1023 3172 1206 3253 (biauknai,
1240 3172 1474 3236 commendatur
1503 3168 1692 3248 Wtbelmus,
1721 3169 1925 3254 praepositus

415 3274 623 3352 Sosaticinis,
645 3273 940 3360 sedisapostolicae
961 3277 1101 3353 nuntius,
1124 3275 1279 3357 simulque
1292 3279 1433 3356 ropatur,
1456 3278 1611 3355 quatenns
1632 3273 1799 3350 Balcinini,
1823 3274 1927 3338 arcti·

561 3377 702 3462 episcopi
726 3380 933 3460 Trcocrensis,
957 3385 987 3444 et
1008 3381 1177 3455 octennis,
1200 3381 1284 3462 repis
1306 3378 1485 3458 Boberniae,
1508 3377 1588 3442 cotis
1610 3398 1644 3441 se
1665 3381 1795 3462 cooptet.

1405 3568 1568 3648 Acinione,
1592 3570 1678 3634 1346
1700 3567 1827 3653 Aprilis
1850 3571 1880 3634 9.

522 3766 561 3831 V.
591 3763 613 3829 i.
642 3764 813 3842 Walramo,
848 3764 1085 3846 archiepiscopo
1118 3759 1308 3826 Coloniensi.
1348 3758 1493 3838 Qualiter
1523 3759 1574 3824 die
1605 3760 1740 3841 septima
1765 3759 1923 3841 presentis

415 3869 535 3934 mensis
558 3867 679 3951 Aprilis
701 3869 733 3932 in
756 3874 862 3933 nostro
886 3868 1071 3932 consistorio
1094 3863 1220 3947 publico
1243 3868 1392 3945 presente
1407 3862 1547 3928 fidelium
1571 3863 1773 3929 multitudine
1796 3864 1925 3946 copiosa

414 3973 592 4039 Henricnm
626 3972 667 4038 de
699 3973 949 4054 Vernemburgh,
987 3972 1061 4037 olim
1094 3969 1368 4051 archiepiscopum
1402 3967 1632 4051 Maguntinum,
1670 3968 1737 4033 suis
1774 3968 1924 4049 gravibus

414 4077 612 4156 excessibus,
636 4076 819 4141 criminibus
841 4080 875 4140 et
897 4074 1022 4139 delictis
1038 4094 1075 4139 ac
1091 4073 1296 4139 contumaciis
1312 4075 1346 4136 et
1360 4071 1587 4136 inobedientiis
1610 4072 1820 4153 exigentibus,
1836 4076 1924 4137 statu

414 4184 449 4245 et
471 4180 578 4246 officio
600 4178 836 4263 pontificalibus
852 4198 890 4243 ac
905 4179 1062 4261 dignitate
1081 4177 1344 4259 archiepiscopali
1367 4176 1501 4241 ecclesie
1524 4177 1709 4260 Magantine
1733 4176 1923 4242 deliberaci-

414 4303 476 4349 one
500 4286 611 4367 previa
633 4284 766 4367 provida
796 4288 829 4348 et
858 4287 983 4348 matura
1013 4283 1053 4349 de
1084 4282 1215 4348 consilio
1244 4282 1378 4348 fratrum
1407 4286 1587 4347 nostrorum
1607 4282 1800 4363 privavimus
1827 4285 1861 4346 et
1884 4281 1923 4345 de

415 4407 554 4473 persona
576 4390 606 4454 d.
629 4388 651 4454 f.
674 4387 808 4466 Gelrati,
831 4388 899 4452 nati
923 4388 952 4451 d.
976 4387 997 4452 f.
1019 4386 1134 4451 nobilis
1158 4387 1217 4451 viri
1241 4437 1249 4452 .
1275 4436 1281 4449 .
1306 4385 1430 4450 comitis
1453 4386 1492 4460 de
1514 4385 1639 4465 Nosavv,
1663 4385 1757 4451 electi
1791 4385 1925 4469 Magnu-

413 4495 484 4573 tini,
508 4494 703 4576 providimus
726 4492 863 4558 ecclesie
886 4490 1080 4574 Maguntine‚
1115 4491 1220 4572 ipsum
1249 4488 1450 4572 preficientes
1481 4490 1584 4556 eidem
1608 4489 1743 4555 ecclesie
1766 4490 1798 4555 in
1821 4489 1925 4555 archi·

414 4598 601 4680 episcopum
624 4603 658 4662 et
680 4601 851 4680 pastorem,
875 4595 991 4677 quidve
1014 4601 1124 4660 contra
1146 4594 1343 4660 Ludouicum
1366 4596 1405 4660 de
1420 4596 1569 4674 Bauaria‚
1592 4595 1768 4660 hereticum
1791 4598 1824 4658 et
1846 4594 1926 4658 scis-

414 4701 567 4767 maticum
589 4701 802 4780 manifestum,
825 4717 947 4765 necnon
969 4717 1066 4780 super
1088 4698 1248 4763 eleccione
1271 4699 1370 4764 futuri
1392 4700 1477 4782 regis
1500 4700 1721 4778 Romanorum,
1737 4699 1770 4762 in
1785 4699 1922 4780 impera-

413 4812 519 4871 torem
555 4805 768 4887 promovendi,
791 4822 849 4887 per
878 4822 935 4868 nos
969 4802 1074 4868 facere
1107 4821 1144 4867 ac
1178 4820 1236 4885 per
1268 4802 1424 4868 electores
1457 4802 1581 4883 imperii
1616 4800 1685 4867 fieri
1715 4801 1860 4866 volumus
1891 4807 1925 4867 et

415 4910 622 4989 intendimus,
645 4909 877 4975 fraternitatem
900 4912 998 4986 tuam,
1023 4906 1062 4970 de
1085 4907 1174 4972 cuius
1197 4905 1282 4970 fideli
1307 4911 1340 4971 et
1370 4907 1494 4971 sincera
1526 4907 1707 4972 constancia
1736 4906 1830 4988 plene
1853 4924 1925 4971 con·

416 5012 553 5092 fidimus,
577 5015 722 5096 ignorare
744 5013 906 5079 nolentes:
941 5029 1017 5077 ecce
1039 5011 1124 5093 quod
1147 5010 1176 5075 d.
1199 5009 1221 5075 f.
1245 5008 1433 5089 willelmus,
1468 5011 1648 5091 prepositus
1671 5010 1806 5075 ecclesie
1829 5011 1925 5076 Zosa-

414 5118 549 5196 thensis,
572 5124 627 5183 tue
650 5117 848 5183 coloniensis
873 5115 1018 5193 diocesis,
1042 5114 1201 5180 exhibitor
1222 5113 1433 5196 presencium,
1467 5130 1565 5195 super
1594 5112 1656 5177 hiis
1679 5119 1713 5178 et
1736 5114 1924 5196 quibusdam

413 5221 487 5287 aliis
509 5240 569 5304 per
590 5238 648 5286 nos
671 5219 773 5285 eidem
804 5218 960 5301 impositis
990 5224 1045 5282 tue
1075 5217 1249 5300 prudencie
1279 5215 1456 5282 referendis
1490 5216 1615 5299 plenius
1637 5216 1834 5298 informatur,
1869 5218 1925 5284 illa

412 5327 472 5392 tibi
495 5346 554 5409 pro
577 5330 669 5407 parte
690 5329 801 5390 nostra
822 5323 943 5388 referet
964 5324 1037 5388 viva
1058 5341 1145 5389 voce.
1170 5323 1327 5401 Quocirca
1348 5322 1583 5387 fraternitatem
1605 5341 1753 5405 rogamus
1772 5327 1807 5387 et
1822 5327 1926 5388 atten-

411 5433 481 5497 cius
505 5430 670 5496 hortamur
691 5429 833 5507 eandem,
857 5432 1015 5509 quatenus
1038 5427 1143 5492 eidem
1165 5427 1329 5509 preposito
1345 5425 1439 5491 fidem
1455 5425 1609 5491 adhibens
1633 5427 1793 5492 credulam
1816 5428 1847 5492 in
1864 5428 1924 5491 hac

410 5541 516 5620 parte,
540 5540 607 5599 tam
629 5534 745 5599 nostris
772 5538 805 5597 et
830 5531 1003 5614 apostoliae
1035 5532 1120 5596 sedis
1144 5551 1290 5612 quamv.
1314 5531 1335 5596 f.
1360 5529 1525 5609 Baldwini,
1551 5532 1784 5615 archiepiscopi
1806 5532 1923 5598 Treue-

408 5642 529 5719 rensis,
552 5639 767 5704 securissimi
790 5639 821 5703 in
846 5636 974 5703 Christo
997 5636 1017 5701 f.
1041 5640 1219 5702 nostrorum
1242 5634 1407 5714 Johannis,
1440 5637 1525 5718 regis
1548 5637 1678 5701 Boemie
1701 5636 1844 5715 illustria,
1868 5637 1923 5720 qui

408 5747 451 5812 de
474 5751 510 5810 te
533 5741 754 5823 filialitateqne
776 5746 832 5806 tua
853 5741 944 5805 nobis
967 5741 1069 5805 multa
1099 5740 1359 5806 commendabilia
1388 5740 1510 5819 retulit,
1544 5742 1627 5806 votis
1657 5746 1691 5806 et
1717 5740 1925 5824 beneplacitis
