5184 7050
1876 879 1937 945 757

430 1076 548 1143 1469.
573 1072 685 1150 Quida,
705 1077 868 1160 episcopus
885 1078 1079 1155 Partueusis,
1095 1078 1265 1162 supplicat,
1279 1084 1318 1142 ut
1332 1079 1461 1145 Alberlo
1481 1081 1519 1145 dc
1534 1081 1702 1163 Slcrubuq
1724 1083 1761 1146 de
1784 1083 1941 1148 decanatu

778 1181 813 1246 iu
835 1181 966 1247 ccclesia
992 1181 1191 1248 Olomuceusi
1212 1186 1343 1248 uacant-i
1360 1186 1577 1268 provideatur.

1395 1339 1558 1417 Auiuiauc,
1582 1344 1668 1408 1352
1690 1341 1816 1426 Aprilis
1838 1346 1892 1409 23.

527 1528 692 1609 Supplicat
715 1528 745 1595 S.
770 1528 807 1592 V.
833 1528 966 1593 devotus
989 1535 1096 1594 vester
1119 1527 1261 1616 G[uid0],
1288 1531 1457 1612 episcopus
1488 1532 1682 1611 Portuensis,
1715 1537 1872 1615 quatenus
1905 1534 1939 1598 iu

424 1651 594 1715 personam
617 1635 667 1699 sui
689 1634 814 1699 Alberti
839 1633 878 1698 de
901 1634 1099 1700 Etemberch
1123 1634 1162 1698 de
1196 1634 1354 1700 decanatu
1385 1635 1521 1699 ecclesie
1544 1635 1773 1715 Olomucensis,
1804 1642 1939 1702 vacante

423 1755 482 1819 per
504 1737 625 1802 obitum
649 1737 788 1803 (lauradi
811 1737 984 1822 Wayilonis
1008 1739 1047 1802 da
1070 1739 1211 1815 Brunna,
1235 1739 1266 1802 in
1290 1738 1354 1802 illis
1377 1739 1523 1821 partibus
1547 1739 1697 1819 defuncti,
1721 1740 1839 1805 dudum
1858 1747 1934 1808 aute

424 1842 495 1906 eius
517 1841 637 1907 obitum
662 1842 829 1908 donaciani
853 1843 1027 1925 apostolice
1050 1843 1137 1909 sedis
1160 1844 1360 1928 reservato,·)
1382 1844 1416 1908 in
1438 1845 1539 1908 forma
1561 1844 1657 1909 solita
1676 1844 1848 1927 dignemini
1865 1864 1937 1927 pro-

421 1945 543 2024 videre,
567 1965 629 2010 non
652 1947 808 2025 obstante,
833 1949 918 2029 quod
941 1948 1102 2015 Sciborius
1126 1947 1166 2012 de
1189 1948 1353 2012 Hiersteiu
1377 1967 1435 2030 per
1450 1948 1625 2030 capitulum
1641 1949 1784 2014 elusdem
1800 1949 1936 2015 ecclesie

420 2051 522 2132 fuerit
551 2051 584 2114 in
616 2051 769 2116 decanum
801 2051 923 2117 electus
956 2057 989 2116 et
1018 2071 1077 2134 per
1107 2051 1300 2117 ordinarium
1324 2050 1535 2130 confirmatae,
1559 2053 1613 2133 qui
1636 2052 1758 2117 modico
1781 2059 1855 2135 post
1877 2053 1937 2119 hoe

420 2155 503 2220 uixit
536 2161 689 2237 tempore,
723 2176 785 2238 quo
820 2156 970 2222 defuncto
1007 2155 1179 2239 capitulum
1212 2155 1376 2236 sepedicta
1407 2155 1542 2222 ecclesie
1573 2156 1672 2239 elegit
1694 2156 1871 2222 Wukouem
1897 2158 1936 2223 de

420 2259 559 2324 Zdanicz
582 2261 614 2324 in
637 2259 802 2339 decanum,
826 2278 920 2342 quem
942 2261 1121 2325 ordiuarius
1145 2258 1350 2339 confiimavit,
1375 2266 1408 2326 et
1431 2262 1485 2343 qui
1509 2261 1627 2326 dictum
1662 2261 1852 2327 decanatum
1877 2281 1936 2344 per

421 2383 540 2428 aunum
562 2364 666 2428 tenuit
689 2368 723 2429 et
745 2364 830 2429 ultra
853 2369 1053 2446 occupatum,
1077 2369 1110 2428 et
1132 2383 1194 2429 nan
1218 2366 1376 2441 obstante,
1400 2364 1485 2446 quod
1508 2366 1591 2432 idem
1615 2366 1768 2430 albertus
1791 2367 1824 2430 in
1848 2367 1934 2431 dictu

421 2468 644 2534 canonicatum
656 2464 684 2541 δ)
707 2475 742 2534 et
764 2469 959 2552 prebendam
983 2474 1016 2533 et
1039 2469 1071 2533 in
1093 2469 1248 2551 Pragensi
1272 2470 1489 2534 canonicatum
1516 2471 1574 2534 snb
1606 2470 1832 2551 expectaciune
1863 2491 1934 2553 pre·

424 2573 530 2638 bende
564 2574 709 2638 ecclesiis
744 2574 936 2638 auctoritate
959 2573 1135 2656 apostoIIca
1157 2574 1300 2637 noscitur
1322 2574 1474 2652 obtinere,
1499 2579 1533 2639 et
1554 2573 1626 2639 aliis
1648 2595 1710 2640 non
1733 2576 1935 2641 obstantibus

420 2682 456 2743 et
491 2677 641 2743 clausulis
676 2678 841 2760 oportunis
875 2682 908 2742 et
942 2678 1174 2743 executoribus,
1221 2677 1292 2742 Fiat
1325 2677 1363 2742 R.
1378 2677 1399 2761 ¹)
1445 2678 1488 2743 Et
1521 2696 1551 2760 q.
1583 2684 1605 2742 t.
1629 2698 1654 2744 s.
1679 2698 1707 2743 a.
1731 2678 1751 2743 l.
1797 2679 1872 2744 Fiat
1894 2679 1931 2743 R.

420 2782 461 2846 D.
488 2782 644 2847 AuinIone
667 2783 714 2848 IX
736 2783 800 2848 kal.
824 2783 902 2849 Maii
927 2802 955 2846 a.
979 2782 1110 2847 decimo.

527 2971 676 3026 Clementis
694 2971 776 3025 VIS.
796 2971 848 3040 llll
870 2975 924 3039 (21)
943 2987 1008 3039 pars
1027 2971 1115 3025 altera
1132 2970 1151 3024 i.
1171 2977 1211 3025 67.
1231 3003 1264 3011 -
1278 2976 1301 3036 ·)
1321 2974 1496 3038 ,reservatua‘
1515 2971 1550 3037 S,
1567 2987 1636 3024 corr.
1650 2972 1685 3025 ab
1698 2971 1813 3026 editore.
1843 2973 1866 3037 b)
1887 2988 1930 3026 se-

416 3058 528 3127 quitur:
556 3059 616 3126 ,sub
635 3059 851 3127 expectacione‘,
878 3057 928 3113 aad
953 3059 1066 3113 cancell.
1092 3058 1118 3112 S.
1139 3089 1171 3098 -
1192 3060 1210 3122 ¹)
1229 3059 1311 3113 aliam
1333 3059 1562 3129 supplicationem
1581 3058 1678 3112 similis
1696 3059 1799 3114 tenoris
1818 3059 1883 3114 vide
1902 3059 1930 3112 iu

419 3163 498 3200 niim.
521 3152 586 3200 1477
607 3144 651 3199 dd.
672 3151 738 3199 tea-t
757 3146 824 3200 Maii
843 3147 874 3198 at

1078 3309 1282 3318 *-

415 3593 691 3661 uramara
721 3593 759 3656 dc
788 3593 991 3673 Sleruberp·)
1021 3592 1208 3676 providetur
1238 3593 1275 3657 dc
1306 3593 1466 3656 decanatu
1498 3591 1533 3655 iu
1566 3590 1699 3654 eeclesia
1733 3593 1931 3657 olomucensi

412 3700 556 3763 uacauti.
580 3700 633 3773 ‚D.
657 3695 814 3762 Auiuiouc
833 3698 938 3763 Vllll
953 3698 1018 3763 lucil.
1043 3699 1128 3762 Maii
1150 3720 1180 3761 a.
1205 3696 1346 3761 decimo}
1361 3732 1403 3742 -
1428 3698 1475 3759 Iu.
1500 3718 1525 3760 a.
1551 3717 1592 3759 ru.
1616 3696 1732 3759 deciana
1754 3699 1785 3759 et
1806 3695 1929 3759 sclicla·

482 3803 560 3867 stica
582 3803 756 3883 Propensis
781 3822 819 3866 aa
840 3802 998 3866 sacristae
1020 3799 1242 3865 Auiuioruusis
1264 3799 1477 3865 ecclesiarum.
1524 3800 1640 3863 Forata
1663 3802 1699 3862 ul
1720 3800 1756 3864 iu
1777 3822 1807 3864 u.
1831 3802 1861 3865 9.

1387 3954 1550 4035 aarum,
1574 3958 1661 4020 1352
1684 3954 1808 4038 aprus
1831 3958 1896 4020 aa

480 4118 482 4121 ’
522 4130 670 4185 Clementis
688 4130 726 4185 VI
744 4131 776 4183 V.
795 4137 845 4184 207
864 4131 882 4184 f.
903 4133 960 4185 108¹
980 4148 1005 4183 n.
1025 4136 1067 4197 lt,
1086 4129 1121 4183 de
1140 4128 1318 4197 dignitatibus
1337 4127 1505 4183 vacantibus.
1542 4128 1575 4181 lu
1602 4130 1635 4181 A.
1659 4128 1688 4180 hi
1717 4128 1844 4196 quaterni
1872 4142 1926 4180 nou

412 4218 603 4289 reperiuntur.
623 4248 655 4257 —
675 4217 725 4271 Ed.
746 4218 830 4271 CDM.
849 4217 915 4271 VIII
935 4234 960 4271 u.
981 4221 1038 4269 158.
1058 4247 1090 4256 -
1118 4217 1141 4282 ⁸)
1160 4215 1344 4282 ‚Steruberch‘
1363 4216 1395 4268 V.

408 4663 535 4731 14⁷1.
561 4659 703 4735 Carolus,
729 4662 941 4724 Romanorum
963 4664 994 4723 et
1016 4657 1187 4724 Bobuuiac
1209 4679 1275 4737 reu,
1297 4658 1467 4741 supplicat,
1485 4661 1639 4739 quatenus
1657 4659 1809 4740 perpetuo
1823 4677 1924 4723 cauce·

408 4767 522 4843 datur,
544 4768 581 4828 ui
603 4762 777 4845 quicunque
798 4764 955 4843 sacerclas,
979 4765 1034 4845 qui
1055 4764 1091 4827 iu
1113 4764 1215 4828 altari
1229 4762 1277 4827 ael
1292 4762 1366 4837 loeo,
1381 4762 1436 4827 ubi
1451 4784 1562 4828 sacrae
1577 4759 1758 4843 imperiales
1773 4760 1927 4842 reliquiae

399 4870 546 4952 suerint,
575 4868 710 4933 missam
739 4867 787 4933 acl
817 4868 885 4932 alia
915 4867 1025 4932 diviua
1055 4867 1164 4949 officia
1199 4866 1336 4943 celebret,
1367 4867 1471 4950 possit
1501 4886 1571 4931 earu
1601 4865 1648 4929 acl
1671 4886 1709 4929 aa
1730 4862 1766 4928 iu
1795 4863 1923 4947 pontifi-

1021 4971 1143 5037 calibus
1166 4971 1329 5037 celebrare.

1385 5058 1549 5131 Aaiuioue,
1571 5057 1658 5120 1352
1680 5052 1806 5138 Aprilis
1828 5057 1880 5118 23.

515 5249 680 5333 Supplicat
701 5250 732 5316 S.
749 5250 786 5316 V.
811 5251 945 5315 devotus
968 5249 989 5315 l.
1006 5269 1033 5314 v.
1051 5250 1199 5329 Karalus,
1223 5249 1434 5315 Romanorum
1458 5253 1491 5312 et
1514 5246 1644 5312 Boemie
1666 5263 1733 5320 ren,
1756 5247 1923 5325 quatenus,

407 5373 485 5420 cum
516 5355 599 5418 inter
627 5372 738 5419 sacras
767 5352 949 5436 imperiales
979 5354 1140 5436 reliquias,
1171 5371 1249 5435 quas
1281 5370 1378 5434 penes
1409 5371 1444 5417 se
1473 5350 1580 5427 babet,
1605 5348 1648 5414 sit
1671 5353 1759 5412 certa
1782 5365 1858 5429 pars
1883 5346 1922 5410 de

406 5461 498 5543 ligno
522 5459 720 5523 sanctissimo
744 5458 856 5536 crucis
880 5458 911 5522 iu
935 5478 998 5541 qua
1020 5459 1161 5523 salvator
1183 5463 1291 5523 noster
1314 5454 1476 5539 pependit,
1501 5462 1534 5517 et
1557 5470 1638 5518 unus
1662 5471 1700 5516 ex
1725 5451 1832 5527 clavis,
1850 5468 1921 5514 cum

406 5564 528 5646 quibus
551 5562 654 5627 eidem
677 5564 763 5628 cruci
786 5563 847 5628 fuit
869 5562 1027 5642 affixus,·)
1063 5581 1185 5628 necnon
1208 5562 1329 5638 lancea,
1362 5580 1432 5626 cum
1464 5577 1526 5641 qua
1556 5558 1625 5622 eius
1656 5557 1741 5622 latus
1775 5555 1923 5621 sacratis·

405 5669 526 5733 simum
556 5666 664 5730 extitit
694 5666 905 5747 perforatum:
938 5649 1108 5746 dignemini
1141 5664 1180 5729 ob
1211 5665 1427 5728 reverenciam
1462 5663 1563 5746 ipsius
1585 5661 1795 5743 redemptoris
1818 5660 1920 5725 nostri

409 5776 569 5856 perpetuo
593 5770 777 5849 concedere,
802 5770 885 5852 quod
909 5770 1045 5851 quilibet
1066 5769 1225 5847 sacerdos,
1250 5769 1305 5849 qui
1328 5768 1360 5833 in
1383 5768 1475 5833 altari
1500 5766 1551 5831 vel
1573 5766 1651 5843 locu,
1669 5765 1722 5829 ubi
1739 5762 1922 5847 supradicte
