5184 7050
545 896 606 963 148

541 1105 632 1169 242.
657 1101 802 1183 Hyucoui
824 1100 907 1164 dicto
929 1101 1037 1164 Bcrbc
1059 1099 1098 1164 de
1114 1099 1210 1165 Dubo
1234 1100 1411 1164 conceditur
1433 1100 1591 1165 absolutio
1609 1100 1709 1183 pleno
1728 1101 1764 1166 iu
1778 1102 1890 1166 modis
1905 1102 2049 1168 ortiaclo.

1115 1206 1231 1269 bbuua
1254 1209 1290 1269 ut
1312 1205 1348 1269 iu
1369 1227 1401 1271 u.
1423 1206 1477 1271 65.

1232 1376 1331 1461 Apud
1360 1377 1599 1458 Vellamuooom,
1627 1381 1713 1444 1343
1736 1376 1931 1461 Septembris
1953 1382 2007 1447 27.

648 1555 687 1620 D.
712 1553 732 1618 f.
757 1553 906 1635 Hynlroni
930 1552 1015 1617 dicto
1039 1553 1175 1635 Berta·)
1200 1552 1239 1617 de
1262 1552 1367 1630 Duba,
1392 1551 1567 1617 castellano
1591 1552 1753 1636 Pragensi,
1776 1569 1801 1618 s.
1827 1552 2050 1619 Provenit....

542 1659 581 1723 Ι).
605 1658 690 1740 apud
713 1657 956 1734 Villamnonam,
979 1658 1017 1721 Α.
1042 1657 1083 1736 d,
1106 1657 1134 1722 V
1157 1656 1219 1721 kal.
1244 1655 1392 1722 Octobris
1416 1676 1444 1721 6.
1468 1658 1616 1723 secundo.

646 1846 795 1901 Clementis
812 1845 851 1899 Vl
868 1847 894 1899 A
912 1846 967 1916 Ille
987 1846 1042 1914 (73)
1061 1844 1080 1899 f.
1099 1849 1149 1899 647
1168 1862 1194 1898 n.
1214 1850 1273 1913 366,
1292 1844 1328 1900 (16
1351 1845 1525 1901 absolutione
1548 1862 1593 1916 qu.
1619 1852 1644 1914 2,
1668 1846 1777 1901 rubrica
1800 1846 1861 1901 sola
1885 1848 2049 1916 (quaternus

542 1933 659 2002 delicit);
676 1932 785 1988 litterae
803 1933 832 1986 in
850 1932 883 1986 V.
904 1932 989 1986 1611.
1009 1939 1056 1987 331
1077 1950 1104 1986 n.
1124 1938 1183 1987 366.
1202 1963 1238 1989 -,
1262 1937 1284 1998 ·)
1305 1933 1345 1988 616
1362 1933 1394 1986 V.

1192 2181 1397 2189 ————

543 2525 634 2591 243.
667 2524 811 2599 Adesto,
834 2525 978 2607 episcopo
1010 2523 1174 2604 Properat,
1198 2524 1377 2589 conceditur
1406 2524 1559 2590 absolutio
1588 2523 1687 2608 pleno
1709 2524 1744 2588 iu
1765 2525 1877 2589 mortio
1900 2525 2047 2590 articulo.

1114 2628 1230 2692 Formo
1252 2630 1288 2690 ut
1310 2628 1344 2692 iu
1367 2650 1397 2692 u.
1421 2630 1474 2693 65.

1234 2799 1332 2883 Apud
1362 2800 1600 2876 Vitlomuooom,
1625 2801 2003 2884 reassumendum.

647 2992 684 3057 V.
709 2991 729 3056 1.
755 2991 903 3070 Amesto,
927 2992 1076 3076 episcopo
1099 2992 1262 3074 Pragensi,
1287 3010 1311 3056 6.
1358 2992 1527 3057 Provenit.
1545 3043 1551 3057 .
1569 3043 1601 3056 ..
1626 2992 1665 3057 Ι).
1691 2992 1776 3074 apud
1799 2991 2047 3072 Villamnouam,

543 3095 581 3160 A.
605 3095 646 3174 d,
669 3096 697 3161 V
722 3095 785 3161 kal.
809 3095 958 3161 Octobris
982 3115 1010 3160 a.
1035 3096 1184 3162 secundo.

648 3284 794 3339 Clementis
812 3284 851 3337 Vl
867 3286 893 3338 A
910 3284 966 3355 lIt3
985 3286 1040 3354 (73)
1059 3284 1078 3339 f.
1097 3290 1146 3338 612
1165 3302 1191 3338 n.
1210 3286 1297 3353 96116
1316 3285 1490 3342 absolutione
1508 3303 1553 3355 qu.
1574 3292 1597 3354 1,
1615 3285 1724 3341 rubrica
1742 3285 1803 3341 6616
1821 3288 1984 3354 (quaternus
2003 3285 2048 3341 de

544 3372 626 3439 ficit);
643 3371 753 3426 litterae
771 3370 799 3425 in
817 3372 850 3425 V.
871 3377 919 3424 161
937 3371 955 3425 1.
975 3377 1025 3425 322
1044 3388 1070 3425 n.
1089 3378 1130 3426 96.

721 3863 811 3929 244.
843 3861 988 3935 Amasto,
1011 3862 1154 3944 episcopo
1179 3862 1342 3941 Propeusi,
1365 3860 1495 3926 licentia
1518 3862 1658 3926 testandi
1679 3861 1867 3927 conceditur.

1236 4034 1334 4118 Apud
1363 4033 1602 4113 Vellomuooom,
1625 4038 1712 4100 1343
1735 4035 1931 4119 Septembris
1955 4038 2006 4100 27.

648 4210 685 4274 V.
708 4209 730 4275 1.
753 4210 901 4286 Amesto,
925 4210 1073 4290 episcopo
1097 4208 1260 4289 Pragensi,
1284 4226 1309 4273 s.
1335 4208 1417 4285 Quia
1440 4208 1599 4290 presentis
1629 4210 1695 4274 vite
1710 4209 1733 4290 1)
1764 4208 1908 4274 condicio
1940 4220 2046 4273 statum

544 4322 633 4380 habet
654 4321 821 4379 instabilem
844 4325 873 4377 et
896 4336 940 4393 ea,
964 4337 1019 4391 qne
1042 4319 1186 4377 visibilem
1209 4319 1319 4377 habent
1342 4319 1512 4392 essenciam,
1535 4320 1660 4377 tendunt
1674 4320 1832 4379 visibiliter
1847 4318 1884 4378 ad
1899 4336 1958 4378 non
1974 4335 2048 4393 6666,

544 4431 576 4483 16
598 4425 654 4483 hoc
677 4423 788 4482 salubri
811 4423 1005 4481 meditatione
1028 4423 1225 4495 premeditans
1242 4424 1317 4480 diem
1332 4426 1382 4480 tue
1398 4422 1648 4495 peregrinacionis
1671 4429 1832 4481 extremum
1851 4422 2048 4496 disposicione

544 4529 764 4587 testamentaria
787 4528 937 4585 dosideres
959 4527 1123 4599 prevenire.
1147 4519 1214 4584 Nos
1229 4520 1339 4601 itaque
1362 4519 1426 4583 tuis
1450 4519 1482 4582 in
1504 4518 1564 4584 hac
1593 4524 1685 4601 palte
1717 4516 2048 4601 supplicationibusb

544 4625 698 4703 inclinati,
723 4629 759 4689 ut
781 4625 820 4689 de
843 4625 934 4688 bonis
957 4623 1022 4688 tuis
1045 4624 1263 4704 undecunque,
1287 4641 1349 4687 non
1371 4641 1430 4705 per
1452 4622 1620 4686 ecclesiam
1643 4640 1700 4686 sen
1722 4623 1875 4688 ecclesias
1890 4623 1949 4688 tibi
1966 4642 2048 4688 com·

544 4730 668 4807 missas,
692 4730 773 4794 alins
795 4733 902 4792 tamen
923 4728 1011 4791 licite
1035 4727 1211 4808 acquisitis,
1235 4746 1296 4808 qne
1321 4726 1361 4790 ad
1384 4731 1416 4790 te
1439 4727 1600 4807 pertinere
1623 4726 1802 4791 omnimodo
1829 4725 2046 4806 dinoscuntur,

543 4834 644 4898 libere
666 4833 780 4898 testari
802 4831 911 4895 valeas
933 4855 968 4896 ac
992 4838 1027 4895 de
1050 4837 1134 4895 bonis
1157 4838 1315 4896 mobilibus
1339 4837 1548 4895 ecclesiasticis
1571 4842 1620 4894 tue
1644 4837 1835 4910 dispositioni
1859 4855 1911 4897 seu
1926 4837 2048 4897 admini-

545 4944 686 5003 stracioni
710 4943 881 5015 commissis,
904 4959 959 5014 que
983 4947 1078 4998 tamen
1102 4959 1159 4999 non
1183 4939 1293 4999 inerint
1315 4941 1419 4999 altaris
1441 4958 1493 4998 sen
1516 4940 1652 4998 altarium
1676 4941 1866 5000 ecclesiarum
1889 4942 1945 5000 tibi
1972 4960 2048 5001 com·

545 5049 698 5105 missarum
727 5047 890 5104 ministerio
920 5062 972 5102 sen
1001 5046 1089 5103 alieni
1120 5044 1240 5117 speciali
1271 5046 1428 5103 earundem
1455 5045 1645 5103 ecclesiarum
1669 5045 1768 5103 divino
1792 5046 1883 5103 cultui
1907 5063 1960 5104 666
1983 5046 2047 5105 usui

546 5153 695 5224 deputata,
726 5167 838 5207 necnon
868 5154 898 5206 61
929 5148 1149 5222 quibuscunque
1179 5150 1263 5208 bonis
1293 5150 1450 5208 mobilibus
1472 5167 1490 5207 a
1512 5155 1541 5207 te
1571 5168 1624 5222 per
1655 5150 1808 5208 ecclesiam
1833 5167 1886 5208 sen
1909 5150 2048 5209 ecclesias

546 5255 626 5312 licito
658 5253 810 5326 acquisitis
841 5271 894 5325 pro
919 5252 1089 5311 docentibus
1113 5262 1143 5311 et
1165 5254 1296 5312 honestis
1321 5254 1456 5327 expensis
1480 5255 1523 5311 tui
1547 5251 1659 5312 funeris
1683 5260 1712 5311 et
1734 5271 1788 5326 pro
1811 5255 2048 5313 remuneracione

545 5359 671 5432 illorum,
694 5359 743 5430 qui
767 5358 821 5415 tibi
843 5356 952 5415 viventi
976 5357 1161 5432 serviverint,
1184 5358 1245 5416 sive
1268 5358 1329 5415 siut
1352 5358 1559 5430 consanguinei
1583 5357 1643 5416 sive
1667 5358 1728 5431 alii,
1744 5358 1827 5415 iuxta
1850 5358 1969 5416 servicii
1992 5375 2049 5416 me·

550 5464 648 5535 ritum,
671 5463 820 5520 moderate
844 5466 950 5534 166666,
974 5461 1129 5533 disponere
1153 5467 1183 5518 et
1205 5479 1327 5536 erogare
1350 5466 1380 5519 et
1402 5461 1475 5519 alias
1490 5462 1520 5519 in
1536 5462 1600 5534 pios
1623 5479 1657 5520 ac
1673 5462 1771 5520 licitos
1786 5477 1856 5518 usus
1880 5466 2051 5520 convertere

546 5566 653 5639 possis,
675 5566 758 5638 prius
782 5572 877 5623 tamen
902 5566 936 5622 de
959 5565 1093 5625 omnibus
1116 5566 1258 5638 predictis
1281 5566 1366 5623 bonis
1390 5583 1439 5623 ere
1462 5566 1558 5624 alieno
1582 5570 1612 5622 61
1633 5566 1702 5639 6116,
1722 5582 1777 5637 que
1800 5581 1854 5637 pro
1877 5565 2050 5638 reparandis

547 5670 680 5727 domibus
714 5688 765 5727 seu
800 5668 924 5728 edificiis
959 5671 1187 5729 consistentibus
1222 5672 1251 5729 in
1285 5671 1358 5728 locis
1393 5670 1581 5728 ecclesiarum
1617 5670 1661 5727 vel
1692 5666 1901 5727 beneficiorum
1924 5674 2050 5743 tuorum,

547 5774 632 5845 culpa
654 5775 699 5831 vel
722 5775 904 5847 negligencia
927 5779 977 5830 tua
1000 5791 1051 5832 seu
1075 5779 1191 5832 tuorum
1213 5782 1438 5847 procuratorum
1462 5774 1620 5832 destructis
1643 5790 1695 5831 sen
1718 5772 1918 5847 deterioretis,
1938 5790 2050 5832 necnon
