5184 7050
695 879 761 951 490

696 1091 788 1159 836.
811 1091 1056 1177 Arcbiepr‘scopo
1081 1092 1258 1157 (immensi
1278 1091 1464 1167 accedatur,
1480 1095 1635 1174 watenes
1659 1111 1727 1156 cum
1750 1088 1917 1166 Seomeito,
1934 1089 2016 1154 duce
2038 1088 2198 1169 Maserius,

693 1199 725 1258 et
754 1197 918 1278 Euserne'c,
952 1202 1032 1263 natu
1069 1197 1206 1277 Nicolai,
1241 1198 1330 1262 ducis
1356 1197 1509 1280 Opacr‘uc,
1538 1217 1635 1280 saper
1655 1197 1858 1260 matrimonio
1885 1195 1955 1259 iarn
1978 1200 2139 1263 contracto
2159 1195 2196 1259 di-

758 1371 795 1386 ,
1386 1304 1520 1384 sponset.

748 1408 805 1492 ἱ,
1292 1426 1294 1430 ·
1656 1386 1819 1464 Adsum,
1845 1389 1932 1452 1347
1955 1386 2116 1455 Jamrii
2135 1390 2163 1451 4.

798 1579 836 1645 V.
860 1581 881 1647 f.
905 1630 912 1645 .
938 1630 944 1644 .
969 1577 1207 1662 archiepiscopo
1230 1579 1411 1644 Gneznensi
1433 1597 1458 1643 s.
1482 1577 1634 1644 Exhibita
1656 1578 1747 1644 uobis
1770 1576 1799 1643 d.
1823 1577 1844 1644 l.
1869 1577 1989 1644 nobilis
2012 1577 2075 1643 riri
2097 1577 2193 1644 Semo·

694 1685 764 1764 uiti,
799 1685 889 1750 ducis
923 1682 1078 1763 blazonio,
1110 1688 1165 1747 tue
1198 1683 1345 1763 diocesis,
1379 1702 1417 1749 ae
1447 1682 1563 1748 dilecte
1593 1683 1626 1747 in
1657 1681 1785 1748 Christo
1818 1680 1884 1746 iilic
1917 1681 2038 1748 nobilis
2068 1681 2198 1747 mulieris

695 1788 852 1868 Eulamie,
875 1794 950 1853 nate
974 1787 1003 1853 d.
1026 1785 1048 1851 l.
1072 1785 1187 1868 nobilis
1209 1786 1270 1851 viri
1292 1786 1427 1866 Nicolai,
1462 1787 1552 1851 ducis
1583 1785 1718 1868 Opauie,
1748 1785 1973 1853 Olomucensis
2004 1785 2152 1863 diocesis,
2173 1787 2198 1850 in

694 1893 805 1961 eadem
826 1898 884 1958 tua
906 1891 1025 1957 diocesi
1059 1890 1291 1970 commorantis,
1322 1890 1439 1973 peticio
1470 1891 1660 1970 continebat,
1692 1890 1776 1974 quod
1806 1890 1882 1955 olim
1911 1891 1987 1974 ipsi,
2022 1891 2197 1974 ignorantes

695 1996 824 2079 aliquod
846 1995 1106 2078 impedimentum
1137 1995 1285 2075 existere,
1318 1995 1403 2078 quod
1433 1994 1517 2060 inter
1546 2013 1601 2061 eos
1631 1995 1865 2062 matrimonium
1892 1995 2080 2078 impediret,
2102 1996 2199 2061 matri·

693 2101 841 2181 monium,
876 2100 988 2165 bannis
1021 2100 1110 2181 prius
1144 2099 1319 2165 secundum
1351 2117 1472 2164 morem
1505 2101 1609 2182 patrie
1643 2099 1764 2195 editis,
1783 2118 1840 2183 per
1871 2100 1971 2164 verba
2003 2098 2046 2164 de
2069 2100 2199 2183 presenti

693 2206 726 2270 in
755 2204 836 2271 facie
868 2204 1003 2270 ecclesie
1034 2203 1160 2286 publice
1191 2209 1416 2269 contraxerunt
1429 2251 1431 2255 ν
1446 2208 1480 2268 ct
1509 2202 1624 2269 deinde
1654 2203 1775 2269 carnali
1804 2205 1888 2269 inter
1914 2221 1974 2269 eos
1996 2203 2117 2286 copula
2137 2205 2200 2269 sub

693 2313 804 2375 secuta
827 2308 969 2374 sobolem
997 2313 1216 2390 procrearunt,
1251 2308 1399 2389 quodque
1430 2307 1629 2390 postmodum
1660 2308 1701 2373 ad
1731 2326 1840 2372 eorum
1871 2307 2024 2390 pervenit
2052 2309 2200 2386 noticiam,

693 2414 777 2496 quod
800 2414 863 2496 ipsi
885 2414 985 2478 tercio
1008 2417 1042 2477 et
1063 2417 1178 2495 quarto
1201 2412 1485 2494 consanguinitatis
1508 2411 1659 2495 gradibus
1682 2430 1717 2476 se
1740 2412 1939 2495 contingunt,
1967 2411 2198 2495 propterquod

691 2535 755 2582 non
785 2522 918 2599 possunt
947 2518 979 2581 in
1008 2517 1078 2599 ipso
1107 2518 1309 2581 matrimonio
1339 2517 1407 2581 siue
1438 2517 1679 2599 dispensacione
1709 2515 1883 2599 apostolica
1914 2517 2006 2583 licite
2031 2535 2198 2582 remanere.

692 2621 798 2700 Quare
820 2620 938 2703 prelati
961 2621 1141 2688 Semouitus
1164 2626 1197 2686 et
1219 2620 1367 2686 Euiamia
1390 2621 1481 2687 nobis
1505 2620 1666 2686 humiliter
1688 2620 1921 2704 supplicarunt,
1956 2627 2003 2701 ut,
2034 2639 2107 2687 cum
2127 2621 2199 2685 reri·

692 2725 839 2790 similiter
860 2726 1019 2804 timeatur,
1054 2724 1148 2807 quod,
1180 2726 1207 2790 si
1238 2726 1412 2790 divorcium
1441 2723 1534 2789 deret
1564 2726 1648 2790 inter
1678 2743 1742 2804 eos,
1774 2731 1906 2809 possent
1938 2745 1978 2790 ex
2012 2725 2076 2791 hoc
2101 2725 2198 2808 grauia

692 2828 844 2894 scandala
866 2833 900 2893 et
921 2829 1103 2894 discrimina
1125 2829 1271 2908 suboriri,
1295 2828 1462 2911 providere
1485 2830 1564 2912 ipsis
1581 2831 1612 2894 in
1628 2829 1689 2895 bae
1710 2836 1806 2912 parte
1829 2831 1870 2895 de
1893 2836 2059 2912 oportune
2082 2828 2197 2911 dispen-

691 2934 827 2999 sacionis
849 2932 1003 2998 beneficio
1026 2934 1274 2999 misericorditer
1304 2934 1514 3017 dignaremur.
1553 2935 1618 3001 Nos
1649 2936 1755 3016 igitur,
1786 2936 1840 3017 qui
1871 2934 2014 3000 salutern
2046 2933 2197 3017 querimus

691 3038 885 3121 singulorum
909 3043 942 3103 ct
963 3038 1100 3104 libenter
1121 3038 1207 3102 inter
1230 3037 1350 3104 Christi
1374 3038 1494 3118 fideles,
1524 3040 1659 3104 maxime
1690 3039 1813 3104 nobiles
1843 3045 1877 3104 et
1900 3044 2066 3122 potentes,
2090 3037 2195 3121 quietis

691 3148 726 3209 et
747 3143 835 3224 pacis
858 3142 1019 3209 commoda
1040 3161 1255 3225 procuramus,
1286 3143 1443 3208 dictorum
1474 3143 1628 3210 Semouiti
1658 3149 1692 3208 et
1720 3143 1870 3209 Eulamie
1901 3145 2086 3210 animarum
2112 3141 2196 3207 saluti

690 3245 856 3313 consulere
878 3266 1000 3313 necnon
1023 3247 1117 3313 dictis
1140 3246 1299 3312 scandalis
1321 3252 1355 3314 et
1377 3247 1612 3313 discriminibus
1635 3248 1764 3313 obviare
1786 3247 1964 3314 salubriter
1988 3247 2193 3322 intendentes

690 3350 871 3418 huiusmodi
901 3351 1191 3434 supplicacionibus
1220 3352 1374 3432 inclinati,
1405 3352 1599 3418 fraternitati
1628 3357 1694 3431 tue,
1726 3350 1767 3417 de
1797 3353 1888 3417 cuius
1913 3351 2195 3436 circumspeccione

690 3456 815 3540 plenam
831 3457 864 3520 in
879 3455 1003 3523 domino
1026 3454 1173 3523 fiduciam
1196 3457 1385 3538 obtinemus,
1403 3477 1460 3540 per
1481 3455 1656 3540 apostolica
1679 3457 1797 3540 scripta
1820 3457 2053 3524 committimus
2072 3461 2106 3521 et
2118 3473 2195 3519 man·

690 3562 813 3642 damus,
836 3567 1002 3644 quatenus,
1018 3562 1045 3627 si
1069 3567 1119 3627 est
1140 3563 1195 3643 ita,
1212 3582 1283 3627 cum
1306 3563 1427 3628 eisdem
1449 3562 1611 3629 Semouito
1634 3568 1668 3628 et
1690 3562 1847 3643 Eudemia,
1864 3563 1951 3645 qnod
1974 3562 2193 3646 impedimento

690 3664 974 3750 consanguinitatis
995 3654 1176 3733 huiusmodi
1198 3686 1260 3733 non
1282 3668 1429 3733 obstante
1459 3668 1583 3751 possint
1611 3669 1644 3732 in
1673 3667 1853 3733 huiusmodi
1885 3668 2091 3734 matrimonio
2113 3666 2190 3732 licite

691 3789 864 3852 remanere,
897 3772 1072 3862 apostolica
1105 3772 1294 3838 auctoritate
1324 3772 1500 3855 dispenses,
1534 3772 1654 3856 prolem
1685 3777 1868 3854 susceptam
1898 3778 1934 3837 et
1965 3770 2192 3855 suscipiendum

691 3895 730 3942 ex
752 3876 933 3942 huiusmodi
955 3877 1154 3943 matrimonio
1175 3876 1350 3960 legitimam
1374 3878 1581 3943 decernendo.
1621 3878 1659 3942 D.
1683 3877 1841 3942 Auinione
1867 3877 1937 3960 11⁸)
1958 3896 2037 3943 non.
2059 3872 2191 3944 Jannarii

690 4000 719 4047 a.
742 3982 862 4063 quinto.

795 4170 944 4226 Clementis
962 4171 1001 4226 Vl
1019 4174 1052 4225 Α.
1069 4171 1222 4243 11418811.
1239 4177 1288 4226 191
1302 4189 1328 4226 n.
1342 4178 1401 4240 311,
1417 4171 1587 4227 diversarum
1600 4170 1748 4226 formarum
1761 4188 1807 4240 qn.
1821 4172 1924 4227 τεν.
1939 4177 1990 4226 176
2007 4172 2027 4227 1.
2042 4179 2088 4227 111
2103 4189 2128 4226 n.
2140 4176 2189 4224 311,

690 4258 741 4313 Ed.
761 4258 917 4313 cumuli
936 4275 962 4314 n.
982 4259 1331 4328 abalienantem.
1352 4266 1410 4314 611.
1430 4291 1463 4300 -
1490 4261 1513 4328 ⁸)
1533 4260 1622 4331 suppl.
1643 4275 1736 4330 supra.

691 4854 784 4922 836.
807 4853 942 4919 Nicolao
964 4854 1046 4920 dicto
1069 4853 1205 4919 Bobemo
1232 4858 1365 4935 facetus
1387 4874 1426 4919 ea
1448 4854 1583 4937 pandum
1607 4853 1807 4938 hospiciola
1834 4859 1940 4921 castro
1964 4856 2049 4921 dicto
2076 4859 2186 4922 Tarsos

1229 4960 1374 5043 percepti
1394 4960 1608 5025 remittuntur.
1623 4960 1647 5043 ¹)

732 5043 793 5168 ..X
1645 5082 1808 5158 Asiaticae,
1830 5086 1919 5148 1346
1940 5085 2104 5151 Jonaare·
2122 5089 2150 5149 4.

793 5274 833 5338 D.
856 5273 876 5338 f.
900 5273 1031 5338 Nicolao
1055 5274 1139 5339 dicto
1163 5275 1290 5354 Boemo,
1308 5275 1457 5339 canonico
1473 5274 1584 5340 domus
1600 5273 1743 5356 Sepulcri
1767 5274 1923 5340 Dominici
1942 5275 2183 5343 lerosolimitani

689 5377 933 5457 Mechouieusis,
956 5379 1077 5443 ordinis
1099 5380 1201 5444 sancti
1231 5379 1412 5462 Augustini,
1444 5378 1665 5444 Cracouiensis
1695 5378 1841 5458 diocesis,
1872 5397 1897 5445 s.
1921 5385 1984 5446 etc.
2008 5381 2183 5465 Religionis

688 5481 776 5546 zelus
799 5487 832 5546 et
855 5483 919 5547 alia
941 5487 1067 5547 tuarum
1089 5484 1242 5549 virtutum
1265 5485 1389 5561 merita,
1412 5484 1526 5566 quibus
1549 5502 1716 5566 personam
1739 5488 1827 5547 tuam
1850 5482 2085 5568 fidedignorum
2107 5485 2183 5550 testi·

689 5587 791 5650 monio
815 5587 916 5650 iuuari
940 5587 1150 5670 percepimus
1170 5590 1282 5653 merito
1306 5608 1363 5653 uos
1387 5588 1549 5667 inducunt,
1567 5593 1602 5653 11
1624 5595 1656 5652 te
1680 5589 1761 5653 dono
1785 5588 1934 5671 specialis
1958 5592 2068 5672 gracie
2091 5607 2183 5673 prom

688 5709 830 5772 quamur.
868 5691 1019 5756 Exhibita
1049 5692 1205 5774 siquidem
1234 5694 1325 5757 nobis
1355 5700 1410 5758 tua
1441 5695 1557 5775 peticio
1581 5694 1770 5770 continebat,
1794 5693 1889 5775 quod,
1913 5713 1987 5759 cum
2009 5694 2085 5760 olim
2102 5701 2181 5783 ‚tuot

689 5796 768 5859 certi
790 5796 845 5860 alii
868 5797 1010 5860 canonici
1033 5797 1144 5861 domus
1167 5798 1311 5879 Sepulcri
1335 5798 1490 5862 Dominici
1514 5798 1762 5863 Jerosolinritani
1793 5797 2044 5877 Mechouieusis,
2077 5797 2181 5863 ordinis
