5184 7050
551 836 610 898 196

538 1043 636 1108 329.
667 1040 840 1113 Joirarmcs,
864 1060 921 1103 rea
943 1038 1123 1115 Baliaricis,
1153 1037 1324 1120 supplicat,
1355 1044 1510 1120 quatenus
1536 1040 1665 1105 imberto
1688 1040 1772 1105 dicto
1794 1041 2051 1107 linteaminum

658 1149 689 1208 ct
706 1164 821 1227 poeria,
844 1143 926 1225 abac
947 1143 1106 1208 occasione
1128 1142 1295 1207 reincidam
1317 1143 1480 1208 homicidii
1502 1144 1690 1223 incurrerat,
1713 1145 1929 1212 remittantur.

1495 1369 1670 1446 *avinione
1697 1371 1782 1437 1344
1804 1369 1931 1454 Aprilis
1954 1376 2008 1440 13.

648 1593 814 1678 Supplicat
830 1595 860 1662 S.
879 1595 915 1660 V.
941 1594 1074 1659 devotus
1090 1593 1111 1659 i.
1128 1614 1156 1658 v.
1173 1594 1347 1672 iohannes,
1371 1613 1426 1658 rex
1449 1596 1590 1674 Boemie‚
1614 1596 1708 1678 quod,
1732 1616 1803 1662 cum
1818 1598 1894 1663 olim
1915 1600 2050 1665 dilectos

543 1701 712 1768 familiaris
735 1718 813 1765 suus
836 1700 995 1764 Robertus
1019 1698 1123 1762 dictus
1146 1698 1251 1777 Halle,
1276 1698 1411 1763 clericus
1426 1698 1691 1782 Rothomngensis
1713 1700 1860 1781 diocesis,
1883 1703 2050 1768 occasione

544 1806 708 1872 cuiusdam
731 1804 892 1868 homicidii
915 1803 946 1866 in
969 1821 1136 1883 personam
1167 1803 1326 1884 quondam
1350 1803 1482 1868 Roberti
1505 1803 1535 1867 le
1558 1803 1710 1883 Tainour,
1740 1806 1774 1869 in
1797 1806 1908 1871 eadem
1932 1808 2050 1872 diocesi

545 1916 581 1975 ut
614 1909 731 1973 dicitur
759 1907 931 1985 interfecti,
965 1927 1024 1988 per
1056 1905 1255 1972 diffinitivam
1290 1909 1484 1972 sentenciam
1518 1927 1623 1989 per..
1647 1906 1802 1974 officiales
1835 1916 1961 1975 vestros
1995 1930 2050 1975 seu

546 2014 738 2079 auctoritate
760 2012 921 2094 ipsormn'
944 2010 1017 2074 dum
1040 2009 1305 2092 Rothomagensis
1341 2011 1474 2076 ecclesie
1505 2012 1649 2094 regimini
1680 2013 1847 2094 preeratia
1878 2034 1899 2077 a
1921 2014 2050 2079 civitate

546 2123 578 2183 et
601 2117 721 2181 diocesi
748 2134 786 2180 ac
808 2122 878 2181 tota
910 2114 1072 2195 provincia
1102 2115 1351 2197 Rothomagensi
1380 2115 1531 2180 bannitus
1562 2116 1704 2181 extiterit
1734 2117 1859 2199 sibique
1889 2118 2051 2200 ingressus

546 2217 719 2285 earundem
742 2217 801 2284 sub
824 2233 908 2299 pena
930 2217 1078 2298 perpetui
1105 2218 1243 2282 carceris
1274 2215 1463 2283 interdictus
1487 2224 1519 2284 et
1543 2220 1704 2284 decretum
1727 2220 1760 2285 iu
1782 2221 1854 2302 ipsa
1876 2222 2049 2299 sentencia,

546 2324 629 2407 quod
646 2321 730 2388 idem
753 2318 896 2400 clericus
921 2320 947 2385 si
965 2339 1057 2386 secus
1080 2321 1211 2397 faceret,
1235 2321 1305 2402 ipso
1321 2320 1405 2386 facto
1422 2340 1503 2404 pene
1525 2321 1705 2388 huiusmodi
1726 2326 1915 2404 subiaceret,
1941 2325 2049 2406 digne·

546 2427 623 2493 mini
645 2423 769 2509 prefato
794 2423 908 2490 clerico
934 2425 1037 2506 ipsius
1059 2420 1144 2507 regis
1168 2423 1380 2507 supplicantis
1411 2424 1542 2491 obtentu
1565 2427 1702 2493 bannum
1725 2431 1759 2492 et
1780 2446 1893 2510 penam
1917 2428 1957 2493 do
1981 2447 2048 2512 spe·

549 2531 622 2596 ciali
652 2529 761 2614 gracia
785 2532 819 2594 et
842 2530 1038 2612 benignitate
1068 2533 1175 2592 vestra
1203 2529 1367 2593 remittere
1398 2528 1593 2611 supradicta,
1628 2536 1661 2595 et
1684 2530 1767 2613 quod
1797 2529 1898 2595 libero
1928 2538 1961 2597 et
1984 2533 2053 2597 sine

549 2654 631 2717 penu
655 2634 763 2715 aliqua
793 2634 896 2715 possit
919 2631 1041 2714 ingredi
1073 2629 1244 2710 civitatem,
1280 2632 1431 2696 diocesim
1454 2637 1487 2697 et
1508 2633 1705 2715 provinciam
1736 2634 1946 2716 supradictos,
1981 2655 2052 2717 pre-

550 2739 659 2804 sertim
691 2756 760 2802 cum
792 2737 876 2801 idem
910 2736 1070 2801 Robertus
1104 2754 1174 2800 cum
1205 2737 1316 2800 amicis
1351 2737 1510 2801 interiecti
1545 2738 1639 2819 plone
1673 2738 1912 2803 concordaverit
1942 2744 1975 2803 et
1999 2759 2056 2820 per

554 2849 676 2924 septem
705 2856 804 2906 annos
827 2859 847 2905 a
870 2840 956 2905 dicta
977 2840 1142 2922 prouincia
1164 2841 1280 2904 absens
1303 2839 1400 2904 suerit
1422 2846 1455 2904 et
1478 2841 1510 2904 in
1533 2842 1667 2905 servicio
1691 2843 1838 2907 continue
1861 2843 1938 2908 dicti
1962 2844 2057 2925 regis.

656 2980 730 3047 Fiat
751 2980 788 3044 R.
812 2980 857 3044 Et
878 2998 907 3061 q.
930 2983 953 3042 t.
978 2997 1002 3043 s.
1027 2997 1056 3043 a.
1079 2979 1100 3043 1.
1125 2978 1198 3043 Fiat
1221 2978 1256 3043 a
1280 2980 1321 3043 D.
1345 2977 1503 3045 Auinione
1527 2981 1568 3045 id.
1593 2981 1714 3064 Aprilis
1736 3001 1765 3046 a.
1789 2983 1938 3048 secundo.

656 3221 980 3292 ClementisVlS.11s2
1000 3225 1038 3292 (4)
1056 3221 1075 3276 f.
1094 3223 1163 3275 2822

1199 3361 1404 3373 —r-·—

552 3770 647 3835 330.
688 3766 822 3831 Robcrto
855 3764 937 3831 dicto
971 3763 1076 3840 Haiic,
1105 3764 1216 3828 cici-ico
1246 3764 1506 3845 Rotbomapcasis
1528 3764 1670 3842 diocesis,
1694 3762 2060 3847 familiaritatem,

553 3871 637 3952 repis
659 3869 839 3948 Bobemiae,
870 3867 1074 3932 remittantur
1100 3867 1144 3931 ad
1165 3867 1427 3949 supplicationem
1456 3869 1594 3933 cirisdcm
1623 3870 1706 3950 repis
1736 3869 1875 3933 bammum
1896 3874 1928 3932 ct
1944 3890 2059 3953 poema,

554 3998 635 4058 quac
667 3975 825 4038 occasione
857 3971 1020 4036 doaricidii
1049 3971 1272 4054 impersonari
1305 3972 1463 4054 maulam
1493 3972 1621 4036 Robertr'
1643 3973 1850 4052 Letaiilcur¹)
1879 3972 2060 4055 perpetrati

554 4082 743 4152 incurrerat,
774 4083 804 4141 et
826 4076 1003 4141 comeditur
1025 4075 1063 4153 ei,
1094 4079 1247 4156 piratarum
1277 4077 1445 4155 civitatem,
1481 4077 1629 4141 diocesim
1658 4081 1688 4140 ct
1711 4077 1913 4159 provinciam
1944 4077 2059 4140 Itottro-

556 4203 733 4265 propomam
765 4181 861 4245 iibere
893 4181 961 4245 siric
990 4201 1095 4262 poeria
1128 4179 1240 4260 aliqua
1272 4180 1396 4260 iripredi
1430 4180 1543 4245 ratcat.
1589 4182 1641 4254 ,D.
1672 4182 1829 4245 Aairiioac
1862 4180 1904 4245 id.
1935 4180 2060 4264 Aprilis

615 4371 640 4424 X
1197 4306 1227 4347 a.
1252 4284 1405 4348 accurato:

620 4443 643 4563 ξ
1520 4443 1682 4519 recinam,
1705 4444 1791 4505 1344
1815 4440 1940 4524 Aprilis
1963 4445 2015 4505 13.

660 4719 808 4771 Clementis
827 4718 864 4769 Υ]
884 4720 915 4769 Α.
934 4718 990 4786 Πρὸ
1010 4720 1064 4783 (76)
1085 4714 1102 4768 f.
1124 4717 1191 4783 180⁹,
1210 4716 1244 4770 de
1263 4716 1385 4783 indultis,
1413 4718 1563 4785 privilegiis
1589 4725 1616 4770 ot
1641 4717 1892 4785 dispensationibus
1916 4734 1962 4785 qu.
1987 4723 2002 4770 6
2027 4735 2058 4768 :

558 4805 591 4858 V.
611 4812 660 4859 loo
679 4805 697 4858 1.
717 4807 776 4858 340⁹
796 4821 823 4857 u.
844 4809 918 4857 ¹556.
937 4833 969 4841 -
996 4807 1019 4867 ¹·)
1037 4802 1194 4867 ,Letalleur‘
1214 4807 1247 4855 A.
