5184 7050
1887 857 1950 924 227

443 1070 551 1150 porcio
582 1089 639 1151 pro
669 1069 754 1133 dicto
784 1068 902 1132 vicario
931 1071 1042 1132 taxata
1070 1084 1132 1130 non
1159 1065 1286 1143 existat,
1310 1065 1413 1129 taxari
1435 1083 1493 1147 per
1514 1063 1575 1127 loci
1597 1062 1791 1130 ordinarium
1815 1083 1951 1145 congrue

444 1172 560 1237 debeat
583 1176 617 1237 01
639 1172 701 1256 1001
722 1172 840 1236 vicario
863 1171 1029 1253 assignari,
1051 1170 1102 1234 vel
1126 1170 1154 1234 si
1176 1169 1258 1234 10010
1280 1173 1390 1233 taxata
1412 1169 1530 1232 existat
1552 1172 1585 1232 et
1615 1186 1676 1231 non
1707 1168 1854 1246 sufficiat,
1878 1186 1953 1248 sup·

443 1276 570 1357 pleatur
600 1296 659 1358 per
689 1277 808 1341 dictum
837 1275 1032 1340 ordinarium
1062 1274 1102 1339 de
1133 1274 1234 1354 ipsius
1264 1273 1400 1337 ecclesie
1430 1273 1586 1337 fructibus
1609 1272 1649 1335 ad
1673 1273 1827 1353 premissa
1849 1273 1953 1336 omnia

442 1381 669 1463 supportanda,
692 1380 833 1461 alioquin
856 1377 1129 1444 confirmacionem
1152 1383 1292 1442 nostram
1315 1376 1496 1441 huiusmodi
1518 1376 1628 1440 haberi
1651 1376 1795 1441 volumus
1817 1395 1952 1459 pronon

442 1484 536 1549 iacta.
582 1485 687 1550 Tener
709 1489 816 1548 autem
839 1484 995 1548 diotamm
1018 1482 1197 1546 litterarum
1228 1481 1303 1545 10110
1333 1486 1399 1546 001;
1445 1482 1511 1546 Νο0
1544 1480 1737 1558 1010000000,
1761 1481 1813 1545 (101
1847 1481 1953 1563 gracia

443 1588 615 1672 Pragcnsis
637 1588 818 1671 episcopus,
841 1588 881 1652 ad
905 1588 1122 1651 universorum
1153 1585 1300 1650 volumus
1329 1585 1479 1649 noticiam
1510 1585 1685 1664 pervenire,
1710 1585 1794 1664 quod
1820 1584 1953 1649 illustris

443 1694 593 1774 princeps
622 1696 732 1756 noster
761 1691 907 1756 dominus
938 1690 1084 1769 Karolus,
1115 1690 1233 1755 domini
1263 1690 1364 1754 nostri
1387 1689 1504 1753 domini
1521 1739 1552 1752 ..
1577 1688 1661 1770 regis
1684 1689 1814 1753 lloemie
1837 1689 1952 1769 primo·

444 1798 582 1878 genitus,
612 1796 753 1860 marchio
783 1795 938 1873 Morauie,
969 1794 1173 1859 devocionem
1203 1799 1236 1857 et
1265 1793 1424 1871 aflectum,
1455 1811 1534 1874 quos
1563 1793 1604 1856 ad
1627 1792 1781 1874 capellam
1804 1792 1952 1857 Omnium

444 1901 631 1978 Sanctorum
654 1900 687 1964 in
709 1904 813 1965 castro
836 1899 997 1981 l'ragensi,
1021 1898 1120 1981 regali
1142 1915 1200 1962 seu
1223 1899 1311 1979 regie
1334 1898 1439 1962 domui
1460 1897 1639 1978 contiguam
1663 1901 1695 1961 et
1718 1897 1952 1976 coniunctam,·)

444 2005 480 2070 eb
504 2005 681 2070 eorundem
703 2008 884 2069 sanctornm
899 2004 1113 2068 reverenciam
1130 2001 1302 2083 specialem
1317 2001 1417 2083 gessit
1433 2006 1466 2065 ct
1481 2002 1572 2082 gerit,
1589 2001 1642 2082 pic
1658 2001 1790 2082 cupiens
1805 2001 1950 2083 redigere

443 2107 469 2173 in
493 2109 656 2186 ellectum,
679 2108 770 2172 nobis
793 2112 826 2172 et
857 2111 965 2172 nostro
999 2107 1151 2188 Pragensi
1182 2105 1320 2188 capitulo
1351 2106 1539 2182 cumomni,
1563 2124 1626 2185 qua
1648 2104 1767 2182 (101011,
1792 2106 1948 2170 instancia

442 2213 644 2296 supplicavit,
667 2216 703 2276 01
724 2212 858 2276 eandem
881 2210 1036 2293 capellam
1053 2210 1084 2275 in
1100 2209 1341 2274 conventualem
1357 2228 1413 2274 000
1430 2209 1627 2291 collegiatam
1644 2208 1811 2273 ecclesiam
1827 2211 1951 2291 erigere

439 2317 586 2398 duasque
617 2317 799 2398 dignitates,
831 2319 941 2397 utpote
970 2315 1202 2397 preposituram
1226 2319 1259 2377 et
1282 2315 1479 2390 decanatum,
1503 2331 1541 2377 ac
1563 2313 1707 2377 undecim
1724 2315 1902 2396 prebendas
1917 2319 1951 2377 ct

433 2422 576 2486 totidem
599 2421 803 2484 canonicatus
826 2419 866 2484 ad
888 2419 1014 2483 laudem
1038 2420 1089 2483 dei
1112 2418 1339 2499 omnipotentis
1362 2423 1395 2481 01
1429 2418 1522 2481 10010
1544 2416 1684 2496 Virginis
1715 2417 1817 2482 Maris
1848 2422 1881 2481 01
1910 2419 1950 2482 01

426 2522 593 2590 honorem
618 2524 765 2589 Omnium
789 2524 975 2589 Sanctorum
998 2541 1108 2587 creare
1131 2523 1162 2585 in
1186 2522 1296 2586 eadem
1321 2521 1456 2585 ecclesia
1480 2521 1662 2585 debeamus.
1708 2522 1773 2587 Nos
1807 2522 1949 2586 eiusdem

421 2629 560 2695 demini
590 2627 783 2692 marchionis
812 2632 961 2707 tanquam
992 2628 1064 2708 piis,
1095 2628 1188 2691 iustis
1218 2630 1252 2689 et
1281 2625 1509 2690 favorabilibus
1520 2623 1547 2702 b)
1577 2626 1660 2689 votis
1684 2631 1717 2688 01
1737 2626 1950 2708 peticionibus

415 2738 621 2799 annuentes
643 2731 798 2814 prefatam
823 2731 975 2814 capellam
1000 2731 1039 2794 de
1063 2748 1217 2795 consensu
1241 2730 1339 2793 nostri
1366 2728 1496 2810 capituli
1519 2729 1707 2810 supradicti,
1721 2729 1839 2794 habitis
1854 2747 1951 2812 super

415 2835 496 2903 hoc
520 2836 614 2918 prius
636 2835 745 2899 multis
767 2836 957 2900 tractatibus
980 2840 1013 2898 et
1034 2835 1210 2917 premissis,
1235 2835 1266 2897 in
1290 2832 1489 2913 collegiatam
1512 2831 1679 2896 ecclesiam
1695 2834 1855 2911 erigentes
1869 2835 1950 2899 (1000

413 2942 616 3022 dignitates
637 2940 799 3022 predictas
823 2944 856 3003 01
878 2940 1024 3004 undecim
1047 2938 1226 3021 prebendas
1257 2956 1328 3001 cum
1358 2938 1490 3001 totidem
1522 2937 1758 3000 canonicatibus
1788 2957 1850 3001 una
1879 2958 1949 3001 0000

415 3047 527 3111 dicto
550 3049 659 3108 nostro
683 3042 822 3126 capitulo
845 3044 885 3107 de
908 3043 999 3108 bonis
1021 3048 1054 3106 01
1076 3042 1332 3125 possessionibus
1354 3059 1413 3122 per
1428 3041 1546 3105 dictum
1562 3040 1722 3105 dominum
1737 3041 1950 3106 marchionem

410 3149 544 3214 eidem
568 3147 704 3212 ecclesie
727 3148 874 3212 Omnium
899 3147 1084 3212 Sanctorum
1106 3147 1159 3228 pie
1181 3150 1214 3209 et
1243 3145 1388 3227 graciose
1422 3144 1546 3226 largitis
1568 3149 1601 3207 et
1624 3144 1748 3207 collatis
1772 3146 1949 3211 creavinms

417 3253 465 3317 in
492 3251 618 3316 eadem.
641 3252 759 3315 Verum
783 3252 858 3331 quia
881 3250 1018 3332 dignitas
1037 3250 1238 3332 prepositure
1255 3249 1399 3330 predicte
1415 3249 1494 3312 adeo
1510 3254 1624 3312 tenues
1640 3247 1789 3313 steriles
1805 3250 1949 3314 redditus

416 3362 468 3421 et
492 3359 670 3446 proventus
700 3355 818 3419 dicitur
847 3360 879 3417 et
908 3359 1075 3436 reputatur
1102 3354 1228 3431 habere,
1253 3353 1337 3433 quod
1360 3371 1399 3416 ex
1424 3353 1502 3434 ipsis
1524 3370 1583 3415 nec
1606 3351 1799 3418 honorabilis
1823 3355 1871 3418 vir
1894 3356 1948 3419 do-

420 3462 544 3526 mninus
575 3458 747 3538 lohannes,
779 3459 855 3525 dicti
886 3459 1004 3523 domini
1035 3457 1225 3523 marchionis
1254 3457 1399 3520 notarius
1433 3461 1466 3520 et
1499 3454 1691 3537 capellanus,
1727 3458 1780 3538 (001
1815 3459 1946 3525 callidem

420 3565 674 3648 preposituram
696 3564 839 3629 noscitur
861 3564 1015 3641 obtinere,
1039 3581 1098 3627 nec
1121 3562 1237 3643 aliquis
1260 3579 1479 3626 successorum
1503 3578 1631 3624 suorum
1654 3566 1760 3642 potest
1783 3568 1816 3626 et
1831 3565 1949 3644 poterit

427 3671 529 3734 iuxta
551 3672 669 3732 statum
693 3673 727 3733 et
749 3668 932 3733 decencimn
954 3684 1161 3750 personarum
1185 3685 1355 3747 congruam
1378 3666 1645 3729 sustentaeioncm
1668 3666 1796 3745 babere,
1820 3673 1949 3749 prepter

428 3773 524 3855 quod
547 3771 692 3837 volentes
714 3772 858 3836 eiusdem
880 3772 1082 3854 prepositure
1106 3771 1382 3835 commoditatibus
1405 3770 1536 3852 provide
1566 3773 1599 3833 et
1629 3770 1752 3834 utiliter
1780 3771 1948 3852 providere

427 3878 604 3959 ipsiusque
627 3876 844 3941 condicionem
866 3876 972 3941 lacere
1001 3874 1176 3950 meliorem,
1208 3874 1377 3939 ecclesiam
1411 3874 1442 3938 in
1476 3874 1623 3951 Jarornir,
1658 3881 1765 3938 nestro
1800 3876 1948 3955 diocesia,

429 3980 664 4045 accedentibus
697 3980 738 4043 ad
772 3980 831 4045 hoc
864 3980 1021 4045 dictorum
1054 3979 1232 4061 principum
1267 3983 1457 4056 nostrorum,
1482 3977 1604 4042 scilicet
1638 3978 1723 4059 regis
1754 3979 1884 4044 Boenrie
1915 3986 1948 4045 01

435 4083 631 4149 marchionis
653 4083 807 4162 Merauie,
831 4089 1035 4165 patronorum
1058 4082 1194 4147 ecclesie
1217 4082 1385 4163 prelibate,
1408 4100 1530 4146 necnon
1555 4082 1708 4163 sepedicti
1733 4085 1832 4148 nostri
1864 4086 1949 4167 capi-

437 4187 510 4265 tuli,
542 4206 613 4253 cum
644 4205 707 4269 qno
736 4187 778 4252 ad
806 4188 1007 4253 tractandum
1036 4205 1134 4268 super
1163 4186 1222 4251 hoc
1245 4187 1355 4268 sepius
1378 4186 1494 4250 1010000
1518 4188 1709 4268 congregati,
1735 4189 1948 4266 conniventia,

439 4290 573 4356 consilio
584 4296 624 4355 et
638 4309 789 4373 expresso
813 4310 979 4370 consensu,
1001 4292 1171 4373 presertim
1195 4310 1265 4354 curn
1288 4290 1421 4354 evidens
1445 4289 1566 4355 utilitas
1582 4295 1615 4354 01
1634 4309 1751 4369 urgens
1774 4293 1949 4357 necessitas

439 4395 472 4460 id
495 4399 680 4477 exposcant,
703 4401 877 4460 memorate
899 4396 1099 4478 prepositure
1123 4414 1193 4459 cum
1217 4396 1362 4458 enmibus
1386 4394 1508 4458 iuribus
1531 4399 1564 4458 et
1586 4396 1802 4476 pertinenciis
1830 4396 1948 4462 utilita-

438 4499 526 4563 tibus
556 4504 590 4562 et
619 4499 867 4564 obvencionibus
897 4501 964 4564 seis
994 4499 1141 4563 (10010000
1170 4498 1399 4563 annectendam
1433 4504 1466 4561 ot
1499 4499 1757 4579 incorporacioue
1791 4506 1947 4581 0οι00100

440 4602 619 4679 uniendam,
645 4603 689 4667 ita
711 4608 827 4681 tamen,
851 4602 935 4685 quod
958 4603 1103 4666 ‹lorninus
1125 4602 1288 4667 lohannes
1308 4602 1519 4684 supradictus,
1537 4621 1630 4682 quem
1646 4609 1772 4684 oportet
1788 4604 1819 4667 in
1834 4605 1946 4671 rnaiori

439 4706 580 4769 ecclesia
602 4706 776 4783 deservire,
800 4707 832 4770 in
855 4706 941 4770 (11010
963 4705 1099 4769 ecclesia
1115 4706 1314 4787 parrochiali,
1332 4706 1455 4770 scilicet
1471 4708 1501 4770 in
1517 4706 1664 4783 iaromir,
1680 4712 1714 4771 01
1729 4707 1863 4789 quilibet
1878 4728 1949 4773 suc·

438 4828 602 4874 cessorem
632 4828 761 4873 suorum
792 4815 979 4892 perpetuum
1011 4814 1044 4872 01
1074 4809 1221 4873 idoneum
1251 4810 1404 4874 vicarium
1434 4810 1550 4874 haheat
1580 4811 1730 4876 canonice
1758 4811 1948 4891 institutum,

438 4916 491 4995 qui
515 4912 596 4978 velit
618 4919 651 4977 et
673 4914 776 4995 possit
798 4913 901 4978 eidem
925 4913 1061 4977 ecclesie
1085 4932 1223 4994 congrue
1246 4914 1409 4978 deservire
1432 4921 1465 4979 et
1494 4915 1578 4996 apud
1609 4916 1708 4997 ipsam
1740 4916 1950 4981 residenciam

436 5017 543 5083 iacere
566 5017 776 5100 personalem,
801 5019 947 5099 quodque
971 5017 1075 5082 eidem
1092 5018 1209 5082 vicario
1226 5018 1265 5082 dc
1281 5020 1489 5101 proventibus
1505 5025 1538 5083 01
1553 5021 1799 5086 obvencionibus
1815 5021 1951 5086 ecclesie

434 5128 604 5205 pretaxate
627 5128 750 5187 tanturn
773 5124 849 5187 dare
873 5129 905 5186 01
928 5123 1090 5201 assignare
1114 5123 1307 5205 (1000000001
1333 5129 1367 5187 01
1395 5129 1554 5205 00000001,
1586 5125 1670 5189 unde
1700 5126 1950 5208 hospitalitatem

435 5231 557 5305 tenere,
581 5227 713 5290 nuncios
736 5226 822 5291 sedis
846 5226 1018 5308 apostolice
1042 5230 1075 5290 01
1106 5226 1280 5306 legatorum
1312 5227 1454 5292 eiusdem
1489 5249 1658 5309 procurare
1689 5250 1726 5294 00
1757 5231 1951 5312 episcopalia

436 5336 469 5396 01
490 5330 785 5395 archidiaconorum
809 5330 935 5413 aliaque
960 5331 1028 5395 iura
1052 5331 1113 5395 sibi
1137 5331 1357 5396 incumbencia
1379 5333 1481 5413 possit
1504 5337 1537 5396 01
1567 5334 1672 5398 valcat
1695 5333 1818 5399 solvere
1842 5341 1875 5398 ct
1898 5354 1951 5398 ex-

436 5434 537 5518 plere,
572 5436 656 5517 qnod
691 5441 798 5500 autem
833 5437 993 5501 residuum
1028 5441 1062 5499 et
1095 5436 1290 5517 superfluum
1325 5437 1431 5516 luerit,
1467 5438 1563 5501 debet
1600 5443 1633 5501 et
1665 5443 1773 5520 potest
1807 5439 1950 5521 00010100

436 5540 585 5604 dominns
615 5541 797 5621 prepositus
828 5541 895 5605 suis
926 5546 959 5604 et
988 5557 1207 5604 0ιο00000000
1238 5557 1366 5605 suorum
1397 5543 1507 5606 usibus
1538 5542 1708 5625 applicare.
1755 5544 1792 5607 In
1816 5562 1948 5624 quorem

436 5644 577 5708 omniurn
600 5644 814 5708 testimoninm
839 5650 1004 5726 presentes
1028 5642 1151 5707 litteras
1175 5645 1243 5707 fieri
1267 5650 1300 5708 et
1322 5651 1504 5709 nostrorum
1528 5666 1562 5709 0(
1587 5648 1686 5710 rastri
1711 5646 1949 5727 (0010110010-

435 5747 515 5813 dicti
538 5746 714 5830 sigillorum
737 5748 910 5812 munimine
933 5754 966 5812 et
987 5749 1182 5831 appensione
1204 5749 1339 5813 lecimus
1355 5750 1506 5814 roborari.
1530 5751 1644 5814 Actium
1662 5756 1694 5814 et
1711 5750 1818 5813 datmn
1835 5751 1946 5834 Prage,

1794 5872 1842 5923 15*
