5184 7050
1870 836 1930 902 167

416 1031 559 1098 volumus
581 1035 702 1117 absque
724 1035 839 1099 iniuria
862 1040 895 1098 et
917 1035 1123 1117 oppressione
1147 1056 1345 1118 quacunque,
1362 1037 1510 1119 quodque
1525 1058 1581 1101 ros
1597 1046 1630 1103 et
1645 1041 1759 1123 singuli
1775 1047 1926 1121 vestrum,

415 1157 494 1220 quos
518 1140 549 1202 in
573 1139 705 1221 singulis
729 1141 844 1204 vestris
867 1140 1049 1204 civitatibus
1081 1145 1113 1204 et
1143 1141 1323 1206 diocesibus
1353 1144 1545 1207 arrctoritote
1576 1147 1785 1225 presencium,
1808 1166 1930 1211 necnon

415 1243 595 1322 patriarche
614 1249 647 1307 et
669 1245 767 1308 ceteri
789 1245 1019 1327 archiepiscopi
1035 1250 1068 1309 ot
1083 1245 1222 1327 episcopi
1240 1247 1379 1327 parcium
1395 1247 1618 1328 predictarum,
1639 1267 1717 1329 quos
1734 1250 1834 1314 eciam
1849 1251 1880 1314 in
1892 1247 1928 1332 a)

415 1347 549 1429 singulis
571 1366 679 1412 eorum
702 1349 884 1413 civitatibus
907 1355 939 1413 et
969 1350 1147 1414 diocesibus
1178 1350 1363 1414 collectores
1393 1351 1572 1415 huiusmodi
1602 1352 1722 1417 decime
1752 1373 1809 1435 per
1839 1354 1918 1419 alias

417 1459 543 1517 nostras
566 1452 690 1516 litteras
713 1452 911 1534 deputamus
935 1454 1063 1518 easdem
1086 1472 1236 1535 personas
1260 1461 1423 1536 exemptas
1443 1460 1476 1519 et
1491 1475 1552 1519 non
1575 1461 1746 1538 exemptae,
1771 1458 1802 1522 in
1833 1458 1926 1523 dictis

419 1557 563 1637 pentibus
586 1558 785 1635 constitutas,
802 1557 841 1621 de
861 1558 1005 1622 omnibus
1028 1557 1205 1622 redditibus
1229 1565 1261 1623 et
1283 1560 1489 1640 presentibus
1512 1560 1736 1625 ecclesiasticis
1757 1562 1928 1626 earundem

415 1660 455 1724 ad
472 1660 666 1725 solucionem
682 1661 767 1726 dicte
782 1662 904 1726 decime
921 1662 1094 1726 secundum
1109 1663 1245 1741 modum,
1262 1681 1381 1726 morem
1397 1669 1429 1727 et
1444 1664 1703 1728 consuetudinem
1719 1665 1750 1728 in
1767 1665 1927 1730 solucione

416 1771 449 1829 et
472 1763 664 1829 eolleecione
697 1765 876 1830 huiusmodi
911 1765 1032 1831 decime
1065 1766 1218 1830 hactenus
1252 1767 1437 1831 observatos
1471 1787 1529 1848 per
1561 1768 1661 1833 dictos
1684 1774 1750 1832 tres
1773 1789 1871 1833 anxios
1894 1771 1925 1833 in

413 1870 559 1933 terminis
582 1869 774 1951 supradictis
796 1871 855 1934 sub
878 1870 1101 1935 mode-racione
1124 1890 1160 1935 ac
1183 1870 1285 1936 forrna
1309 1871 1520 1953 infrascriptis
1536 1874 1726 1937 auctoritate
1741 1880 1849 1939 nostra
1868 1893 1925 1956 per

417 1993 585 2038 oerrsuram
609 1973 858 2039 ecclesiasticam
881 1994 917 2039 ac
941 1976 1041 2039 eciam
1056 1976 1080 2053 ⁰)
1105 1976 1393 2056 sequestracionem
1417 1977 1585 2057 fructuum,
1610 1977 1790 2042 reddituum
1807 1983 1839 2041 et
1854 1997 1926 2059 pro-

414 2084 566 2143 ventuum
590 2078 876 2143 ecclesiasticomm
900 2097 1028 2142 suorum
1050 2079 1082 2142 in
1106 2079 1226 2143 eisdem
1248 2081 1363 2144 vestris
1387 2081 1568 2145 civitatibus
1591 2086 1624 2144 et
1650 2081 1828 2146 diocesibus
1851 2101 1924 2146 eou-

413 2182 609 2262 sistencium,
633 2183 660 2247 si
683 2184 833 2264 expedire
856 2183 1010 2262 virleritis,
1035 2201 1093 2264 per
1113 2202 1170 2248 vos
1194 2183 1243 2248 vel
1259 2183 1356 2248 alium
1372 2202 1429 2248 seu
1445 2184 1535 2258 alios,
1552 2204 1630 2266 quos
1646 2185 1685 2249 ad
1701 2185 1923 2251 eolloccionem

413 2295 447 2351 et
469 2288 689 2369 reeepeionem
723 2287 902 2352 huiusmodi
937 2287 1059 2352 decime
1082 2288 1288 2352 assumendos
1312 2288 1475 2366 (inseritis,
1499 2289 1716 2371 appellaeione
1746 2291 1925 2372 postposita

412 2392 621 2473 compellatis,
654 2394 698 2456 ita
728 2393 811 2473 quod
842 2391 882 2456 ad
912 2392 1044 2471 fruetus,
1079 2392 1222 2457 redditus
1245 2399 1278 2457 ot
1301 2398 1473 2474 proventus
1496 2394 1729 2459 ecclesiasticos
1752 2395 1925 2459 existentes

412 2504 505 2562 extra
529 2502 653 2561 vestras
676 2497 822 2561 civitates
845 2502 878 2561 et
901 2496 1044 2560 dioceses
1067 2497 1247 2561 huiusmodi
1270 2497 1494 2578 compulsionis
1526 2503 1714 2579 potestatem
1745 2498 1925 2564 nullatenus

413 2601 595 2666 extenrlatis
618 2620 676 2666 nec
699 2602 739 2666 ad
762 2600 1009 2683 corripulsiouem
1031 2601 1210 2666 huiusmodi
1234 2602 1412 2667 faciendam
1435 2603 1466 2667 in
1490 2602 1596 2684 aliquo
1620 2621 1695 2667 casu
1718 2622 1776 2684 per
1798 2621 1853 2666 vos
1873 2603 1924 2668 rel

413 2706 510 2771 alium
545 2725 603 2770 seu
636 2707 715 2771 alios
749 2707 902 2770 invocetis
938 2706 986 2771 rel
1022 2707 1161 2770 invocari
1195 2705 1320 2771 faciatis
1354 2707 1505 2772 auxilium
1534 2707 1655 2774 brachii
1678 2707 1841 2785 secularis,
1864 2707 1924 2773 nisi

414 2811 630 2893 predictorum
667 2831 728 2874 non
762 2810 956 2875 solvoneium
986 2811 1182 2875 contumacia
1216 2812 1363 2893 exigente
1397 2811 1484 2875 aliud
1517 2812 1601 2875 eirca
1633 2811 1692 2876 hoc
1726 2830 1784 2893 per
1817 2812 1925 2876 sedem

413 2916 549 2980 eandem
572 2915 715 2980 extiterit
737 2915 932 2991 ordinatum;
957 2934 1028 2979 cum
1047 2916 1161 2996 quibus
1177 2916 1277 2979 eciam
1294 2916 1438 2996 personis
1454 2915 1681 2979 ecclesiasticis
1697 2920 1769 2996 post
1784 2916 1923 2980 debitam

413 3020 667 3085 satisfaccionem
698 3020 862 3100 prestitam
893 3024 926 3083 et
955 3019 1188 3083 absolucionem
1219 3020 1258 3084 ab
1282 3020 1627 3097 excommunicacionis,
1651 3019 1868 3101 srrspensiouis
1891 3026 1925 3084 et

414 3124 575 3189 interdicti
599 3124 779 3203 sentenciis,
803 3125 830 3187 si
853 3142 932 3205 quas
956 3142 1107 3205 personas
1130 3123 1258 3188 eosdem
1291 3124 1455 3188 occasione
1487 3123 1657 3188 soluciouis
1687 3123 1771 3187 dicte
1801 3123 1923 3188 decime

415 3249 475 3294 non
498 3230 585 3294 laete
608 3248 667 3310 per
688 3230 774 3311 ipsos
796 3229 829 3292 in
851 3229 994 3292 terminis
1029 3228 1209 3292 constitutis
1240 3228 1376 3292 fortasse
1407 3229 1568 3310 contingat
1597 3230 1769 3308 incurrere,
1792 3247 1811 3290 a
1834 3229 1924 3293 robis

416 3336 577 3398 obtentam
589 3332 616 3414 l)
646 3352 743 3416 super
772 3332 1016 3414 irregularitate,
1048 3333 1074 3396 si
1106 3352 1199 3413 quam
1230 3333 1299 3414 ipse
1330 3351 1464 3413 persone
1496 3332 1588 3397 dietis
1620 3331 1717 3414 ligate
1740 3333 1923 3397 sentenciiis

415 3458 475 3502 non
499 3440 531 3502 iu
554 3442 768 3518 contemptum
791 3437 925 3502 clarium
955 3436 1144 3502 celebrando
1176 3436 1282 3501 divina
1312 3436 1361 3501 rel
1392 3436 1472 3500 alias
1503 3455 1538 3500 so
1568 3436 1771 3500 immiscendo
1801 3437 1922 3501 eisdem

415 3544 520 3609 forsan
543 3544 767 3619 contraxerint,
791 3562 849 3623 per
870 3561 927 3605 ros
949 3542 1139 3607 auctoritate
1163 3541 1338 3623 apostoliea
1373 3542 1551 3623 dispensari
1575 3541 1690 3621 valeat,
1713 3542 1854 3606 iniuncta
1875 3543 1922 3606 eis

415 3668 511 3731 super
532 3649 593 3712 lroc
616 3648 796 3729 penitencia
817 3645 960 3710 salutari.
985 3647 1140 3724 Quocirca
1163 3646 1405 3709 universitatem
1428 3652 1567 3709 vestram
1586 3664 1759 3724 monemus,
1775 3664 1922 3726 rogaums

414 3759 448 3818 et
468 3754 632 3818 hortamur
654 3756 776 3816 attente
799 3769 857 3832 per
879 3751 1054 3832 apostolica
1077 3752 1166 3815 vobis
1189 3752 1308 3830 scripta
1332 3750 1535 3831 precipiendo
1554 3750 1749 3828 inarulantes,
1766 3757 1922 3831 quatenus

414 3877 470 3923 ros
492 3864 526 3923 et
549 3855 665 3940 singuli
694 3862 835 3920 restrum
865 3855 1020 3937 prefatam
1051 3855 1206 3920 decimam
1236 3855 1276 3918 de
1307 3854 1482 3918 redditibus
1513 3860 1546 3918 et
1576 3856 1780 3935 proventibus
1806 3856 1921 3919 restris

415 3962 643 4027 ecclesiasticis
665 3960 837 4025 seenmlum
860 3962 1056 4025 taxacionem
1079 3960 1180 4041 ipsius
1203 3960 1334 4036 decime,
1359 3960 1385 4022 si
1408 3960 1497 4023 iuxta
1526 3959 1612 4023 illam
1643 3960 1766 4024 solvere
1790 3977 1922 4023 consue·

415 4068 534 4145 veritis
559 4065 700 4147 alioquin
722 4064 894 4129 secundum
918 4064 1178 4129 consuetudinem
1201 4065 1233 4128 in
1256 4063 1417 4127 solucione
1439 4063 1618 4127 huiusmodi
1641 4064 1795 4127 hactenus
1814 4063 1922 4127 obser·

415 4178 518 4236 ratam
542 4169 666 4234 solvere
688 4188 746 4251 per
768 4169 870 4233 dictos
892 4175 958 4233 tros
992 4187 1089 4232 annos
1123 4170 1154 4232 iu
1189 4168 1309 4231 eisdem
1343 4169 1495 4245 termine,
1530 4167 1680 4232 solvendo
1714 4168 1746 4230 in
1780 4168 1922 4249 quolibet

415 4276 571 4341 dictorum
600 4275 805 4338 tenniuorum
834 4273 1039 4337 medietatem
1070 4273 1213 4337 eiusdem
1243 4272 1375 4349 decime,
1406 4271 1546 4353 singulos
1577 4277 1716 4336 restrum
1749 4272 1921 4336 secundum

415 4379 515 4444 «dctis
548 4379 685 4455 modum,
718 4397 836 4442 morem
869 4384 903 4442 et
936 4378 1195 4442 consuetudinem
1229 4377 1472 4458 contingentem,
1504 4380 1537 4439 et
1567 4377 1606 4439 ab
1637 4376 1708 4439 aliis
1737 4382 1915 4440 vestrarum

415 4485 578 4549 civitatum
601 4488 634 4547 et
656 4482 828 4547 diocesium
851 4483 890 4545 de
912 4482 1089 4545 redditibus
1112 4481 1284 4545 eorundem
1308 4481 1461 4545 decimam
1487 4481 1575 4545 iuxta
1600 4480 1759 4562 predictos
1793 4480 1919 4544 modum

415 4596 446 4653 et
467 4608 588 4653 morem
610 4606 668 4670 por
690 4587 790 4650 dictos
812 4591 878 4650 tros
901 4604 999 4651 annos
1022 4586 1171 4664 colligere
1194 4590 1227 4649 et
1249 4586 1379 4663 exigere
1401 4605 1438 4649 ac
1461 4587 1604 4665 recipere
1628 4584 1794 4648 studeatis.
1826 4584 1918 4662 ltrrrxl

415 4694 440 4757 si
462 4694 571 4758 forsan
594 4691 708 4773 aliquis
731 4697 871 4755 restrum
894 4691 926 4753 in
949 4691 1026 4771 ipsis
1048 4690 1192 4753 mistrinis
1215 4689 1372 4753 defecerit
1406 4690 1437 4752 in
1467 4689 1628 4752 solucione
1658 4688 1779 4754 decime
1809 4707 1920 4769 snpra·

415 4799 507 4878 dicte,
530 4796 639 4862 taliter
661 4796 860 4860 deficientem
882 4795 1001 4859 similes
1024 4796 1213 4872 sentencias,
1230 4813 1309 4875 quas
1325 4813 1382 4875 per
1404 4813 1462 4858 ros
1485 4794 1533 4858 rel
1557 4793 1780 4875 subdelegatos
1796 4800 1919 4858 uestros

415 4910 449 4966 ut
470 4903 666 4985 premittitur
689 4900 886 4981 deputandos
909 4900 950 4963 ad
973 4900 1106 4963 eandem
1129 4899 1284 4962 ‹lecimam
1307 4900 1339 4962 in
1359 4899 1475 4962 restris
1491 4899 1675 4962 civitatibus
1691 4902 1725 4961 et
1740 4898 1918 4962 diocesibus

415 5006 623 5088 colligendam
645 5007 678 5069 in
700 5025 762 5070 non
784 5005 944 5069 solventes
968 5005 1121 5068 decimam
1145 5004 1245 5084 ipsam
1269 5004 1299 5067 in
1323 5003 1466 5067 terminis
1488 5002 1680 5084 supradictis
1697 5002 1829 5084 proferri
1846 5022 1919 5065 con·

414 5112 529 5193 tigerit,
553 5112 716 5175 incurrere
739 5109 882 5173 uolumus
906 5111 973 5189 ipso
996 5109 1090 5186 facto,
1114 5128 1133 5171 a
1156 5127 1217 5188 qua
1242 5115 1314 5188 post
1336 5107 1591 5172 satisfaccionem
1614 5108 1752 5172 ‹lebitam
1777 5127 1833 5188 per
1860 5106 1918 5171 ali·

415 5235 507 5296 quem
522 5233 561 5278 ex
577 5215 668 5279 uobis
684 5213 733 5277 rel
758 5214 829 5278 aliis
852 5214 962 5277 ricinis
986 5213 1145 5294 episcopis
1169 5213 1505 5276 exeonmmnicaciouis
1528 5214 1691 5277 sentencia
1711 5232 1772 5275 uon
1789 5212 1918 5294 ligatum

413 5326 445 5384 et
467 5320 548 5384 alias
579 5320 719 5399 praciam
750 5325 782 5381 et
812 5318 1058 5381 communionem
1091 5316 1265 5398 apostolice
1293 5317 1378 5380 sedis
1402 5317 1580 5395 habentem,
1603 5317 1688 5381 faeta
1711 5315 1770 5379 sibi
1794 5315 1856 5380 lide
1879 5316 1919 5379 de

413 5424 574 5490 solucione
608 5422 797 5499 huiusmodi,
832 5423 933 5501 possit
965 5421 1187 5499 absolucionis,
1223 5440 1343 5484 necnon
1378 5440 1474 5503 super
1508 5421 1752 5498 irregularitate,
1776 5421 1801 5484 si
1825 5440 1918 5501 quam

412 5530 577 5594 (messione
607 5527 763 5610 premissa
792 5525 971 5589 huiusmodi
1002 5526 1118 5604 ligatus
1148 5526 1320 5589 sentenciis
1351 5526 1539 5590 celebrando
1571 5525 1677 5589 divina
1707 5524 1756 5588 rel
1780 5524 1861 5588 alias
1883 5544 1919 5588 se

413 5631 616 5698 immiscendo
640 5632 769 5709 eisdem,
793 5637 981 5694 nontamen
1006 5631 1036 5694 iu
1059 5636 1272 5711 contemptum
1300 5630 1444 5708 clarium,
1468 5630 1573 5693 forsan
1605 5630 1806 5707 cormaxerit,
1831 5630 1918 5709 perri-

410 5739 515 5803 tencia
538 5754 636 5817 super
658 5736 717 5798 lmc
739 5735 799 5798 sibi
824 5736 968 5815 imposita
991 5735 1133 5799 salutari.
1157 5743 1313 5816 ripnxrtune
1340 5735 1590 5816 dispensacionis
1621 5734 1806 5798 beneficium
1837 5734 1918 5797 obti-
