5184 7050
652 879 695 944 80

652 1085 741 1151 141.
773 1083 894 1147 Valeant
919 1085 1031 1165 Hayne
1043 1083 1088 1167 fit
1108 1085 1217 1164 pratia
1240 1083 1278 1147 de
1300 1083 1456 1164 dignitate
1479 1089 1637 1149 vacatura
1660 1085 1704 1149 ael
1719 1085 1918 1151 collationem
1932 1087 2081 1169 episcopt,
2106 1087 2154 1151 de·

881 1189 955 1253 cani
976 1193 1007 1253 et
1029 1188 1164 1271 capituli
1185 1188 1336 1254 ecclesiae
1360 1189 1541 1269 Prapenais.
1566 1190 1682 1254 bbrma
1705 1193 1741 1252 nt
1763 1191 1797 1254 in
1819 1212 1849 1254 a.
1874 1193 1926 1255 52.

696 1342 738 1482 p'r
1562 1386 1725 1463 Acinione,
1748 1391 1834 1454 1342
1858 1389 2041 1455 beremae
2063 1392 2115 1454 12.

789 1587 841 1652 ,1.
865 1588 1009 1653 Welconi
1043 1587 1165 1670 Hayne,
1201 1588 1352 1651 canonico
1383 1587 1545 1669 Pragensi,
1579 1586 1725 1651 salutem.
1749 1586 1824 1651 Vite
1858 1606 2040 1653 aemorum
2063 1588 2158 1654 hone·

654 1696 722 1758 stas
738 1742 745 1756 .
763 1743 770 1756 .
788 1743 820 1757 ..
844 1692 998 1758 Veientes
1021 1692 1129 1772 itaque
1152 1692 1211 1756 tibi
1235 1710 1264 1772 p,
1288 1695 1311 1754 t.
1335 1710 1375 1754 m.
1400 1709 1427 1755 6.
1452 1710 1480 1772 g.
1497 1689 1519 1755 f.
1536 1707 1571 1768 s,
1589 1690 1777 1772 dignitatem
1799 1691 1850 1754 vel
1874 1697 2079 1772 personatum
2102 1711 2155 1758 seu

654 1796 793 1862 officium
816 1801 872 1860 aut
894 1798 1081 1877 perpetuam
1104 1795 1415 1860 administracioncm
1438 1813 1508 1859 cum
1531 1813 1608 1858 cura
1631 1794 1682 1857 vel
1703 1794 1772 1858 sine
1795 1813 1881 1874 cura,
1912 1796 2003 1861 cuius
2025 1795 2157 1876 fructus,

654 1921 679 1966 r.
704 1906 737 1966 et
759 1919 800 1981 p.,
825 1901 851 1965 si
876 1918 945 1964 cum
969 1917 1055 1977 cura,
1079 1901 1254 1980 sexaginta,
1290 1900 1317 1963 si
1344 1917 1419 1963 vero
1442 1899 1511 1963 sine
1535 1916 1610 1962 cura
1632 1896 1739 1976 fucrit,
1775 1899 1987 1982 quadraginta
2016 1901 2158 1966 marcha·

654 2023 725 2069 rum
755 2005 880 2086 argenti
911 2022 935 2069 s.
959 2007 982 2067 t.
1006 2003 1036 2067 d.
1060 2003 1200 2068 valorem
1230 2021 1370 2067 annuum
1399 2020 1461 2066 non
1492 2002 1658 2080 excedant,
1693 2002 1733 2066 ad
1756 2022 1784 2067 v.
1808 2001 1830 2068 f.
1853 2022 1883 2068 n.
1902 2053 1935 2068 ..
1960 2006 2103 2088 episcopi
2125 2009 2157 2070 et

655 2108 707 2173 dd.
729 2107 761 2173 ff.
778 2158 810 2172 ..
835 2107 948 2172 decani
971 2112 1005 2171 et
1028 2107 1160 2189 capituli
1183 2107 1356 2189 Pragensis
1380 2107 1595 2186 collacionem,
1617 2123 1713 2188 pres,
1736 2124 1823 2188 pron.
1848 2125 1905 2172 seu
1929 2128 1958 2191 q.
1981 2127 2010 2173 a.
2035 2109 2065 2174 d.
2088 2128 2113 2174 6.
2131 2130 2156 2175 v.

656 2211 685 2276 d.
709 2211 921 2292 pertinentem
952 2211 1002 2276 vel
1032 2212 1206 2293 pertinens,
1238 2213 1265 2276 si
1288 2230 1352 2294 qua
1373 2211 1425 2276 vel
1455 2212 1482 2275 si
1506 2212 1577 2292 quis
1600 2214 1656 2274 aut
1679 2212 1706 2275 si
1729 2211 1813 2292 quod
1836 2217 1928 2277 vacat
1951 2213 1992 2277 ad
2015 2231 2155 2295 presens,

655 2315 706 2379 vei
729 2333 799 2380 cum
823 2315 994 2394 vacaverit,
1019 2315 1050 2379 in
1074 2316 1204 2380 civitate
1227 2314 1278 2379 vei
1301 2315 1420 2380 diocesi
1443 2315 1596 2396 Pragensi
1599 2364 1692 2393 .....
1716 2315 1939 2380 conterendam
1972 2335 2030 2381 seu
2055 2316 2158 2382 conie-

655 2419 788 2484 rendum
809 2420 940 2484 tibi..‚.
965 2419 995 2484 d.
1019 2438 1047 2484 a.
1070 2437 1358 2497 reservamus....;
1383 2437 1445 2482 non
1468 2419 1740 2483 obstantibus...
1765 2437 1822 2484 scu
1845 2421 1931 2502 quod
1953 2421 1986 2485 iu
2008 2421 2159 2504 Pragensi

658 2529 691 2587 et
712 2525 745 2588 in
767 2525 1032 2607 wissegradensi,
1055 2523 1225 2605 Pragensis
1248 2523 1395 2601 diocesis,
1419 2521 1567 2586 ecclesiis>
1586 2540 1623 2585 ac
1656 2523 1689 2586 in
1723 2523 1847 2605 capella
1882 2522 2032 2589 Omnium
2066 2524 2160 2591 Sanc-

656 2633 761 2693 torum
778 2630 874 2694 castri
890 2629 1061 2712 Pragensis
1085 2628 1291 2694 canonicatus
1314 2626 1441 2690 obtines
1464 2629 1497 2690 et
1519 2626 1697 2707 prebendas
1700 2677 1804 2692 .....
1823 2629 1860 2692 D.
1881 2627 2040 2694 Auinione
2064 2630 2096 2694 11
2119 2629 2159 2694 id.

658 2733 846 2799 Decembris
868 2751 897 2796 a.
920 2734 1032 2814 primo.

761 2837 799 2901 In
823 2855 850 2900 e.
872 2855 913 2900 m,
937 2856 965 2902 v.
991 2836 1012 2900 1.
1029 2887 1061 2901 ..
1086 2836 1237 2919 episcopo
1269 2835 1432 2899 Parmensi
1463 2838 1496 2898 et
1529 2834 1581 2898 dd.
1612 2834 1647 2900 ff.
1664 2885 1696 2900 ..
1721 2837 1824 2900 sancti
1854 2836 1961 2918 Egidii
1992 2837 2161 2920 Prageusis

656 2960 693 3007 ac
709 2992 741 3006 ..
766 2941 1039 3023 wissegradensis
1063 2960 1163 3023 prope
1185 2943 1319 3025 Pragam
1342 2940 1548 3005 ecclesiarum
1573 2939 1702 3005 decanis
1726 2957 1750 3005 s.
1768 2992 1775 3004 .
1793 2991 1800 3004 .
1818 2991 1850 3005 ..
1874 2942 1913 3006 D.
1937 2945 1975 3005 ut
1998 2960 2023 3007 s.

762 3129 911 3184 Clementis
929 3128 966 3182 VI
985 3131 1009 3183 A
1029 3131 1086 3199 litt
1114 3130 1169 3200 (66)
1188 3130 1206 3183 f.
1226 3132 1287 3183 371¹
1307 3145 1334 3182 n.
1357 3133 1417 3195 296,
1444 3125 1478 3181 dc
1503 3126 1680 3194 dignitatibus
1708 3130 1844 3185 vacaturis
1868 3146 1912 3198 qu.
1933 3131 2052 3184 re:V.
2077 3137 2126 3185 loa
2144 3131 2162 3186 f.

658 3218 721 3270 412'
743 3233 770 3270 n.
788 3222 846 3270 296.

657 3724 748 3790 142.
772 3722 907 3788 Nicolao
930 3720 1057 3787 Nicolar'
1073 3724 1258 3806 providetur
1287 3723 1326 3786 de
1347 3723 1537 3788 canonicatu
1564 3724 1711 3789 ecclesiae
1734 3726 1915 3789 Bremensis
1937 3724 1994 3789 aab
2016 3728 2160 3808 cxpecta-

656 3827 739 3891 tionc
755 3826 965 3910 praebendae.
999 3828 1051 3902 ,D.
1067 3825 1224 3892 Aniniene
1247 3830 1288 3892 II
1305 3826 1347 3890 id.
1372 3826 1553 3890 Decembris
1577 3850 1606 3893 a.
1626 3830 1753 3913 prinae}
1775 3866 1819 3876 —
1843 3830 1883 3892 In
1903 3828 2161 3911 66666161ῳί-

656 3952 748 4015 scopo
772 3933 902 4013 Ripense?
930 3937 960 3996 ct
988 3932 1132 4015 episcopo
1155 3931 1312 4012 Prapensi
1334 3952 1373 3995 ac
1394 3929 1539 3997 Jobaani
1560 3932 1598 3996 de
1620 3935 1767 4010 Pistorio,
1797 3934 1947 3999 canonico
1968 3932 2162 3999 Belvacenasi.

780 4103 787 4175 Ι
1243 4038 1359 4101 Forma
1380 4039 1417 4098 aa
1439 4035 1474 4098 in
1495 4057 1526 4100 a.
1550 4039 1580 4101 6.

701 4171 746 4315 pl(
764 4193 811 4313 ῗ
1564 4210 1726 4288 Acinione,
1750 4214 1837 4277 1342
1861 4210 2044 4277 Decembris
2067 4213 2120 4277 12.

762 4416 911 4471 Clementis
929 4415 967 4469 v1
986 4418 1010 4470 Δ
1027 4418 1087 4486 1116
1106 4419 1161 4486 (76)
1189 4416 1207 4469 f.
1236 4423 1286 4470 237
1314 4423 1436 4485 n.1206,
1464 4417 1498 4472 dc
1526 4417 1691 4487 praebendis
1719 4418 1855 4473 vacaturis
1874 4435 1917 4487 qu.
1938 4418 2056 4471 bbzv.
2078 4417 2162 4472 1661.

662 4509 712 4557 267
732 4520 758 4557 n.
780 4509 855 4557 1206.

659 5011 752 5075 143.
776 5010 911 5073 Hearico
927 5008 966 5072 de
980 5009 1064 5092 Ln'pa
1084 5008 1268 5091 providetur
1282 5009 1321 5073 de
1337 5010 1526 5073 canonicatu
1547 5007 1696 5073 ecclesiae
1713 5008 1930 5074 t'racociensr's
1947 5008 2165 5092 6666666616-

780 5162 788 5236 Ι
1064 5114 1147 5177 tione
1164 5112 1376 5197 praebendae.
1422 5114 1538 5177 Forma
1561 5117 1596 5175 aa
1618 5114 1653 5176 in
1675 5134 1705 5175 n.
1728 5115 1759 5177 6.

702 5231 814 5373 1¹1}
1567 5261 1729 5365 barnam,
1755 5288 1838 5350 1342
1861 5285 2045 5350 naaman
2070 5288 2120 5351 ra.

762 5479 801 5541 D.
817 5478 837 5542 f.
858 5478 996 5542 Hernico
1020 5478 1175 5543 Jobannis
1192 5477 1231 5541 dc
1247 5477 1347 5558 Lypa,
1365 5479 1515 5541 canonico
1537 5476 1753 5555 Cracouiensi,
1770 5495 1794 5541 s.
1812 5482 1871 5541 otc.
1896 5475 1973 5540 Vite
1991 5495 2163 5541 aemorum

659 5581 834 5645 honestas.
853 5633 858 5645 .
877 5633 883 5645 ,
903 5633 908 5645 .
934 5582 1086 5646 Volentos
1110 5584 1218 5663 itaquo
1242 5581 1300 5644 tibi
1324 5580 1504 5645 huiusmodi
1529 5600 1567 5643 m.
1593 5582 1612 5645 i.
1636 5600 1664 5661 g.
1689 5581 1709 5645 f.
1731 5599 1768 5658 s,
1786 5581 2005 5645 cmronicatum
2029 5580 2163 5646 ecclesie

661 5687 884 5750 (iracouiensis
900 5704 925 5749 c.
943 5706 972 5765 p.
991 5687 1010 5749 i.
1027 5707 1052 5748 c.
1070 5705 1098 5748 a.
1116 5693 1138 5748 t.
1157 5705 1184 5748 a.
1203 5685 1393 5749 conferimus
1416 5691 1448 5748 et
1472 5685 1510 5747 de
1534 5684 1588 5747 illo
1612 5686 1713 5748 eciam
1735 5685 1948 5766 providemus,
1972 5683 2162 5764 prebendam

660 5809 744 5867 rore,
769 5791 795 5853 si
820 5809 883 5871 qua
906 5790 938 5853 in
961 5791 1072 5855 eadem
1096 5789 1232 5854 ecclesia
1256 5795 1351 5855 vacat
1375 5789 1579 5869 adprosam,
1603 5789 1653 5852 vel
1670 5809 1739 5853 cum
1763 5790 1957 5867 vacaverit,'.
1976 5839 1983 5853 .
2002 5838 2035 5853 ..
2061 5788 2164 5855 eonsc-
