5184 7050
411 511 563 594 alioquin
586 514 669 578 omni
694 512 765 591 iuri,
790 514 816 579 si
840 512 924 596 quod
947 515 1005 579 tibi
1029 515 1062 578 iu
1085 512 1149 578 illis
1182 511 1345 596 competit,
1381 510 1495 579 cedere
1528 513 1679 592 tenearis,
1714 513 1863 596 quodque
1897 513 1937 580 de

411 616 843 697 oeter0‘)c0ntra‹1icra1n
868 618 1036 683 ecclesiam
1060 617 1359 683 Wratislauiensem
1383 618 1567 683 nullatenus
1592 623 1625 681 tc
1659 637 1812 700 opponas.
1855 624 1936 685 Nulli

410 743 491 800 ergo
526 732 629 785 nostre
664 728 847 802 collacionis,
870 729 1059 804 provisionis,
1083 729 1307 788 constitucionis
1342 733 1371 786 et
1404 727 1568 788 voluntatis
1601 725 1762 802 iufringere
1796 733 1852 788 etc.
1899 723 1937 788 D.

410 825 582 889 Auiuione
604 825 634 889 X
658 824 720 890 kal.
744 825 832 890 Junii
857 844 885 890 a.
909 827 1021 907 primo.

528 981 566 1045 In
589 1000 616 1045 e.
640 1000 680 1046 m.
703 980 755 1045 dd.
778 979 856 1046 ff...
881 981 1001 1046 decano
1026 981 1246 1047 Olomucensis
1280 987 1313 1047 et
1330 1033 1362 1048 ..
1399 981 1625 1048 archidiacono
1651 981 1691 1046 de
1715 980 1935 1062 Constantino,

414 1082 693 1163 Coustanciensis
711 1105 748 1149 ac
771 1085 916 1149 Gerardo
939 1086 979 1149 de
1002 1085 1169 1168 Magnaco,
1193 1089 1345 1152 canonico
1368 1085 1583 1150 Nannetensis
1611 1085 1819 1151 ecclesiarum
1835 1105 1859 1152 s.
1875 1093 1937 1152 etc.

417 1195 518 1254 Grata
552 1200 582 1253 et
612 1201 734 1267 accepta
764 1195 872 1254 dudum
902 1212 955 1268 per
986 1196 1014 1254 d.
1046 1193 1066 1254 f.
1097 1196 1293 1256 Laurencium
1328 1201 1384 1255 etc.
1421 1214 1511 1269 usque
1542 1213 1572 1254 se
1607 1201 1746 1270 opponat.
1792 1198 1937 1270 Quocirca

418 1299 604 1373 mandamus,
626 1306 769 1370 quatenus
792 1316 844 1357 vos
866 1300 911 1357 vel
935 1299 993 1358 duo
1016 1306 1067 1358 aut
1090 1318 1164 1358 unus
1188 1306 1317 1358 vestrum
1340 1318 1393 1374 per
1415 1318 1467 1359 vos
1491 1301 1536 1358 vel
1552 1301 1641 1359 alium
1657 1319 1709 1359 seu
1725 1301 1798 1360 alios
1814 1301 1937 1359 eundem

421 1404 619 1462 laurencium
641 1404 687 1461 vel
709 1408 931 1477 procuratorem
954 1421 1037 1461 suum
1061 1404 1123 1461 eius
1153 1405 1270 1463 nomine
1302 1406 1331 1462 in
1363 1404 1544 1478 corporalem
1574 1406 1787 1478 possessiouem
1819 1405 1939 1464 canoni·

423 1514 509 1565 ratus
533 1514 564 1564 et
586 1507 734 1580 prebende
756 1524 791 1564 ae
813 1507 921 1564 iurium
937 1512 967 1565 et
981 1509 1230 1581 pertinenciarum
1254 1509 1453 1583 predictorum
1477 1509 1623 1567 inducatis
1643 1510 1820 1568 auctoritate
1836 1515 1939 1569 nostra

424 1618 455 1668 et
477 1611 644 1670 defendatis
666 1612 938 1683 inductum‚amoto
953 1612 991 1669 ab
1007 1613 1050 1669 eis
1066 1613 1197 1685 quolibet
1220 1614 1385 1688 detentore,
1408 1631 1443 1671 ac
1466 1612 1608 1672 iacientes
1631 1615 1726 1687 ipsum
1744 1613 1938 1673 Laurencium

425 1716 470 1773 rel
493 1721 716 1788 procuratorem
739 1732 822 1772 suum
845 1732 899 1787 pro
922 1732 958 1773 eo
981 1715 1019 1773 ad
1043 1715 1150 1773 dictam
1173 1716 1352 1789 prebendam
1383 1716 1413 1774 in
1443 1716 1523 1774 dicta
1545 1716 1784 1775 Wratisiauieusi
1814 1717 1939 1775 ecclesia

426 1819 455 1876 in
479 1818 651 1875 canonicum
685 1818 778 1890 recipi
812 1825 842 1875 ct
875 1819 905 1875 in
939 1815 1071 1891 fratrem,
1106 1819 1192 1876 stallo
1227 1818 1284 1877 sibi
1317 1819 1346 1877 iu
1379 1818 1469 1877 choro
1499 1823 1529 1876 et
1551 1819 1617 1878 loeo
1640 1820 1670 1877 in
1694 1820 1822 1894 capitulo
1845 1820 1938 1892 ipsius

427 1924 550 1980 ecclesie
584 1939 649 1980 cum
683 1922 864 1994 plenitudine
894 1922 968 1979 iuris
998 1922 1131 1979 canonici
1165 1922 1335 1997 assignatis,
1366 1916 1513 1996 [orbique
1542 1953 1584 1962 —
1618 1922 1816 1996 responderi‘
1847 1927 1880 1977 ut
1905 1925 1937 1978 in

429 2044 458 2080 n.
482 2022 530 2102 6.]
552 2044 611 2083 non
634 2026 821 2084 obstantibus
844 2025 979 2084 omnibus
1002 2025 1192 2100 supradictis,
1214 2019 1296 2099 laea
1318 2027 1350 2081 oi
1371 2025 1486 2080 eisdem
1510 2026 1652 2098 eprbcopo
1675 2059 1717 2067 -
1739 2027 1939 2083 mencionem‘

431 2133 461 2183 ut
486 2132 518 2184 in
544 2148 574 2184 n.
599 2125 647 2205 6.]
670 2129 905 2188 contradictores
927 2131 1107 2188 auctoritate
1130 2134 1233 2189 nostra
1256 2135 1313 2189 etc.
1359 2124 1397 2188 D.
1423 2129 1458 2188 ut
1481 2142 1506 2189 8.

532 2347 680 2402 Clementis
698 2348 735 2401 Vl
754 2350 779 2400 Α
797 2348 837 2415 ll
858 2350 913 2412 (56)
934 2348 952 2401 i.
972 2353 1030 2413 157,
1049 2347 1083 2400 de
1102 2345 1242 2400 benefieiis
1261 2347 1422 2401 vacantibus
1441 2365 1485 2416 qu.
1506 2355 1562 2401 1:
1575 2347 1606 2401 V.
1626 2355 1674 2402 147
1693 2348 1712 2402 f.
1732 2351 1773 2402 71'
1793 2356 1935 2404 n.1·2.'›.-

433 2435 612 2503 Registratum
642 2436 670 2487 iu
697 2435 794 2487 ZVGA
822 2433 979 2488 Schlesiens
1005 2432 1091 2496 xxV,
1118 2438 1177 2484 295.
1207 2463 1237 2471 -
1269 2446 1292 2494 η
1324 2449 1393 2486 corr.
1424 2449 1458 2486 en
1487 2433 1649 2500 ‚litterarum
1683 2435 1862 2489 consciencia‘
1905 2439 1937 2491 Α.

434 2520 459 2587 b)
476 2521 596 2586 ,iaenm‘
615 2524 657 2586 A„
667 2537 738 2574 corr.
756 2521 792 2574 ab
810 2520 923 2574 editore.
938 2527 960 2584 r)
980 2535 1050 2572 corr.
1060 2534 1095 2572 ex
1108 2517 1308 2587 ,promociouis‘
1327 2522 1360 2571 A.
1374 2521 1399 2585 l)
1412 2535 1482 2574 corr.
1495 2535 1530 2574 ex
1548 2520 1705 2590 ‚cuiusqui‘;
1725 2522 1849 2591 sequitur
1861 2526 1938 2593 ,prot

435 2607 478 2661 sed
496 2607 677 2662 cancellatum
696 2610 730 2660 A.
755 2613 777 2672 e)
797 2622 866 2660 corr.
885 2622 920 2660 ex
937 2605 1006 2672 ,sed‘
1024 2609 1058 2659 A.
1081 2605 1104 2672 ί)
1123 2621 1192 2659 corr.
1215 2608 1244 2662 in
1262 2605 1384 2674 margine
1403 2622 1438 2660 ex
1456 2611 1548 2673 ‚cetro‘
1566 2609 1600 2661 A.
1617 2639 1653 2649 -
1671 2610 1692 2676 ι)
1711 2609 1771 2665 ride
1790 2627 1816 2663 n.
1835 2615 1851 2664 3
1869 2628 1896 2665 n.
1916 2617 1940 2665 1.

421 3198 465 3266 ὅ.
503 3199 711 3264 Hemraamcs
746 3202 924 3266 Hermanni
957 3199 995 3262 de
1018 3199 1219 3263 Liboebosr'ca
1239 3197 1412 3282 supplicat,
1434 3203 1590 3280 quatenus
1610 3199 1673 3264 arbi
1694 3200 1733 3263 de
1754 3202 1944 3268 canonicatu

584 3303 737 3368 ecclesiae
760 3305 1024 3386 l'yoseyrodensis
1045 3303 1103 3368 aad
1126 3305 1341 3386 expectatione
1359 3302 1560 3385 praebendae
1575 3303 1793 3386 provideatur.

1442 3494 1606 3570 Asiaene,
1630 3498 1717 3561 1342
1740 3497 1825 3562 Maii
1845 3499 1899 3563 23.

536 3689 705 3770 Supplicat
728 3689 759 3752 S.
784 3688 821 3753 l'.
836 3688 966 3751 humilis
988 3687 1156 3751 familiaris
1179 3695 1211 3751 et
1236 3688 1373 3768 scriptor
1407 3694 1513 3750 uester
1543 3686 1744 3752 Hermannus
1768 3688 1941 3754 Hermanni

410 3796 467 3859 (le
494 3792 731 3868 Luboehouicz‚
754 3793 891 3857 clericus
924 3793 1097 3874 Prugensis
1131 3790 1277 3868 diocesis,
1311 3800 1471 3873 quatenus
1505 3792 1565 3855 sibi
1600 3793 1771 3873 specialem
1802 3796 1943 3875 graciam

408 3898 591 3964 facientes
613 3896 654 3959 de
676 3898 867 3961 canonicatu
890 3903 922 3959 et
946 3895 1108 3977 prebenda
1132 3896 1269 3960 ecclesie
1292 3895 1566 3977 wissegradensis
1588 3915 1688 3977 prope
1711 3896 1856 3978 Pragam
1872 3915 1944 3979 pre·

409 4002 500 4067 rate
532 4000 681 4077 diocesis,
704 4001 732 4063 si
757 4006 851 4064 vacat
873 4001 915 4063 ad
937 4016 1081 4081 presens,
1104 3999 1155 4061 rel
1178 4018 1248 4064 cum
1271 4000 1304 4063 in
1327 4000 1398 4081 ipsa
1422 4000 1559 4064 ecclesia
1581 4001 1754 4076 vacaverit,
1778 4000 1880 4064 eidem
1904 4002 1944 4065 dc

410 4103 634 4187 benignitate
666 4104 753 4167 sedis
785 4105 961 4185 apostolice
991 4103 1164 4184 dignemini
1187 4104 1365 4184 providere,
1389 4123 1460 4169 curu
1484 4105 1719 4185 acceptacione
1742 4104 1944 4183 iuhibicione‚

416 4212 565 4275 decreto
587 4215 621 4272 et
644 4208 790 4272 clausula
812 4208 963 4273 anteferri
988 4214 1020 4271 et
1043 4227 1115 4272 cunr
1138 4207 1212 4271 aliis
1234 4225 1296 4271 non
1319 4207 1523 4272 obstantibus
1545 4214 1579 4271 et
1600 4206 1756 4272 clausulis
1778 4210 1945 4290 oportunis

418 4320 463 4378 et
487 4313 727 4377 executoribus

538 4468 614 4533 Fiat
636 4468 674 4533 R
718 4469 762 4534 Et
784 4488 815 4551 q.
837 4475 862 4533 t.
885 4486 911 4533 s.
934 4468 1009 4533 al
1055 4467 1127 4531 fiat
1150 4467 1187 4532 R
1233 4468 1352 4531 Ildum
1384 4474 1419 4532 ut
1448 4486 1555 4548 supra,
1580 4466 1806 4551 [Aninione]·)
1828 4466 1858 4532 X
1881 4467 1945 4534 kal

424 4573 523 4639 Junii
547 4574 593 4659 [a
616 4571 779 4661 primol.·)

539 4796 692 4851 (lomentis
710 4796 748 4850 Vl
765 4796 785 4850 S
803 4797 842 4866 15¹1
864 4802 889 4866 (1
892 4821 903 4863 1
921 4797 939 4850 l.
959 4800 993 4850 t'.
1011 4826 1045 4837 -
1071 4804 1095 4867 ⁸)
1115 4796 1274 4866 suppletum
1291 4797 1329 4850 ab
1346 4795 1460 4850 editam
