5184 7050
1855 838 1922 915 415

411 1053 504 1120 696.
536 1054 629 1116 Petro
658 1053 698 1116 de
726 1053 831 1127 Lana,
862 1053 985 1117 notario
1015 1059 1045 1119 et
1071 1053 1240 1119 secretario
1266 1052 1381 1128 Caroli,
1405 1054 1440 1118 iu
1461 1074 1564 1134 repam
1590 1057 1800 1120 Rmnaaoram
1823 1056 1921 1134 alecti,

411 1161 594 1221 reservatur
616 1155 945 1240 aci-supplicationem
967 1158 1106 1223 eiusdem
1128 1157 1218 1223 electi
1240 1157 1422 1240 bescoficium
1445 1178 1515 1222 cuni
1536 1157 1584 1222 vel
1616 1159 1685 1224 sine
1714 1164 1922 1235 sarmatiam

411 1261 443 1325 si
464 1258 607 1341 dmndas
628 1259 677 1324 oel
694 1265 887 1343 personabas
909 1266 967 1326 aut
981 1261 1125 1346 officium
1139 1266 1170 1325 et
1184 1260 1326 1325 etiamsi
1341 1260 1376 1325 ia
1390 1260 1522 1326 aedesio
1538 1261 1779 1328 ibatislaoiensi
1793 1265 1922 1345 ocistat,

414 1365 446 1429 si
466 1363 550 1448 qaod
572 1363 617 1429 ad
637 1363 833 1430 collationem
856 1366 995 1451 episcopi
1017 1370 1047 1430 et
1070 1364 1206 1450 capitali
1229 1365 1488 1431 {fritislarensis
1509 1369 1603 1432 cacat
1624 1366 1668 1431 ad
1689 1369 1924 1451 praesenserat

413 1488 486 1533 cam
506 1469 679 1544 oacaocrii,
702 1489 764 1534 non
786 1468 929 1535 obstante
949 1474 986 1534 at
1007 1470 1042 1535 in
1063 1489 1149 1534 mm,
1171 1471 1246 1548 695,
1270 1469 1317 1534 ita
1351 1474 1467 1549 tamen,
1490 1473 1535 1549 at,
1560 1472 1794 1555 quamprimum
1815 1473 1920 1554 vigore

407 1572 590 1656 proesentis
610 1572 739 1654 gratiae
760 1573 948 1655 dignitatem
970 1573 1018 1639 cel
1034 1577 1244 1658 personatum
1266 1593 1323 1638 sea
1344 1573 1485 1656 officium
1508 1578 1654 1639 caratam
1675 1575 1724 1639 acl
1743 1575 1923 1659 beneficiam

405 1676 516 1757 fecerit
541 1675 677 1760 pacifice
698 1681 871 1758 asseculas,
895 1677 985 1743 illam
1010 1676 1246 1761 parrochialem
1272 1676 1437 1743 ecclesiam
1459 1678 1497 1742 dc
1527 1678 1683 1754 Vaticano,
1706 1700 1787 1761 qaae
1809 1685 1923 1746 cetuna

412 1801 530 1846 cacare
550 1780 737 1857 ἀκινήτων,
760 1783 884 1847 omnim
907 1781 1058 1846 dimittat.
1094 1782 1145 1848 J).
1169 1780 1328 1846 Aniciana
1350 1783 1404 1847 XI
1420 1781 1485 1848 lsai.
1508 1782 1647 1864 Aapusa
1669 1805 1699 1847 a.
1724 1784 1853 1865 quinto}
1878 1821 1920 1832 —

415 1887 457 1949 In
489 1906 515 1950 e.
546 1906 587 1949 m.
618 1889 749 1949 candae
783 1885 912 1950 Mariae
944 1885 979 1950 in
1008 1885 1117 1950 Arma
1149 1884 1409 1951 Vratislaoiensis
1442 1891 1472 1951 et
1504 1888 1610 1953 saneti
1639 1887 1793 1953 Vincealii
1823 1909 1924 1973 propo

420 1988 651 2054 Vratislaoiam
673 1989 934 2054 monasteriorum
957 1988 1122 2055 abbatibus
1144 2010 1184 2054 ac
1206 1989 1364 2055 sacristae
1385 1989 1535 2056 ecclesiae
1550 1989 1781 2056 Acinionensis.
1808 1991 1922 2057 Forma

1060 2098 1096 2158 ut
1117 2095 1152 2159 ia
1174 2115 1204 2158 n.
1229 2095 1281 2160 76.

461 2249 507 2336 ἶ
522 2249 573 2336 ἱ
1424 2232 1587 2310 Aoiaione,
1613 2236 1697 2300 1346
1719 2233 1803 2302 Jaltt
1825 2239 1877 2300 22.

521 2455 672 2510 Clementis
691 2455 728 2509 vt
746 2457 779 2510 A.
798 2456 850 2526 vlt
870 2461 926 2525 (87)
944 2456 962 2510 l.
981 2462 1041 2524 224,
1060 2456 1094 2511 de
1113 2456 1254 2512 beneficiis
1272 2473 1333 2511 cunr
1354 2458 1396 2512 vel
1422 2459 1482 2512 sina
1506 2475 1573 2514 cura
1596 2476 1640 2526 qu.
1661 2459 1762 2515 1:V.
1784 2466 1832 2513 174
1850 2459 1868 2513 i.
1887 2465 1921 2515 82

413 2560 441 2597 n.
461 2550 520 2598 145.
540 2574 572 2583 -
592 2543 658 2612 Reg.
678 2543 707 2597 in
726 2542 824 2598 ZVGA
843 2542 1000 2599 Schlesiens
1022 2543 1106 2611 XXV,
1125 2550 1184 2599 289.

413 3137 508 3206 697.
543 3135 700 3203 Namara
732 3136 771 3200 de
791 3138 929 3202 Brunca
961 3136 1134 3222 supplicat,
1163 3141 1318 3220 qnatenus
1348 3135 1410 3202 sibi
1429 3135 1539 3218 pratia
1562 3136 1600 3200 de
1621 3157 1684 3201 non
1705 3134 1869 3201 residendo
1891 3139 1922 3200 et

747 3240 912 3321 faeditas
936 3242 971 3306 in
992 3242 1137 3306 msemia
1154 3240 1369 3325 percipiendis
1392 3238 1589 3305 concedatur.

1426 3431 1588 3509 Ammona,
1611 3432 1698 3495 1346
1719 3429 1804 3497 Jalii
1825 3434 1878 3495 22.

521 3649 689 3732 Supplicat
703 3651 734 3718 S.
749 3651 787 3716 V.
803 3649 933 3717 humilis
949 3655 1097 3716 creatura
1111 3654 1219 3715 vestra
1234 3650 1387 3715 Nicolaus
1402 3649 1443 3715 de
1462 3650 1600 3728 Brunna,
1625 3649 1764 3714 decanus
1787 3648 1923 3714 ecclesie

414 3754 648 3832 Olomucensis,
671 3754 866 3821 serenissimi
889 3753 1006 3819 domini
1030 3754 1149 3833 Karali,
1173 3754 1385 3820 Romanorum
1415 3754 1510 3836 regis,
1541 3753 1743 3833 secretarius,
1767 3758 1924 3835 quatenus

414 3860 477 3924 sibi
501 3858 672 3941 specialem
696 3860 835 3942 maclam
858 3859 1024 3937 iacientes,
1041 3859 1112 3938 sibi,
1128 3858 1222 3941 quod,
1239 3857 1390 3941 quamdiu
1414 3857 1557 3942 serviciis
1580 3857 1698 3923 domini
1724 3857 1809 3939 regis
1832 3856 1923 3921 insti·

413 3965 503 4042 terit,
526 3962 660 4042 tructus,
682 3963 828 4029 redditus
850 3969 883 4028 et
905 3967 1078 4045 proventus
1101 3981 1360 4046 quorumcunque
1382 3961 1606 4028 beneficiorum
1624 3962 1923 4039 ecclesiasticorum,
1981 4043 1983 4047 Ι

414 4087 479 4152 que
512 4087 597 4133 nunc
630 4068 753 4133 obtinet
786 4072 819 4133 et
853 4068 1058 4150 imposterum
1088 4067 1254 4146 obtinebit,
1277 4067 1379 4133 eciam
1402 4068 1429 4131 si
1452 4066 1624 4148 dignitates
1647 4066 1696 4131 vel
1732 4071 1922 4148 personatus

414 4179 474 4239 aut
496 4170 603 4238 officia
624 4174 767 4238 existant
787 4177 821 4236 et
844 4190 951 4236 curam
973 4170 1111 4237 habeant
1141 4172 1328 4250 animarum,
1363 4175 1420 4236 aut
1453 4171 1552 4235 eciam
1586 4170 1614 4235 si
1647 4170 1820 4253 dignitates
1853 4170 1923 4251 ipse

414 4278 556 4343 maiores
576 4282 651 4361 post
672 4275 884 4359 pontificalem
907 4276 940 4342 in
960 4275 1197 4342 cathedralibus
1212 4275 1293 4340 etin
1308 4275 1486 4357 collegiatis
1508 4274 1751 4356 principaliores
1774 4275 1923 4352 existant,

414 4400 488 4448 cum
511 4399 552 4447 ea
573 4381 759 4465 integritate
778 4398 879 4463 usque
895 4379 936 4445 ad
951 4380 1152 4463 septennium
1168 4380 1333 4462 percipere
1349 4378 1464 4458 valcat,
1480 4397 1550 4443 cum
1567 4396 1629 4460 qua
1644 4377 1716 4443 illos
1732 4379 1922 4460 perciperet,

414 4488 442 4552 si
466 4485 500 4551 iu
523 4484 572 4550 eis
593 4483 807 4567 personaliter
828 4484 995 4563 resideret,
1018 4484 1114 4549 etad
1136 4483 1339 4549 residendum
1355 4484 1388 4548 in
1403 4484 1451 4548 eis
1467 4487 1539 4559 etc,
1553 4482 1723 4563 dignemini
1748 4482 1922 4564 indulgere,

413 4609 478 4656 non
512 4589 670 4668 obstante,
704 4588 788 4671 quod
822 4588 854 4653 in
887 4587 967 4670 ipsis
1001 4586 1147 4653 ecclesiis
1180 4587 1314 4670 primam
1348 4592 1380 4652 et
1411 4589 1595 4650 mnsuetanr
1617 4584 1828 4651 residenciam
1862 4604 1923 4650 non

413 4693 533 4761 lecerit
561 4691 770 4773 personalem,
802 4698 859 4757 aut
888 4692 1020 4757 statutis
1050 4689 1100 4756 vel
1131 4690 1360 4756 consuetudine
1391 4690 1597 4755 ecclesiarum
1631 4690 1809 4768 contrariis
1839 4691 1924 4754 iura·

412 4798 534 4864 monus
567 4795 703 4881 [etc.],·)
738 4801 771 4861 et
803 4795 876 4862 aliis
905 4796 1193 4861 nonobstantibus
1216 4802 1249 4860 et
1271 4795 1425 4861 clausulis
1446 4795 1611 4876 oportunis
1634 4799 1666 4859 et
1689 4794 1922 4859 executoribus.

523 4936 599 5002 Fiat
619 4937 657 5003 R.
697 4937 741 5004 nt
762 4957 792 5019 q.
815 4943 839 5002 t.
863 4954 887 5000 s.
911 4955 940 5001 a.
963 4935 983 5000 l.
1022 4935 1094 5001 Fiat
1115 4935 1153 4999 R.
1191 4936 1230 5000 D.
1256 4934 1413 5000 Aninicne
1437 4933 1482 5000 XI
1505 4933 1568 4998 kal.
1592 4935 1728 5018 Augusti
1751 4953 1779 4998 a.
1803 4934 1923 5016 quinto.

522 5178 675 5234 Clementis
692 5178 731 5232 Vl
749 5177 775 5233 S.
793 5177 845 5247 Vm
864 5185 919 5244 (ll)
940 5178 958 5232 l.
977 5179 1028 5232 oc'.
1046 5206 1081 5217 -
1108 5178 1131 5244 ΙΙ)
1151 5175 1274 5231 deestis
1293 5176 1329 5244 S,
1348 5176 1437 5245 suppl.
1457 5176 1490 5231 ab
1510 5175 1622 5231 editore.
