5184 7050
431 505 609 588 aprelatis
630 512 665 573 et
687 508 758 574 aliis
788 513 934 592 personis
965 519 999 578 et
1028 515 1106 581 locis
1137 516 1365 584 ecclesiasticis
1395 524 1523 585 tuarmu
1553 521 1703 599 civitatis,
1739 522 1875 597 diocesis
1908 543 1946 589 ac

432 612 607 692 provincie,
630 612 849 679 distribuendo
880 636 935 683 eos
957 620 1206 699 racionabiliter,
1238 622 1322 688 sicut
1350 623 1410 687 tibi
1443 625 1594 707 expedire
1623 625 1793 704 videbitur,
1817 627 1945 710 exigere

429 716 555 798 tibique
577 737 636 799 pro
658 717 882 786 satisfaccione
903 721 1038 802 illorum,
1062 742 1142 807 quos
1164 724 1289 807 prelato
1313 727 1447 793 Gamoto
1470 728 1640 794 tradideris
1664 735 1697 794 et
1715 731 1939 813 assignaveris,

430 821 596 904 apphcare
617 841 779 904 procures.
813 825 880 891 Nos
910 827 994 894 enim
1024 827 1083 893 tibi
1118 830 1368 897 contradictores
1399 849 1496 915 super
1525 833 1588 898 hiis
1619 835 1810 901 anctoritate
1832 842 1942 903 nostra

427 942 677 1007 percensuram
700 926 951 995 ecclesiasticam
974 932 1192 1014 appellatione
1223 935 1405 1018 postposita
1434 938 1655 1019 compescendi
1677 938 1805 1021 plenam
1828 960 1941 1006 conce-

428 1029 537 1097 dimus
558 1037 670 1098 tenore
691 1033 892 1115 presencium
913 1034 1109 1114 facultatem,
1132 1038 1373 1119 nonobstante,
1403 1041 1431 1105 si
1461 1040 1620 1124 aliquibus
1652 1046 1860 1110 communiter
1888 1046 1939 1111 vel

428 1134 558 1200 divisim
580 1154 600 1201 a
622 1136 700 1201 sede
722 1139 898 1219 apostolica
920 1141 963 1205 sit
978 1139 1145 1222 indultum,
1161 1144 1245 1224 quod
1265 1144 1422 1224 interdici,
1438 1146 1591 1228 suspendi
1607 1146 1657 1212 vel
1674 1151 1940 1215 excommunicari

426 1257 494 1305 non
515 1241 642 1322 possint
662 1260 719 1323 per
748 1241 873 1308 litteras
902 1245 1104 1326 apostolicas,
1134 1265 1197 1312 non
1230 1247 1386 1314 facientes
1415 1249 1541 1332 plenam
1572 1257 1605 1316 et
1632 1271 1816 1335 expressam
1839 1274 1877 1320 ac
1898 1254 1940 1332 de

427 1344 528 1410 verbo
550 1345 744 1412 adverbum
767 1346 807 1411 de
828 1347 951 1415 indulto
981 1348 1161 1416 huiusmodi
1191 1351 1396 1418 mencionem.
1434 1354 1475 1421 D.
1499 1354 1655 1422 Aninione
1677 1357 1729 1423 III
1752 1377 1825 1424 non.
1847 1359 1938 1426 Juuii

426 1466 458 1513 a.
483 1449 606 1531 quinto.

532 1554 614 1619 Item
636 1553 701 1620 alia
723 1554 836 1622 similis
858 1574 887 1620 v.
911 1555 932 1621 f.
957 1605 965 1621 .
989 1606 997 1621 .
1021 1557 1259 1641 archiepiscopo
1283 1558 1476 1643 Guegneusi.
1501 1562 1540 1627 l).
1566 1567 1601 1627 ut
1623 1580 1648 1628 s.

534 1742 683 1799 Clementis
701 1743 739 1798 Vl
757 1744 788 1799 V.
809 1751 859 1798 140
877 1751 956 1812 (secr.
976 1760 999 1799 a.
1018 1745 1054 1815 V)
1072 1745 1091 1799 f.
1112 1749 1153 1800 18¹
1173 1765 1199 1820 n,
1218 1753 1249 1801 41
1270 1754 1299 1802 et
1317 1754 1359 1803 42.
1377 1780 1410 1789 -
1429 1749 1479 1803 Ed.
1498 1749 1625 1819 Theiner,
1644 1752 1704 1807 MP.
1723 1753 1780 1808 111.
1800 1759 1859 1809 642.

419 2356 518 2427 675.
543 2352 682 2421 OEcowrar
699 2377 793 2440 popu
822 2357 871 2420 VI
888 2357 976 2441 opud
1001 2355 1195 2439 Phclippum,
1225 2377 1328 2437 repom
1352 2354 1524 2435 Franciac,
1556 2377 1589 2421 se
1611 2361 1751 2438 excusat,
1779 2357 1861 2440 quod
1883 2381 1931 2440 ca,

419 2480 506 2545 qaue
535 2480 605 2524 cum
630 2460 787 2538 Jolraonc,
811 2482 882 2541 repe
905 2459 1084 2538 Bobcmioc,
1108 2463 1137 2523 ct
1163 2458 1283 2535 Catulo,
1307 2460 1487 2526 marchione
1510 2461 1686 2536 Morcvioe,
1717 2462 1754 2525 dc
1787 2460 1933 2528 dedicore

770 2565 854 2646 repis
877 2565 1090 2628 Idonrunoram
1113 2568 1230 2645 eperat,
1253 2564 1282 2628 ei
1304 2564 1455 2629 iutimare
1476 2565 1592 2628 omisit.

1443 2719 1606 2798 Aeacidae,
1628 2724 1716 2786 1346
1738 2721 1832 2788 ,lunii
1853 2725 1885 2787 3.

529 2913 563 2979 C.
587 2915 620 2979 in
643 2912 700 2980 ch.
724 2912 744 2978 f.
770 2913 927 2997 Philippo,
949 2914 1018 2998 regi
1039 2913 1174 2979 Francie
1197 2912 1323 2976 illustri.
1346 2911 1472 2977 Pridem
1496 2931 1522 2976 c.
1539 2912 1571 2977 in
1587 2911 1644 2977 Ch.
1669 2911 1690 2977 f.
1707 2931 1737 3002 11.v
1754 2913 1927 2993 ichaunae,

417 3039 477 3085 rex
500 3020 631 3085 Boemie
662 3019 805 3098 illustria,
840 3024 872 3084 et
902 3020 931 3084 d.
963 3020 984 3084 f.
1014 3019 1130 3084 nobilis
1160 3019 1207 3082 vir
1240 3015 1383 3094 Carolus,
1414 3015 1643 3098 primogenitus
1674 3034 1761 3096 suus,
1788 3017 1928 3083 marchio

418 3123 577 3203 Morauie,
600 3123 686 3206 apud
707 3124 816 3188 sedem
839 3125 1045 3204 apostolicam
1068 3122 1243 3200 constituti,
1267 3120 1358 3185 uobis
1385 3121 1542 3184 instanter
1565 3126 1597 3185 et
1619 3121 1782 3187 humiliter
1805 3123 1926 3205 suppli-

418 3233 544 3307 carunt,
567 3234 603 3293 ut
625 3229 658 3292 iu
681 3246 767 3308 casu,
791 3247 852 3310 qno
876 3230 1032 3294 electores
1054 3228 1179 3310 imperii
1194 3225 1244 3291 vel
1259 3226 1360 3290 maior
1381 3244 1457 3307 pars
1472 3225 1612 3306 ipsorum
1637 3226 1771 3291 eundem
1793 3228 1928 3292 marchi-

418 3351 512 3397 onem
536 3332 693 3415 elegerint
715 3336 746 3400 in
770 3353 876 3416 regem
899 3335 1120 3410 Romanorum,
1144 3335 1177 3397 in
1199 3333 1422 3413 imperatorem
1446 3330 1645 3412 postmodnm
1669 3333 1926 3413 promovendum,

417 3435 524 3500 eidem
546 3437 704 3519 impertiri
726 3443 869 3502 nostrum
893 3443 925 3502 et
949 3437 1083 3502 ecclesie
1106 3436 1246 3500 favorem
1277 3434 1466 3514 benivolum,
1501 3435 1584 3499 sicut
1607 3455 1626 3500 a
1648 3435 1927 3518 predecessoribus

417 3543 548 3621 nostris,
571 3541 721 3607 Romanis
744 3542 956 3624 pontificibus
980 3548 1013 3606 et
1036 3542 1172 3606 ecclesia
1205 3542 1275 3622 ipsa
1305 3541 1382 3604 viris
1413 3541 1577 3605 catholicis
1600 3545 1632 3605 et
1656 3541 1788 3621 devotis,
1813 3541 1924 3606 electis

414 3647 449 3711 in
473 3665 567 3728 reges
590 3645 810 3725 Remanomm,
835 3647 867 3711 in
890 3649 1098 3728 imperatores
1128 3645 1327 3727 postmodum
1354 3645 1592 3725 promovendos
1617 3651 1803 3710 consuetum
1825 3651 1926 3710 retro-

415 3751 501 3816 actis
523 3750 719 3833 temporibus
743 3757 794 3816 est
815 3751 894 3829 lieri,
918 3751 1131 3832 dignaremur,
1155 3750 1342 3827 adicientes,
1370 3750 1464 3830 quod,
1487 3749 1563 3814 licet
1586 3750 1647 3831 ipsi
1671 3769 1741 3814 cum
1763 3750 1926 3815 Ludouico

415 3856 459 3920 de
483 3854 631 3932 Bouaria,
658 3854 800 3920 heretico
831 3859 864 3919 et
893 3856 1072 3920 scismatico
1102 3854 1279 3933 manifesto,
1311 3855 1490 3936 potuissent
1522 3853 1639 3918 habere
1669 3858 1836 3932 tractatus
1871 3855 1924 3936 qui

414 3960 530 4025 amicis
552 3978 660 4024 eorum
684 3959 779 4025 utiles
801 3959 1000 4039 videbantur,
1016 3960 1088 4025 illus
1110 3966 1217 4025 tauren
1240 3960 1280 4024 0b
1294 3960 1440 4023 timorem
1463 3958 1603 4023 divinum
1626 3963 1659 4022 et
1682 3962 1790 4022 sancte
1812 3959 1924 4023 matris

413 4063 553 4129 ecclesie
575 4066 790 4130 reverenciam
813 4071 1013 4148 respuerunt.
1044 4065 1110 4129 Nos
1133 4065 1229 4147 igitur
1251 4069 1316 4128 tam
1340 4063 1371 4128 in
1402 4063 1588 4128 consistorio
1620 4079 1714 4144 quam
1738 4068 1828 4127 extra
1851 4082 1923 4128 cum

414 4168 572 4235 matribus
605 4170 732 4248 nostris,
763 4176 874 4234 sancte
908 4170 1048 4234 Romane
1078 4169 1212 4233 ecclesie
1243 4168 1466 4248 cardinalibus,
1498 4167 1785 4233 deliberationibus
1813 4167 1923 4234 multis

411 4273 560 4359 providis
582 4279 615 4338 et
637 4274 771 4339 maturis
793 4274 910 4339 habitis
933 4274 1145 4353 attendentes,
1176 4272 1270 4355 quod,
1301 4291 1491 4355 quamquam
1517 4290 1575 4338 uos
1597 4270 1793 4336 ferventibus
1816 4277 1850 4335 ct
1873 4291 1923 4337 ar·

411 4378 565 4444 dentibus
595 4378 764 4443 desideriis
794 4377 1046 4443 affectaverimus
1085 4378 1323 4443 conversionem
1360 4377 1436 4442 dicti
1470 4376 1624 4442 Ludouici
1659 4376 1856 4441 salutiferam
1891 4381 1924 4443 et

409 4482 637 4549 reduccionem
661 4483 702 4548 ad
725 4483 868 4549 eiusdem
891 4483 1026 4548 ecclesie
1050 4484 1162 4563 sinum,
1185 4488 1277 4548 extra
1301 4499 1394 4564 quem
1417 4501 1479 4547 non
1502 4487 1552 4546 est
1575 4480 1671 4546 alicui
1690 4480 1797 4563 gracia
1814 4500 1922 4563 neque

410 4587 513 4668 salus,
536 4594 570 4653 et
591 4587 814 4653 nichilominus
836 4589 911 4667 tuiS,
928 4587 973 4652 fili
996 4589 1168 4668 carissime,
1185 4608 1242 4670 pro
1264 4586 1618 4669 reduccionepredicta
1640 4585 1730 4652 nobis
1750 4583 1922 4653 affectuose

406 4711 490 4775 sepe
511 4693 667 4775 porrectis
690 4694 837 4775 precibus
861 4693 1013 4772 inchoati,
1037 4692 1172 4758 eundem
1206 4692 1403 4757 Lndouicnm
1434 4691 1708 4774 expectaverimus
1739 4690 1864 4756 diucius
1885 4696 1921 4757 et

407 4796 453 4864 ad
475 4801 635 4863 uadatus
657 4816 754 4880 super
776 4799 838 4864 hiis
862 4798 1045 4863 duxerimus
1060 4797 1279 4863 favorabiliter
1294 4796 1534 4875 admittendum,
1551 4797 1621 4879 ipse
1642 4800 1750 4861 tamen
1772 4798 1920 4877 repertus

405 4903 521 4969 rarius
543 4907 578 4968 et
599 4903 782 4969 inconstans
804 4904 894 4968 uobis
918 4908 950 4967 et
972 4901 1108 4967 ecclesie
1131 4902 1224 4966 immo
1247 4902 1358 4984 pocius
1381 4900 1509 4967 sibimet
1538 4899 1674 4965 illudere
1696 4918 1758 4964 uon
1781 4900 1919 4981 expavit,

405 5005 510 5074 nichil
533 5006 573 5071 ‹le
596 5007 668 5087 hiis,
692 5027 753 5090 qne
777 5027 847 5072 cnm
883 5007 1138 5089 procuratoribus
1161 5007 1228 5072 suis
1251 5006 1321 5071 eius
1343 5005 1468 5070 nomine
1499 5009 1636 5071 tractata
1666 5003 1794 5069 fuerant
1816 5004 1920 5069 solen-

402 5112 503 5189 niter,
525 5110 732 5190 attendendo,
749 5111 805 5176 sed
821 5111 862 5176 ad
878 5109 987 5191 peiora
1002 5115 1153 5193 tauquam
1167 5110 1386 5191 venumdatus,
1394 5111 1420 5193 ⁸)
1444 5116 1480 5175 ut
1497 5109 1615 5175 malum
1633 5109 1741 5188 faciat,
1756 5126 1792 5173 se
1808 5114 1918 5175 conus

405 5215 580 5283 ecclesiam
600 5220 634 5281 et
648 5214 742 5281 fidem
766 5215 953 5281 catholicam
975 5215 1216 5299 [rebellavit],l)
1238 5215 1376 5281 tenendo
1393 5215 1508 5281 inanis
1531 5215 1679 5280 comitiva
1700 5218 1734 5278 et
1757 5214 1918 5278 consorcio

1780 5338 1813 5387 se
