5184 7050
542 822 608 890 446

543 1029 730 1097 curaciones
753 1027 933 1094 huiusmodi
956 1045 1109 1091 summam
1131 1027 1263 1109 triginta
1284 1026 1514 1091 Turonensium
1539 1025 1662 1109 argenti
1684 1043 1743 1106 pro
1767 1023 1821 1088 die
1836 1022 1976 1105 qualibet
1989 1041 2037 1087 non

545 1133 710 1213 excedant,
734 1151 797 1198 non
820 1132 1021 1198 obstantibus
1045 1131 1337 1209 constitucionibus,
1361 1150 1380 1195 a
1402 1129 1424 1194 i.
1447 1151 1473 1194 r.
1498 1129 1681 1195 Innocentio
1703 1128 1772 1193 IIII
1795 1134 1830 1192 et
1851 1126 2038 1211 Gregorioll

544 1244 578 1305 et
600 1236 797 1321 quibuslibet
820 1236 892 1302 aliis
916 1235 1066 1300 Romanis
1088 1233 1302 1318 pontificibus,
1325 1234 1606 1318 predecessoribus
1637 1232 1763 1312 nostris,
1796 1232 1828 1297 in
1862 1232 2040 1297 contrarium

544 1342 649 1423 editis,
685 1362 723 1408 ao
755 1340 932 1425 privilegiis
966 1345 998 1404 et
1032 1339 1241 1423 indulgenciis
1276 1337 1461 1422 apostolicis
1495 1338 1746 1422 quibuscunque,
1784 1335 1978 1420 specialibus
2002 1335 2040 1400 rel

549 1445 759 1531 generalibus
783 1445 822 1511 de
846 1445 961 1527 quibus
984 1463 1181 1527 quorumque
1203 1444 1280 1509 totis
1303 1444 1467 1510 tenoribus
1490 1443 1530 1510 de
1552 1444 1650 1508 verbo
1672 1441 1713 1508 cd
1735 1441 1870 1507 verbum
1892 1441 1925 1507 in
1940 1441 2041 1507 nostris

548 1551 664 1617 litteris
687 1548 858 1633 specialem
882 1552 1028 1633 oporteat
1050 1547 1119 1613 lieri
1141 1549 1346 1627 mencionem,
1371 1553 1404 1613 et
1424 1566 1483 1632 per
1506 1566 1568 1630 que
1590 1547 1794 1630 presentibus
1816 1564 1881 1612 non
1908 1563 2042 1629 expressa

549 1656 601 1721 vel
623 1656 768 1722 totaliter
789 1673 852 1720 non
875 1655 995 1719 inserta
1016 1652 1148 1718 effectus
1170 1652 1351 1718 huiusmodi
1374 1653 1480 1735 gracie
1502 1651 1650 1735 impediri
1683 1650 1792 1716 valeat
1820 1648 2043 1734 quomodolibet

546 1759 598 1826 rel
620 1760 750 1837 differri,
774 1758 964 1824 auctoritate
986 1757 1046 1822 tibi
1069 1757 1268 1839 presencium
1291 1756 1501 1839 indulgemus.
1547 1755 1635 1821 Nulli
1666 1774 1741 1838 ergo
1764 1761 1827 1820 etc.
1850 1760 1962 1820 nostre
1984 1772 2042 1818 con·

547 1865 700 1932 cessionis
723 1863 895 1945 infringere
918 1868 977 1927 etc.
1002 1862 1042 1926 D.
1066 1861 1224 1927 Auinione
1247 1861 1290 1926 id.
1314 1860 1502 1927 Novembris
1526 1880 1554 1926 a.
1579 1862 1698 1942 quinto.

652 2004 733 2069 Item
763 2021 790 2067 e.
822 2021 862 2066 m.
890 2002 941 2066 dd.
966 2001 997 2067 a.
1015 2050 1047 2065 ..
1070 1998 1179 2065 abbati
1214 1997 1483 2065 claromontensis
1517 2005 1604 2064 et..
1629 1999 1800 2083 Progensis
1831 2017 1871 2063 ac
1895 2047 1928 2062 ..
1952 1997 2042 2062 sancti

544 2107 631 2172 Petri
665 2105 930 2189 Wicegradensis,
964 2105 1134 2187 Prageusis
1172 2103 1318 2183 diocesis,
1357 2103 1486 2169 decanis
1520 2104 1726 2169 ecclesiarum
1761 2121 1786 2167 s.
1818 2108 1882 2168 etc.
1929 2104 2042 2182 Quanto

547 2212 578 2276 d.
601 2210 622 2275 f.
647 2229 676 2274 u.
700 2210 815 2290 Guido,
839 2209 925 2275 tituli
949 2216 1058 2275 sancte
1082 2207 1201 2274 Cecilie
1223 2208 1392 2291 presbyter
1414 2208 1594 2290 cardinalis,
1619 2215 1677 2274 etc.
1702 2226 1805 2291 usque
1832 2208 1983 2272 duximus
2011 2207 2046 2271 in·

552 2314 753 2398 dulgendum.
778 2316 935 2394 Quocirca
958 2314 1145 2379 discrecioni
1168 2319 1274 2378 vestre
1290 2331 1349 2397 per
1363 2313 1538 2395 apostolica
1553 2315 1674 2397 scripta
1688 2313 1888 2393 urendamus,
1905 2318 2048 2395 quatenus

548 2439 605 2485 ros
628 2418 678 2484 vel
702 2420 765 2486 duo
788 2423 844 2485 aut
866 2438 948 2485 unus
971 2423 1110 2483 uestrum
1133 2437 1192 2502 per
1214 2436 1271 2483 uos
1293 2416 1344 2482 vel
1367 2417 1463 2482 alium
1486 2436 1544 2482 seu
1567 2416 1647 2483 alios
1669 2418 1834 2499 iacietis·)
1869 2415 2047 2483 auctoritate

549 2529 659 2590 nostra
681 2523 861 2590 huiusmodi
885 2542 1052 2606 personam
1074 2542 1131 2588 seu
1153 2542 1317 2606 personas,
1341 2541 1434 2606 quam
1457 2522 1508 2587 vel
1532 2540 1612 2605 quas
1635 2522 1718 2587 idem
1742 2522 1917 2588 cardinalis
1933 2523 2048 2604 adpre

549 2628 680 2693 missum
702 2627 899 2693 visitacionis
922 2625 1061 2693 officium
1084 2627 1211 2693 duxerit
1233 2633 1270 2693 ut
1292 2628 1489 2710 premittitur
1511 2626 1726 2710 deputandam
1748 2645 1807 2693 seu
1837 2628 1942 2693 eciam
1964 2626 2049 2709 depu-

549 2732 675 2812 tandas,
691 2732 732 2797 ad
752 2731 831 2798 illud
855 2731 982 2796 admitti
1001 2732 1149 2815 dictoque
1165 2731 1319 2797 cardinali
1335 2730 1385 2796 vel
1400 2732 1598 2814 procuratori
1613 2750 1670 2797 suo
1686 2751 1744 2815 pro
1760 2750 1798 2796 eo
1812 2733 2049 2814 procuracioncs

548 2837 709 2920 predictas
732 2839 824 2902 iuxta
845 2836 1024 2901 huiusmodi
1049 2837 1262 2902 concessionis
1285 2842 1394 2901 nostre
1416 2841 1559 2901 tenorem
1585 2855 1643 2919 per
1672 2835 1776 2901 dictos
1804 2855 1909 2903 annos
1939 2837 2048 2921 integre

547 2941 732 3021 ministrari,
755 2960 816 3008 non
839 2941 1040 3006 obstantibus
1062 2941 1207 3006 omnibus
1230 2939 1434 3022 supradictis,
1459 2946 1515 3005 aut
1538 2941 1566 3004 si
1589 2939 1749 3022 aliquibus
1777 2940 1990 3006 communiter
2009 2939 2047 3005 vel

551 3046 677 3112 divisim
694 3066 714 3111 a
729 3046 806 3112 sede
821 3045 997 3129 apostolica
1013 3047 1054 3111 sit
1070 3045 1235 3123 indultum,
1260 3044 1344 3127 quod
1368 3045 1524 3124 interdici,
1547 3045 1700 3127 suspendi
1721 3043 1772 3109 vel
1796 3044 2048 3110 excommunicari

548 3169 610 3215 non
644 3152 768 3233 possint
801 3170 859 3233 per
892 3151 1018 3216 litteras
1048 3149 1250 3233 apostolicas,
1274 3168 1337 3214 non
1368 3149 1522 3215 iacientes
1545 3148 1670 3232 plenam
1693 3156 1727 3215 et
1749 3168 1938 3231 expressam
1961 3169 1997 3215 ac
2017 3148 2046 3213 de

551 3255 647 3321 verbo
670 3256 711 3321 ad
734 3256 865 3320 uerbum
888 3254 928 3320 de
951 3253 1074 3320 indulto
1097 3254 1277 3319 huiusmodi
1300 3253 1505 3332 mencionem,
1528 3255 1777 3320 conuenientes
1800 3272 1861 3336 per
1895 3273 2044 3320 censuram

552 3359 802 3426 ecclesiasticam
825 3365 885 3425 etc.
931 3359 970 3424 D.
995 3365 1031 3425 ut
1053 3378 1077 3425 s.
1102 3363 1163 3424 etc.

658 3575 806 3631 Clementis
825 3577 863 3630 VI
881 3578 913 3631 A.
934 3576 985 3646 Vll
1005 3579 1061 3646 (88)
1080 3576 1098 3629 i.
1118 3580 1176 3641 otc,
1201 3573 1236 3628 de
1260 3574 1401 3630 beneficiis
1420 3572 1591 3629 dominorum
1608 3573 1788 3630 cardinalium
1807 3581 1837 3630 et
1855 3576 1970 3632 aliarum
1986 3576 2040 3630 litte·

551 3679 645 3718 rarum
663 3680 709 3733 qu.
729 3670 742 3716 1
763 3669 791 3718 et
808 3663 906 3718 unicus
918 3663 994 3717 :V.
1014 3668 1062 3716 lli
1081 3662 1100 3716 l.
1119 3664 1162 3716 33¹
1181 3677 1208 3715 m
1228 3669 1267 3714 12.
1287 3691 1321 3701 -
1348 3663 1371 3728 ⁸)
1391 3661 1480 3731 suppl.
1501 3678 1594 3731 supra

1201 3926 1406 3934 ——-——

556 4258 645 4323 742.
670 4253 813 4335 Curuios,
836 4275 893 4319 reu
916 4255 1140 4334 Rorrrmmm,
1156 4254 1326 4338 suepplicut,
1341 4258 1496 4336 quatenos·
1511 4253 1654 4321 Jotuaot
1667 4252 1827 4335 quosdam
1842 4250 1994 4321 Jotaoas
2011 4246 2039 4311 de

553 4359 733 4438 Kumeor'cs,
759 4359 907 4424 cursour'co
931 4359 1097 4440 Prageasi,
1120 4359 1158 4423 dc
1175 4359 1359 4442 praebenda
1384 4359 1497 4423 ibidem
1519 4361 1662 4435 uacasse,
1686 4361 1716 4422 et
1737 4357 1883 4425 Jotanat
1904 4354 2039 4440 quosdam

556 4463 706 4528 Tussoais
730 4464 768 4528 dc
793 4464 910 4528 Tussoo
933 4463 971 4527 dc
993 4464 1180 4528 curiossimtu
1203 4468 1234 4528 et
1249 4463 1433 4548 praebenda
1459 4464 1493 4527 ia
1514 4461 1644 4528 ecclesio
1663 4458 2039 4527 disseminarentur

1195 4567 1416 4652 provideatur.

1460 4671 1623 4750 Acioioac,
1647 4672 1732 4736 1346
1755 4670 1944 4737 Novembris
1964 4670 2008 4736 21.

659 4889 826 4972 Supplicat
849 4891 880 4956 S.
904 4890 941 4955 V.
965 4890 1098 4955 devotus
1121 4891 1142 4956 l.
1159 4911 1188 4956 r.
1211 4891 1358 4966 Karalus,
1381 4910 1436 4955 res
1460 4890 1670 4954 Romanorum
1693 4894 1727 4953 et
1748 4906 1875 4971 semper
1898 4893 2045 4971 augustus,

555 5000 713 5075 quatenus
747 4994 808 5059 sibi
841 4996 873 5058 in
905 5013 1071 5076 personam
1095 4994 1202 5060 dilecti
1226 4994 1393 5061 lauriliaris
1416 5000 1450 5058 ct
1472 4994 1636 5059 secretarii
1659 4994 1709 5058 aui
1731 4992 1898 5074 iohannis,
1922 4989 2047 5060 oenomai

554 5098 732 5181 ngensis,
766 5100 832 5163 nati
866 5098 1023 5180 quondam
1056 5098 1211 5164 iohannis
1245 5102 1322 5166 dieti
1357 5100 1397 5164 de
1432 5099 1573 5164 liormiez
1603 5099 1692 5180 (sic),
1724 5097 1895 5181 specialem
1926 5097 2047 5183 graciam

554 5201 719 5281 iacientes,
753 5203 856 5267 eidem
890 5201 1029 5268 iohanni
1059 5204 1099 5268 de
1130 5205 1289 5286 prebenda
1319 5205 1352 5269 in
1382 5204 1519 5269 ecclesie
1553 5204 1702 5286 Pragensi
1735 5222 1818 5269 nunc
1852 5210 1984 5269 vacante
2004 5219 2050 5285 per

555 5307 839 5385 renunciacionem,
856 5308 888 5371 in
910 5307 1055 5372 manibus
1078 5306 1108 5373 S.
1132 5308 1169 5372 V.
1193 5307 1309 5375 iactam
1331 5328 1390 5392 per
1411 5308 1711 5374 reverendissimum
1734 5309 1766 5373 in
1790 5307 1919 5375 Christo
1941 5314 2051 5393 pauca

555 5411 716 5478 dominum
738 5411 926 5477 Guidonem.
950 5411 1037 5476 tituli
1059 5418 1169 5476 sancte
1193 5412 1313 5479 Cecilie
1335 5415 1555 5496 presbiterum
1579 5412 1780 5492 cardinalem,
1803 5412 1845 5478 de
1866 5414 2052 5498 benignitate

556 5514 651 5581 solita
684 5515 855 5599 dignemini
890 5517 1068 5598 providere,
1099 5536 1160 5581 uon
1195 5519 1353 5599 obstante,
1388 5519 1472 5602 quod
1505 5519 1588 5583 idem
1610 5516 1774 5583 iohannes
1807 5520 2052 5602 praeposituram

559 5620 708 5686 Omnium
733 5620 919 5686 Sanctormu
949 5622 981 5686 in
1013 5627 1116 5687 rastro
1146 5622 1299 5705 Pragerrsi
1322 5644 1443 5690 necnon
1474 5625 1505 5687 in
1528 5621 1786 5687 Wratislauiensi
1808 5629 1842 5689 et
1864 5623 2053 5700 Mclnicensi,

559 5723 729 5806 Pragensis
752 5725 898 5805 diocesis,
922 5745 992 5791 cum
1024 5726 1194 5808 prebendis
1224 5735 1255 5791 et
1286 5730 1318 5794 in
1349 5729 1493 5811 predicta
1518 5726 1670 5809 Pragensi
1691 5726 1840 5794 ecclesiis
1860 5729 2056 5795 canonicatus
