5184 7050
1991 867 2053 935 bb'l

540 1079 613 1144 sula
636 1078 788 1144 anteferri
822 1083 854 1143 et
886 1097 957 1143 cum
989 1078 1104 1142 ceteris
1135 1097 1198 1142 non
1227 1077 1429 1142 obstantibus
1453 1076 1613 1143 consuetis
1644 1081 1677 1139 et
1708 1073 1859 1141 clausulis
1890 1076 2055 1157 oportunis

544 1204 584 1250 ac
608 1183 840 1248 executoribus

648 1288 722 1352 Fiat
744 1288 780 1352 R.

648 1393 730 1457 ltcrrr
753 1390 914 1472 supplicat
937 1390 1040 1454 eidem
1065 1391 1096 1456 S.
1112 1390 1254 1455 lacobus
1277 1390 1458 1472 Augustini,
1475 1389 1679 1470 canonicus⁸)
1703 1388 1838 1453 ecclesie
1864 1387 2054 1470 Opoliensis,

543 1496 820 1561 Wratislauiensis
843 1495 989 1573 diocesia,
1007 1501 1164 1576 quatenus
1181 1495 1242 1559 sibi
1257 1495 1436 1559 uberiorem
1459 1495 1597 1577 graciam
1620 1492 1783 1571 faciuntea,
1801 1492 1841 1557 de
1866 1492 2053 1558 canonicatu

544 1600 680 1664 ecclesie
703 1601 978 1665 ll'ratislauiensis
1002 1600 1173 1682 dignemini
1196 1598 1300 1663 cidem
1324 1598 1499 1680 providere,
1523 1597 1715 1681 prebendam
1739 1615 1825 1676 vero,
1850 1598 1877 1661 si
1893 1598 1925 1664 in
1941 1597 2052 1662 eadem

544 1705 682 1769 ecclesia
706 1709 799 1769 ararat
828 1705 868 1768 ad
892 1722 1034 1786 presens,
1065 1702 1115 1766 vel
1147 1721 1217 1768 cum
1240 1704 1402 1769 vacaverit
1424 1702 1584 1787 lprorrime,
1615 1706 1811 1784 spectantem
1842 1701 1883 1765 ad
1914 1702 2054 1783 episcopi

543 1809 831 1888 Wratislauiensis,
856 1810 908 1890 qui
941 1814 990 1872 ost
1025 1827 1082 1890 pro
1113 1814 1267 1889 tempore,
1300 1807 1504 1872 collacionem
1536 1824 1593 1872 seu
1622 1806 1834 1890 provisionem
1869 1809 1925 1868 aut
1959 1804 2053 1869 aliam

544 1913 789 1994 disposicionem
809 1930 1041 1994 quamcunque,
1058 1909 1316 1984 conferendaml’r
1342 1912 1401 1993 ipsi
1422 1912 1543 1977 Jacobo
1568 1930 1638 1975 cum
1662 1910 1784 1973 iuribus
1800 1913 1833 1975 et
1847 1909 2055 1991 pertinenciis

546 2018 613 2081 suis
638 2017 802 2081 donacioni
826 2017 1000 2099 apostolice
1024 2021 1235 2095 reservantes
1267 2035 1339 2081 cum
1369 2016 1601 2098 acceptacione,
1632 2014 1833 2092 inhibicione,
1869 2012 1997 2077 decreto
2019 2018 2054 2077 et

545 2120 688 2185 clausula
712 2122 872 2199 anteferri,
896 2122 1140 2200 nonobstante,
1172 2121 1256 2201 quod
1279 2121 1364 2185 idern
1393 2120 1535 2186 Jacobus
1562 2121 1782 2184 canonicatum
1805 2124 1839 2182 et
1861 2117 2054 2200 prebendam

545 2227 577 2290 irr
608 2225 693 2290 (licta
723 2225 861 2290 ecclesia
891 2225 1055 2308 Opoliensi
1086 2226 1229 2290 noscitur
1263 2226 1405 2290 obtinere
1440 2243 1562 2289 necnon
1595 2242 1653 2306 pro
1693 2223 1828 2288 ecclesia
1862 2221 2053 2303 parrochiali

547 2331 579 2393 in
604 2329 756 2408 Ossecno,
781 2330 865 2393 dicte
888 2330 1161 2395 Wratislauicnsis
1185 2329 1331 2408 diocesis,
1348 2331 1380 2394 in
1403 2329 1547 2412 partibus
1570 2328 1658 2393 litem
1681 2328 1787 2407 habet,
1804 2333 1837 2392 ot
1853 2346 1924 2391 cum
1939 2326 2054 2390 ceteris

547 2453 610 2498 non
633 2436 836 2500 obstantibus
859 2440 891 2499 et
915 2435 1067 2500 clausulis
1091 2436 1255 2517 oportunis
1278 2454 1316 2500 ac
1339 2435 1571 2499 executoribus

652 2540 724 2603 Fiat
746 2540 782 2603 R.

652 2645 695 2709 Et
726 2644 886 2725 supplicat
921 2645 1025 2709 dictus
1063 2647 1241 2728 episcopus,
1275 2649 1434 2727 quatenus
1468 2645 1613 2725 personis
1646 2640 1825 2706 huiusmodi
1860 2640 2054 2718 absentibus,

549 2748 665 2829 quibus
688 2754 819 2829 propter
842 2748 969 2829 longam
992 2749 1179 2814 distarrciam
1204 2755 1236 2816 et
1252 2749 1373 2814 viarum
1396 2749 1579 2813 discrimina
1602 2748 1695 2811 nimis
1718 2745 1931 2827 periculosum
1947 2749 1980 2809 et
1996 2744 2055 2808 dil-

548 2850 632 2917 ficile
656 2858 742 2915 esset
766 2871 823 2933 pro
847 2853 991 2917 examine
1014 2854 1122 2917 sedem
1146 2854 1352 2936 apostolicam
1375 2854 1517 2931 visitare,
1541 2871 1671 2918 examen
1692 2851 1794 2933 ipsum
1817 2848 1981 2912 remittere
2003 2846 2054 2914 vel

548 2957 582 3020 in
605 2956 751 3038 partibus
774 2958 970 3020 committere
994 2957 1166 3038 dignemini
1190 2957 1229 3023 de
1252 2960 1360 3039 gracia
1384 2957 1525 3039 speciali.

652 3060 727 3124 Fiat
750 3061 787 3126 R.
810 3062 853 3126 Et
877 3080 906 3142 q.
931 3066 954 3129 t.
979 3082 1004 3126 s.
1029 3081 1056 3127 a.
1080 3063 1100 3127 l.
1125 3062 1198 3128 Fiat
1219 3062 1257 3127 R.
1285 3062 1324 3126 D.
1349 3061 1506 3125 huinioue
1528 3058 1573 3125 Vl
1597 3060 1638 3124 id.
1663 3058 1812 3124 Octobris
1836 3076 1864 3122 a.
1889 3061 2010 3121 octavo.

650 3215 799 3269 Clementis
823 3214 862 3268 VI
887 3216 913 3268 S.
939 3216 1030 3285 Vlllsl
1058 3222 1113 3282 (18)
1137 3217 1155 3270 t.
1180 3222 1222 3269 45.
1251 3246 1284 3255 -
1311 3216 1334 3282 Ι)
1357 3216 1519 3283 ,canonicas‘
1547 3214 1573 3270 S.
1602 3217 1624 3281 ΙΙ)
1644 3214 1670 3268 S.
1695 3213 1795 3268 habet:
1821 3217 2001 3282 ,spectantem
2020 3209 2055 3264 ad

546 3302 670 3372 episcopi
696 3302 944 3370 Wratislauiensis,
971 3304 1018 3372 qui
1045 3310 1089 3357 est
1112 3320 1163 3372 pro
1187 3311 1322 3372 tempore,
1347 3304 1531 3372 pertinentem
1557 3317 1606 3356 seu
1631 3301 1774 3371 pertinens
1799 3301 1834 3355 ad
1855 3296 2056 3367 archiepiscopi

545 3390 719 3444 Gneznensis
738 3389 916 3444 collacionem
936 3407 985 3444 sen
1003 3391 1189 3458 provisionem
1208 3397 1255 3445 aut
1273 3390 1357 3444 aliam
1375 3390 1589 3460 disposicionem
1614 3403 1804 3458 quamcunque
1829 3386 1909 3441 simul
1933 3385 1978 3439 rel
1996 3399 2054 3440 suc·

546 3478 651 3533 cessive
671 3478 853 3533 conterendas
872 3495 922 3534 seu
940 3478 1115 3535 conserenda‘
1135 3479 1239 3550 (aicll);
1258 3495 1327 3534 corr.
1348 3479 1383 3535 ab
1402 3477 1508 3534 editore
1520 3485 1550 3533 ut
1562 3492 1654 3548 supra.
1673 3475 1743 3531 vide
1762 3476 1869 3533 litteras
1887 3489 1938 3543 pro
1958 3471 2055 3527 eodem

548 3565 654 3619 Jacobo
673 3565 829 3635 Augustini,
849 3583 874 3620 n.
895 3573 970 3622 1113.

1199 3710 1406 3719 ———-

546 3930 669 3998 1173.
700 3929 818 3996 Jacobo
850 3928 1024 4011 Augustini
1048 3932 1235 4015 providetur
1264 3932 1302 3996 cie
1331 3932 1521 3996 canonicatu
1542 3929 1690 3995 ecclcsiae
1720 3928 1978 3994 ibatisIauiensis
1999 3927 2057 3994 sub

548 4034 764 4118 expectatione
781 4036 993 4118 praebendae,
1010 4057 1072 4100 raon
1094 4036 1236 4101 obstante
1257 4041 1293 4099 ut
1316 4035 1351 4100 in
1372 4058 1402 4101 n.
1429 4038 1522 4101 1172.
1546 4037 1598 4111 ,D.
1616 4033 1773 4098 Auinrbne
1796 4033 1894 4098 vlia.
1913 4032 2056 4098 Octobris

548 4162 579 4205 a.
604 4144 733 4203 cauco!
756 4178 799 4186 —
823 4142 863 4204 In
884 4164 908 4205 c.
933 4162 973 4204 nr.
998 4142 1114 4206 ciccano
1137 4146 1167 4205 et
1189 4139 1375 4205 scholastico
1408 4138 1664 4204 Vratr'slavienais
1687 4150 1726 4203 ac
1748 4138 1905 4204 sacristae
1927 4137 2057 4204 Aninio·

671 4258 678 4331 1
952 4245 1058 4310 marsis
1081 4244 1292 4309 consciarum.
1317 4246 1433 4309 Forma
1455 4248 1491 4307 ut
1512 4245 1548 4308 in
1568 4265 1599 4308 n.
1622 4246 1653 4310 6.

595 4414 638 4469 ,Χ
663 4414 705 4469 Χ.
1499 4382 1662 4463 Acinione,
1685 4385 1771 4449 1349
1796 4382 1938 4448 Octobris
1962 4383 2012 4449 10.

658 4520 806 4576 Clementis
816 4521 854 4577 VI
868 4523 900 4575 A.
912 4521 1005 4589 Vlllls
1019 4526 1091 4591 (109)
1106 4523 1124 4577 t.
1137 4525 1207 4590 407',
1220 4521 1254 4577 de
1264 4523 1427 4577 canonicatu
1441 4524 1492 4577 sub
1506 4520 1698 4591 expectatione
1709 4519 1885 4590 praebendae
1898 4537 1944 4588 qu.
1956 4525 1971 4576 2
1981 4537 2015 4575 ε
2025 4519 2057 4572 V.

549 4612 600 4660 194
619 4605 637 4659 f.
659 4609 702 4661 31¹
721 4624 748 4661 n.
767 4614 808 4661 62.
827 4639 860 4647 -
880 4608 945 4676 Reg.
965 4610 993 4663 in
1012 4609 1119 4664 ZVGA.
1139 4609 1296 4664 Schlesiens
1316 4609 1401 4678 XXV,
1420 4615 1478 4663 191.

1200 4805 1407 4814 —.---—

546 4975 670 5042 1174.
695 4974 876 5059 Stephanus
902 4978 1078 5042 Hermannr'
1100 4977 1138 5041 cie
1161 4975 1379 5041 Reicbenbach
1408 4975 1578 5057 supplicat,
1609 4981 1645 5039 ut
1675 4976 1736 5041 sibi
1758 4981 1788 5040 et
1809 4997 1865 5041 sea
1890 4975 1965 5040 aitis
1982 4997 2057 5058 per-

548 5078 648 5157 sonis,
682 5100 764 5163 guas
797 5080 924 5145 ducent
957 5081 1129 5162 eligendas,
1158 5080 1308 5161 facultas
1340 5080 1409 5144 ioca
1444 5080 1553 5145 deuota
1587 5081 1810 5146 transmarina
1841 5080 1997 5145 visitandi
2029 5085 2059 5145 ct

875 5185 1029 5250 absolutio
1046 5186 1146 5269 plena
1170 5185 1204 5249 in
1226 5185 1337 5248 mortis
1361 5184 1495 5248 articulo
1518 5185 1736 5250 concedantur.

1501 5323 1774 5397 Auinionc,1349
1799 5324 1941 5389 Octobris
1966 5327 2015 5390 11.

655 5462 823 5544 Supplicat
845 5464 876 5530 S.
900 5464 937 5530 V.
962 5464 1095 5530 devotus
1121 5466 1143 5531 l.
1167 5485 1195 5529 v.
1220 5464 1411 5547 Stephanus,
1442 5468 1538 5528 natus
1568 5463 1743 5528 Hermanni
1774 5463 1814 5528 dc
1843 5461 2060 5541 Richimbach,

543 5566 672 5645 militis,
696 5565 1081 5635 laicusWratislauiensis
1104 5571 1251 5647 diocesis,
1275 5574 1431 5651 quatenus
1456 5569 1517 5632 sibi
1537 5567 1708 5650 specialem
1730 5569 1871 5650 graciam
1894 5568 2058 5646 facientes,

543 5670 654 5736 adem
678 5669 850 5754 Stephano,
867 5680 902 5741 ut
918 5694 988 5740 curn
1012 5692 1067 5738 serr
1090 5675 1164 5741 aliis
1187 5674 1282 5740 sociis
1305 5692 1362 5738 seu
1386 5674 1539 5753 personis,
1558 5692 1636 5755 quos
1653 5679 1685 5736 et
1700 5691 1781 5753 quas
1805 5674 1837 5737 irr
1860 5691 1918 5737 sua
1935 5673 2061 5737 (luxerit

542 5774 698 5849 comitiva
718 5782 753 5844 et
775 5778 817 5848 cd
838 5779 898 5850 boc
921 5780 1064 5864 elegerit,
1095 5798 1192 5845 causa
1223 5779 1403 5845 devocionis
1435 5777 1573 5859 sepulcri
1604 5777 1753 5843 dominici
1785 5776 2058 5843 iherosolimitani
