5184 7050
1847 819 1913 899 54³

403 1031 524 1112 gensis,
559 1050 616 1113 per
650 1031 818 1112 primarias
852 1048 963 1111 preces
998 1029 1138 1094 eiusdem
1173 1028 1314 1112 episcopi
1349 1029 1566 1092 canonicatum
1598 1032 1631 1091 et
1664 1029 1858 1110 prebendam
1882 1029 1915 1093 in

404 1135 545 1200 ecclesia
568 1136 669 1200 sancti
693 1135 857 1216 Stephani,
882 1137 935 1216 qui
959 1136 1033 1201 olim
1057 1155 1114 1216 per
1137 1141 1268 1199 mortem
1288 1134 1419 1198 Henrici
1436 1133 1512 1198 dicti
1529 1134 1613 1211 Quot
1629 1133 1661 1197 in
1677 1132 1764 1198 dicta
1778 1133 1915 1199 ecclesia

403 1244 610 1316 vacaverunt,
627 1240 735 1303 ext'tit
750 1243 926 1318 assecutus,
944 1240 1000 1304 sed
1016 1241 1175 1321 quondam
1192 1238 1350 1304 ilenricus
1366 1237 1470 1303 dictus
1486 1236 1595 1320 Vogel,
1613 1238 1789 1319 presbyter,
1813 1237 1915 1304 dictus

404 1345 627 1408 canonicatum
643 1347 676 1406 et
690 1343 884 1425 prebendam
900 1343 1070 1428 [vigore]⁸)
1094 1343 1292 1424 quarundam
1308 1343 1487 1408 litterarum
1504 1341 1750 1424 apostolicarum
1767 1341 1798 1405 in
1816 1340 1916 1407 forma

404 1448 564 1513 communi
589 1452 813 1529 acceptaverat
835 1453 868 1512 et
891 1467 962 1512 cum
986 1448 1070 1512 dicto
1094 1447 1241 1513 tietfrido
1264 1449 1296 1511 in
1320 1446 1462 1511 Romana
1492 1448 1581 1511 curia
1610 1447 1756 1528 litigabat
1779 1450 1812 1510 et
1835 1445 1914 1510 duas

406 1572 465 1635 pro
490 1573 525 1617 se
548 1553 728 1616 sentencias
751 1557 982 1635 reportaverat,
1006 1550 1125 1635 [quim
1148 1553 1181 1616 in
1204 1551 1317 1615 eadem
1340 1552 1428 1615 curia
1451 1571 1552 1632 nuper
1575 1551 1658 1616 diem
1685 1569 1776 1615 aarum
1800 1551 1916 1615 clausit

405 1665 595 1735 extremum,
619 1677 716 1721 causa
739 1658 882 1738 predicta
904 1659 967 1722 ista
990 1658 1022 1720 in
1044 1658 1147 1722 tercia
1169 1657 1326 1722 instancia
1348 1660 1414 1719 tum
1439 1654 1605 1736 pendente.
1631 1656 1736 1734 Quare
1753 1654 1913 1737 supplicat

405 1761 491 1825 idem
516 1782 581 1836 rex,
605 1762 790 1845 [quatenus]
805 1765 829 1831 ο)
853 1762 915 1825 sibi
932 1763 963 1826 in
979 1781 1116 1844 persona
1132 1761 1207 1826 dicti
1228 1759 1367 1825 (malr-idi
1391 1760 1562 1841 specialem
1585 1760 1725 1842 graciam
1749 1759 1914 1837 facientes
1983 1817 1986 1824 .

406 1868 436 1931 ei
462 1867 503 1929 de
526 1867 621 1930 dictis
652 1867 839 1931 canonicatu
872 1871 904 1930 et
935 1866 1106 1948 prebenda,
1139 1885 1218 1947 qrros
1244 1865 1398 1947 possidet,
1430 1863 1601 1942 dignemini
1626 1864 1817 1927 auctoritate
1841 1882 1916 1944 apo·

407 1971 526 2035 stolia-a
549 1970 727 2053 providere,
751 1973 950 2036 remittentes
985 1967 1126 2050 eciam¹¹)
1150 1970 1211 2034 sibi
1235 1969 1368 2045 fructus,
1391 1987 1449 2049 per
1472 1988 1542 2033 eum
1567 1987 1586 2031 a
1609 1967 1702 2031 dictis
1726 1968 1913 2032 canonicatu

404 2082 439 2139 et
462 2075 627 2158 prebenda
650 2077 713 2139 iam
737 2079 914 2156 perceptos,
938 2094 999 2137 non
1024 2075 1180 2150 obstante,
1204 2074 1288 2154 qrrod
1316 2072 1400 2136 idem
1432 2072 1612 2137 Guttfridus
1643 2071 1812 2136 ecclesiam
1844 2090 1914 2151 par·

405 2179 580 2244 rochialem
605 2180 635 2243 in
659 2179 828 2263 Stayrrach,
853 2180 946 2243 sitam
971 2180 1029 2242 suh
1053 2184 1158 2243 castro
1181 2175 1297 2256 nacae,
1321 2177 1563 2259 Herbipolensis
1595 2175 1740 2253 diocesis,
1772 2176 1914 2239 noscitur

403 2285 562 2360 obtinere,
595 2290 627 2349 et
658 2303 729 2348 cum
759 2285 831 2349 aliis
862 2303 924 2347 non
955 2283 1156 2348 obstantibus
1187 2288 1220 2347 ct
1250 2282 1403 2348 clausulis
1434 2282 1598 2364 oportunis
1625 2286 1657 2346 et
1680 2279 1912 2345 executoribus.

515 2387 585 2452 Fiat
608 2388 645 2452 R.

514 2492 593 2556 Item
618 2491 777 2573 significat
799 2492 882 2557 idem
906 2511 972 2571 rer,
1005 2492 1087 2574 quod
1117 2492 1261 2573 prelatus
1296 2491 1462 2557 Gotlridus
1496 2489 1570 2554 olim
1605 2489 1771 2554 ecclesiam
1805 2508 1916 2571 parro-

402 2598 543 2662 chialem
567 2597 783 2679 supradictam
807 2598 838 2660 in
862 2596 1033 2661 Stairmach
1068 2599 1175 2661 extitit
1208 2597 1359 2661 carronicc
1394 2600 1561 2661 assecutus
1592 2601 1625 2659 et
1656 2614 1724 2658 ervru
1748 2593 1914 2658 duodecim

402 2702 499 2765 annis
523 2706 556 2765 et
579 2701 664 2766 ultra
686 2702 790 2766 tenurit
813 2706 907 2782 pmut
928 2705 1017 2765 tenet
1040 2708 1074 2766 et
1096 2701 1219 2767 fructus
1242 2720 1280 2765 ex
1304 2720 1344 2765 aa
1367 2700 1510 2781 percepit
1532 2700 1565 2763 in
1599 2700 1818 2782 presbyterum
1851 2717 1912 2762 non

402 2813 581 2887 promotus.
628 2808 733 2885 erare
768 2805 927 2887 supplicat
956 2806 1040 2869 idem
1071 2825 1136 2884 rex,
1168 2811 1326 2887 quatenus
1349 2805 1410 2869 sihi
1433 2804 1465 2867 in
1489 2822 1654 2885 personam
1677 2803 1753 2867 dicti
1777 2802 1915 2869 Gothidi

402 2910 591 2992 ampliorem
614 2909 753 2991 graciam
774 2909 937 2986 iacientes,
955 2928 1077 2973 omnem
1098 2909 1225 2974 infamia
1242 2917 1274 2975 et
1289 2908 1500 2974 inhabilitatis
1515 2907 1670 2972 maculam
1686 2914 1781 2989 atquc
1797 2914 1913 2985 notam,

403 3017 431 3081 si
468 3034 549 3097 aluus
579 3015 805 3098 premissormu
835 3015 1003 3079 occasione
1027 3015 1193 3092 contraxit,
1217 3013 1388 3096 dignemini
1422 3012 1565 3078 totaliter
1596 3012 1723 3077 abolere
1747 3013 1914 3093 ipsumque

402 3123 436 3185 iu
461 3122 620 3202 integrum
643 3120 823 3197 restituere,
849 3120 893 3183 ita
916 3119 1000 3200 quod
1023 3118 1110 3183 nulla
1134 3119 1194 3183 sibi
1210 3125 1381 3200 propt-orca
1397 3118 1428 3181 in
1445 3116 1561 3181 iudicio
1577 3117 1645 3181 sive
1662 3123 1751 3181 extra
1766 3116 1914 3197 excepcio

402 3227 489 3290 obici
520 3223 627 3288 valeat
656 3222 707 3288 vel
738 3224 936 3289 obstaculum
967 3222 1203 3305 quomodolibet
1233 3223 1402 3304 interponi,
1433 3222 1633 3286 remittentes
1664 3222 1764 3286 eciam
1795 3226 1828 3285 et
1859 3220 1914 3284 do·

402 3335 520 3395 nautes
543 3326 667 3393 fructus
690 3327 852 3411 predictos
875 3332 908 3392 et
932 3329 1109 3392 uberiorem
1133 3328 1272 3409 graciam
1295 3327 1356 3392 sibi
1379 3327 1541 3404 facientes,
1559 3327 1589 3390 ei
1609 3325 1647 3408 dc
1672 3326 1757 3390 dicta
1779 3324 1915 3389 ecclesia

402 3435 444 3498 de
469 3452 550 3496 novo
575 3432 746 3515 dignemini
769 3432 937 3514 providere
953 3432 978 3514 Θ)
1003 3430 1052 3496 vel
1075 3432 1177 3512 ipsam
1200 3432 1260 3496 sibi
1285 3451 1323 3494 ex
1355 3435 1442 3496 certa
1473 3431 1612 3495 sciencia
1634 3429 1829 3507 continuare,
1853 3449 1914 3493 non

402 3541 565 3615 obstante,
589 3537 674 3620 quud
697 3538 916 3602 ‹aaronicratunr
940 3543 973 3600 et
996 3537 1187 3618 prebendam
1211 3538 1243 3600 in
1266 3537 1450 3619 supradicta
1473 3536 1608 3602 ecclesia
1635 3536 1737 3600 sancti
1760 3534 1913 3617 Stephani

401 3645 549 3709 noscitur
573 3642 726 3720 obtinere,
750 3648 782 3706 et
806 3662 877 3706 cum
900 3641 971 3705 aliis
995 3642 1282 3707 nonobstantibus
1306 3647 1339 3706 et
1362 3641 1514 3707 clausulis
1537 3640 1710 3721 oportunis.

511 3746 726 3812 Habilitarnus
750 3751 782 3810 ct
805 3745 1008 3827 providemus
1031 3745 1067 3809 R.

509 3853 591 3916 Item
607 3847 765 3933 significat
780 3850 862 3913 idern
878 3868 944 3927 rex,
962 3849 1046 3930 quud
1060 3850 1287 3914 rrrorrasterium
1304 3849 1494 3933 quondams)
1511 3848 1705 3931 appellatum
1723 3848 1913 3926 Uelitromm,

400 3960 501 4022 situm
515 3956 547 4019 in
561 3953 677 4036 oppido
693 3954 890 4037 Nurenberg,
905 3953 1128 4018 Cistercieusis
1144 3953 1273 4032 ordinis,
1290 3954 1534 4037 Bambergensis
1551 3954 1695 4031 diocesis,
1713 3959 1762 4016 est
1778 3952 1913 4033 quadam

402 4062 567 4145 plantario
584 4065 617 4123 et
632 4058 778 4123 fundacio
795 4077 885 4135 nova,
906 4058 1053 4141 quodque
1077 4057 1194 4122 dictum
1218 4060 1443 4123 monasterium
1467 4058 1605 4122 nondum
1631 4056 1796 4121 habundat
1810 4057 1914 4121 reddi-

400 4168 502 4243 tibus,
528 4168 622 4246 prout
645 4162 859 4226 necessarium
882 4162 965 4227 foret
988 4163 1149 4228 abbatisse
1173 4166 1206 4227 et
1230 4164 1397 4228 conventui
1421 4182 1458 4227 ac
1487 4162 1633 4246 personis
1664 4161 1852 4244 degentibus
1882 4162 1914 4225 iu

400 4270 527 4337 eodem.
574 4267 678 4345 Quare
713 4267 871 4349 supplicat
905 4267 987 4331 idem
1021 4287 1087 4346 rex,
1120 4272 1277 4350 quatenus
1300 4267 1423 4349 prefate
1446 4266 1608 4333 abbatisse
1632 4271 1665 4330 et
1688 4265 1854 4331 conventui
1878 4285 1914 4330 ac

400 4376 489 4439 dicto
515 4390 623 4436 eorum
644 4372 836 4435 monasterio
860 4371 1031 4452 specialem
1053 4373 1193 4454 graciam
1225 4371 1389 4450 iacientes,
1420 4370 1590 4438 ecclesiam
1619 4369 1852 4454 parrochialem
1875 4369 1914 4435 de

401 4476 670 4554 Gunczenhusen,
705 4475 907 4557 Eystetensis
942 4476 1087 4556 diocesis,
1123 4478 1162 4541 de
1197 4481 1366 4559 patronatu
1401 4476 1476 4540 dicti
1507 4476 1689 4540 monasterii
1713 4476 1914 4553 existentem,

400 4604 461 4667 pro
486 4580 734 4646 necessitatibus
757 4580 919 4644 abbatisse
943 4587 976 4645 et
999 4586 1172 4646 conventus
1195 4601 1232 4645 ac
1255 4599 1462 4663 personarum
1485 4580 1626 4646 eiusdem
1656 4580 1840 4644 monasterii
1863 4598 1913 4643 rc·

398 4686 548 4753 levandis
571 4685 741 4767 dignemini
766 4686 1000 4766 imperpetuum
1023 4686 1236 4768 incorporare,
1261 4691 1432 4751 annectere
1449 4691 1482 4749 et
1497 4686 1598 4763 unae,
1614 4686 1659 4749 ita
1676 4684 1759 4766 quod
1783 4684 1915 4749 cedente

397 4793 451 4858 vel
478 4790 654 4856 decedente
677 4794 748 4867 etc,
772 4794 937 4853 reservata
960 4795 1030 4868 etc,
1055 4791 1305 4856 contradictores
1325 4795 1397 4869 etc,
1414 4794 1447 4854 ct
1463 4808 1532 4854 curn
1548 4789 1692 4854 omnibus
1708 4806 1770 4853 nou
1786 4787 1914 4852 obstan-

401 4897 495 4963 tibus
518 4901 553 4958 et
575 4892 727 4957 clausulis
750 4893 924 4973 oportunis.

509 4998 583 5063 Fiat
606 4999 637 5062 in
660 4996 762 5062 forma
784 4995 821 5060 R.
856 4997 899 5062 Et
922 5017 951 5078 q.
976 5002 998 5062 t.
1024 5018 1048 5063 s.
1072 5018 1099 5063 a
1124 4999 1144 5063 l.
1179 4998 1252 5063 Fiat
1275 4999 1311 5064 ll.
1347 4999 1385 5063 D.
1410 4998 1567 5064 haimone
1590 4997 1635 5063 Vl
1658 4997 1700 5062 id.
1724 4996 1910 5061 Decembris

395 5128 426 5173 a.
454 5109 558 5173 sexto.

508 5292 658 5346 Clementis
676 5291 714 5345 Vl
732 5291 757 5346 S.
777 5291 842 5358 Vlll
863 5297 918 5358 (13)
936 5293 953 5344 l'.
974 5293 1025 5345 lu'.
1045 5322 1077 5329 -
1105 5297 1128 5358 ¹)
1155 5293 1178 5357 ¹³)
1205 5299 1226 5357 c)
1246 5292 1347 5347 desunt
1365 5291 1393 5346 in
1412 5292 1447 5360 S,
1468 5291 1596 5360 suppleta
1622 5291 1656 5345 ab
1683 5290 1797 5347 editme.
1825 5293 1847 5356 ¹¹)
1867 5295 1913 5359 ‚et‘

388 5386 420 5440 8.
453 5387 479 5447 e)
499 5379 657 5449 ,provideri‘
675 5378 702 5433 S.
728 5379 750 5443 f)
769 5377 902 5445 ,condam‘
922 5377 946 5431 S.
