5184 7050
547 879 609 944 118

543 1083 639 1149 altari
663 1074 815 1158 serviunt,
840 1080 957 1145 debent
979 1073 1087 1144 'vivere
1111 1079 1150 1144 de
1174 1078 1278 1156 altori,
1303 1047 1452 1142 teneatur
1474 1074 1620 1141 dominus
1643 1074 1744 1140 abbas
1766 1074 1828 1155 ipsi
1858 1074 1996 1155 plebano
2017 1084 2046 1139 et

543 1188 627 1265 aliis
651 1186 708 1268 qui
730 1184 924 1249 exercebunt
947 1183 1101 1266 predicta,
1126 1182 1165 1246 de
1189 1182 1384 1262 capellarum
1409 1181 1549 1262 ipsarum
1570 1177 1776 1260 proventibus
1791 1177 1825 1239 in
1840 1195 2047 1258 expensarum

544 1288 736 1356 necessariis
752 1293 785 1352 et
800 1288 884 1366 aliis,
901 1305 963 1369 que
980 1286 1020 1351 ad
1036 1285 1208 1350 earundem
1232 1283 1426 1365 capellarum
1450 1281 1660 1347 ministerium
1683 1280 1855 1361 pertinent,
1875 1279 2048 1360 providere.

545 1394 689 1476 Cumque
710 1389 856 1474 predicta
879 1390 1015 1472 predicti
1038 1389 1181 1472 magistri
1205 1387 1305 1453 Vlrici
1326 1394 1392 1452 tam
1416 1385 1619 1451 racionabilis
1641 1389 1675 1449 et
1697 1384 1834 1449 salutem
1858 1383 2050 1465 productura

544 1496 662 1579 peticio
686 1495 911 1560 necessitatem
934 1494 1094 1576 quandam
1117 1497 1150 1557 et
1173 1492 1315 1557 debitum
1338 1490 1556 1556 exaudicionis
1579 1489 1732 1568 includat,
1749 1489 1812 1571 ei⁰)
1837 1489 1998 1553 contraire
2019 1488 2050 1554 in

546 1600 598 1666 dei
621 1599 770 1665 iniuriam
793 1604 826 1662 ct
849 1604 957 1663 nostre
979 1597 1131 1662 lesionem
1156 1596 1353 1662 consciencie
1376 1614 1437 1660 non
1462 1596 1627 1673 audentes
1651 1594 1754 1676 ipsam
1778 1593 2003 1659 consenciente
2020 1599 2052 1657 et

547 1707 707 1769 annuente
739 1701 918 1767 honorabili
952 1701 1020 1766 viro
1055 1700 1180 1766 domino
1214 1698 1315 1764 fratre
1348 1699 1528 1777 Fradarico,
1553 1698 1671 1763 abbate
1693 1698 1830 1779 predicti
1854 1695 2054 1763 Cedlicensis

548 1806 744 1885 monasterii,
778 1805 915 1888 patroni,
939 1810 975 1870 ut
1010 1806 1128 1870 dictum
1162 1810 1221 1883 est,
1245 1803 1380 1868 ecclesie
1415 1803 1446 1867 in
1470 1802 1589 1884 Malyn,
1613 1800 1833 1867 favorabiliter
1855 1805 1889 1866 et
1911 1800 2054 1884 graciose

547 1911 745 1976 admittimus
772 1909 958 1989 fructusque
988 1914 1022 1973 et
1051 1906 1261 1972 obrenciones
1292 1905 1488 1986 capellarum
1519 1905 1735 1987 predictorum
1764 1904 1855 1969 iuxta
1877 1903 2053 1988 predictam

547 2014 684 2098 predicti
707 2013 852 2095 magistri
875 2011 974 2076 Vlrici
997 2010 1167 2092 peticionis
1189 2016 1222 2074 et
1244 2010 1435 2092 provisionis
1460 2009 1592 2074 formam
1615 2009 1767 2091 hospitali
1787 2008 1933 2090 predicto
1949 2010 2055 2072 nostre

548 2117 750 2184 auctoritatis
773 2116 894 2181 viribus
918 2114 1116 2196 applicamus
1139 2113 1257 2193 taliter,
1281 2112 1366 2194 quod
1382 2132 1505 2178 exnunc
1521 2120 1554 2179 et
1570 2114 1678 2179 statim
1695 2114 1837 2194 ipssmm
1860 2111 2054 2193 capellarum

549 2223 759 2289 obventiones
790 2226 823 2284 et
853 2218 977 2284 fruetus
1008 2218 1048 2282 sd
1078 2217 1238 2298 hospitale
1260 2217 1440 2299 predictum
1462 2223 1495 2283 et
1519 2219 1637 2283 domini
1661 2217 1787 2283 abbatis
1811 2216 2056 2297 disposicionem

548 2326 731 2408 pertineant
752 2324 846 2407 plene
870 2322 948 2386 iure.
981 2321 1072 2399 Quod
1094 2319 1163 2387 lieri
1186 2323 1331 2404 potuisse
1354 2328 1386 2388 et
1409 2341 1504 2405 posse
1527 2323 1596 2388 sine
1622 2321 1861 2404 redargucionis
1882 2326 1961 2385 nota
1985 2338 2054 2384 con-

550 2428 686 2508 fidimus
718 2448 788 2493 cum
814 2428 917 2510 ipsius
939 2426 1085 2509 magistri
1108 2426 1218 2506 Vlrici,
1240 2446 1325 2492 nunc
1355 2428 1482 2510 plebani
1513 2427 1641 2506 ibidem,
1664 2445 1726 2491 non
1748 2425 1851 2491 solum
1873 2440 2055 2500 consensus,

550 2535 642 2599 immo
677 2532 852 2599 affectuosa
885 2529 1018 2596 accedat
1051 2529 1179 2611 peticio,
1214 2535 1248 2595 et
1280 2531 1432 2613 Pragensi
1467 2530 1602 2596 ecclesie
1632 2530 1737 2613 quoad
1767 2528 2003 2595 subieccionem
2024 2527 2055 2590 in

549 2637 683 2719 capellis
705 2637 785 2718 ipsis
807 2635 868 2699 sibi
892 2634 1031 2698 debitam
1049 2639 1081 2698 et
1096 2635 1289 2700 monasterio
1307 2634 1487 2701 Gedlieensi
1507 2634 1612 2718 quoad
1635 2635 1686 2700 ius
1708 2638 1898 2717 patronatus
1922 2630 2055 2697 ecclesie

551 2741 584 2805 in
607 2739 725 2823 Melyn,
749 2738 834 2820 qued
855 2737 962 2816 babet,
986 2736 1121 2801 ecclesie
1145 2756 1270 2819 quoque
1293 2738 1357 2819 ipsi
1371 2737 1398 2825 ¹¹)
1422 2740 1453 2803 in
1477 2739 1587 2824 Malyn
1618 2739 1723 2821 quoad
1753 2739 1902 2821 antiquos
1933 2735 2054 2801 fructus

551 2843 672 2909 nullum
694 2844 823 2927 penitus
846 2842 1057 2922 preiudiciurn
1078 2847 1258 2924 generetur.
1283 2844 1321 2908 ln
1344 2845 1435 2908 cuius
1453 2845 1500 2909 rei
1515 2844 1733 2909 testimonium
1748 2848 1916 2925 presentes
1932 2841 2056 2906 litteras

553 2947 622 3012 fieri
644 2942 678 3012 et
700 2947 871 3029 Pragensis
902 2946 1034 3028 capituli
1065 2965 1186 3011 necnon
1217 2947 1337 3012 domini
1359 2948 1487 3013 abbatis
1515 2947 1713 3014 Cedlicensis
1736 2952 1769 3012 et
1791 2946 1937 3030 magistri
1960 2942 2058 3010 Vlrici

552 3051 766 3134 predictorum
790 3050 966 3133 sigillorum
989 3049 1121 3114 lecimus
1155 3053 1327 3116 munimine
1360 3053 1513 3118 roborari.
1556 3054 1675 3118 Datum
1698 3053 1810 3136 Frage,
1833 3068 1917 3115 anno
1941 3049 2057 3114 domini

553 3154 721 3220 millesimo
754 3154 978 3219 trecentesimo
1013 3154 1289 3238 vicesimoquarto,
1313 3157 1393 3222 Vlll
1408 3158 1434 3237 q)
1469 3156 1623 3222 kalendas
1655 3156 1783 3238 Aprilis.
1828 3154 1918 3221 Nulli
1948 3173 2023 3237 ergo
2038 3155 2058 3234 ¹)

554 3259 680 3323 omnino
711 3257 873 3323 hominum
902 3257 1000 3323 liceat
1029 3258 1112 3324 hanc
1141 3261 1289 3342 paginam
1320 3267 1428 3325 nostre
1459 3261 1708 3327 confirmacionis
1738 3259 1921 3342 infringere,
1950 3259 2003 3323 vel
2032 3257 2061 3322 ei

554 3381 635 3428 ausu
656 3363 827 3426 temerario
851 3364 1019 3427 contraire.
1044 3364 1078 3430 Si
1101 3364 1173 3446 quis
1196 3368 1304 3430 autem
1327 3364 1387 3429 hoc
1410 3370 1602 3448 attemptare
1625 3365 1865 3447 presumpserit
1886 3363 2060 3446 indignaci-

553 3484 645 3532 onem
667 3467 893 3548 omnipotentis
917 3466 968 3533 dei
992 3473 1025 3533 et
1047 3469 1212 3534 beatorum
1236 3469 1324 3534 Petri
1354 3474 1387 3535 et
1410 3469 1512 3550 Pauli,
1536 3468 1752 3553 apostolorum
1775 3468 1855 3548 eius,
1878 3487 1915 3536 se
1937 3467 2059 3534 noverit

555 3571 764 3637 incursurum.
789 3572 828 3637 D.
852 3572 1011 3637 Auinione
1033 3573 1096 3638 Vll
1120 3572 1183 3637 kal.
1207 3572 1296 3638 Junii
1319 3593 1350 3656 p.
1373 3593 1405 3638 n.
1430 3594 1458 3639 a.
1483 3575 1630 3641 secundo.

659 3759 799 3829 Originale
817 3760 845 3814 in
864 3758 984 3814 archivio
1004 3760 1166 3827 vomicensi,
1185 3778 1211 3815 n.
1230 3767 1271 3815 48.
1299 3761 1447 3817 Clementis
1467 3763 1547 3817 VIA
1565 3764 1620 3834 llis
1639 3767 1695 3834 (76)
1715 3763 1733 3818 l.
1752 3768 1793 3831 58,
1813 3762 1848 3819 de
1866 3761 1990 3831 indultis,
2008 3762 2060 3834 pri·

555 3845 662 3915 vilegiis
686 3853 713 3901 et
736 3844 994 3915 dispensacionibus
1019 3864 1062 3916 qo.
1088 3847 1194 3901 izv.
1223 3853 1270 3903 159
1295 3847 1314 3902 l.
1338 3849 1399 3901 222¹
1425 3866 1449 3902 n.
1477 3855 1551 3904 111‘2.
1588 3851 1638 3905 Ed.
1664 3852 1691 3906 in
1716 3850 1802 3906 RBM.
1827 3850 1865 3905 lv
1893 3866 1920 3904 n.
1943 3855 2009 3905 1269
2029 3867 2061 3905 ex

556 3932 689 4003 originali.
709 3964 742 3973 -
769 3936 792 4000 8)
812 3939 861 4001 ,ac‘
879 3936 912 3987 A.
940 3934 964 4001 b)
982 3938 1033 4003 ‚ac‘
1051 3935 1084 3987 A.
1112 3938 1134 4002 ο)
1154 3934 1319 4004 ,Wayslsus‘
1338 3938 1371 3989 A.
1398 3937 1423 4001 i)
1443 3941 1492 4004 ,ac‘
1517 3938 1549 3991 A.
1578 3939 1600 4006 s)
1625 3937 1699 4006 ‚dicti
1725 3937 1894 3993 monosterii‘
1919 3936 2010 4008 suppl.
2034 3938 2061 3992 in

556 4020 678 4089 margine
697 4022 730 4073 A.
758 4020 781 4089 l)
800 4020 918 4089 ‚prelati‘
937 4023 969 4074 A.
996 4022 1022 4089 s)
1042 4036 1085 4089 ,ex
1104 4027 1179 4076 certa
1197 4020 1324 4075 sciencia‘
1337 4022 1427 4092 suppl.
1441 4023 1468 4076 in
1483 4025 1604 4093 margine
1622 4026 1655 4078 A.
1684 4026 1708 4093 ΙΙ)
1727 4026 1841 4095 ,Hynoo‘
1859 4026 1892 4078 Δ.
1914 4027 1933 4094 ¹)
1952 4040 2021 4081 corr.
2035 4027 2062 4082 in

556 4106 683 4172 ‚ecclesie
707 4106 896 4176 parrochialis‘
920 4109 953 4161 A.
976 4107 994 4175 ¹)
1019 4112 1144 4174 ,necnon‘
1169 4106 1214 4162 Or.
1242 4109 1273 4174 m)
1299 4124 1461 4179 ,pauperum
1486 4118 1514 4164 et
1538 4110 1716 4165 ιἰιίὶιιιιοιιιιιιι
1746 4113 1779 4165 A.
1807 4112 1831 4179 Ι·)
1855 4112 2001 4181 ‚predicta‘
2030 4116 2061 4167 A.

556 4197 586 4264 ο)
604 4194 706 4261 ,et‘0r.
734 4195 759 4259 e)
778 4194 884 4263 ,ipsius‘
903 4194 947 4249 Or.
976 4195 999 4262 (ι)
1019 4199 1132 4262 ,octaro‘
1151 4195 1184 4247 A.
1213 4197 1233 4262 r)
1252 4195 1280 4248 in
1298 4196 1331 4247 A.
1346 4195 1484 4263 sequitur:
1505 4202 1565 4263 ,etc
1579 4198 1902 4253 nostreconfirmacionis
1914 4199 2062 4270 infringere

556 4283 617 4335 etc‘
641 4280 702 4335 loco
727 4280 846 4346 ,omnino
870 4280 1010 4335 hominum
1034 4314 1067 4322 —
1087 4280 1277 4337 incursorum‘.
1296 4313 1329 4321 -
1350 4284 1370 4351 ι)
1391 4288 1458 4337 1324
1483 4283 1577 4339 Martii
1600 4289 1642 4352 25,
1667 4284 1729 4340 vide
1748 4285 1776 4339 iu
1794 4284 1881 4340 ΚΒΜ.
1901 4286 1942 4340 111
1960 4302 1987 4340 n.
2006 4293 2063 4342 969.

1207 4513 1414 4522 ———

559 4750 651 4819 2⁰8.
674 4751 853 4829 Praedam,
876 4754 1040 4837 episcopos
1071 4752 1338 4836 Vroiislovieasis,
1361 4754 1532 4839 supplicat,
1554 4759 1708 4838 quotenus
1719 4755 1863 4823 Jooanoi
1884 4756 2008 4841 Sifridi
2029 4759 2065 4825 de

559 4855 717 4936 Noooforo
740 4856 779 4920 dc
800 4856 945 4939 beroeficio
967 4877 1036 4923 uem
1058 4856 1106 4921 ccl
1134 4858 1203 4921 sinc
1231 4878 1308 4923 care
1338 4857 1382 4922 od
1412 4857 1607 4925 collationem
1639 4861 1778 4945 episcopi
1807 4856 2064 4931 Vratr'slaoimsis

1203 4962 1419 5045 provideatur.

1559 5069 1722 5150 Aoioiouc,
1745 5072 1831 5138 1343
1853 5072 1947 5140 Jam'i
1972 5075 2022 5142 13.

663 5255 830 5338 Supplicat
853 5256 883 5322 S.
907 5256 945 5322 V.
970 5257 1086 5322 devota
1110 5264 1257 5323 creatura
1273 5264 1381 5325 vestra
1397 5260 1577 5339 Preczlaus,
1600 5262 1770 5347 episcopus
1785 5264 2065 5341 Wratislauiensis

560 5365 719 5439 quatenus
742 5360 803 5425 sibi
827 5361 858 5425 in
882 5379 1050 5441 personam
1074 5362 1182 5427 dilecti
1206 5362 1372 5428 familiaris
1402 5365 1472 5428 eius
1505 5365 1662 5433 Jolrannis
1693 5367 1812 5434 Siffridi
1836 5368 1876 5434 de
1898 5368 2058 5437 Nouoioro

560 5462 673 5526 medici
708 5464 767 5542 sui,
800 5464 907 5528 clerici
930 5464 1208 5532 Wratislauiensis
1238 5467 1374 5533 diocesis
1405 5469 1543 5534 nondum
1575 5471 1765 5551 beneficiati,
1799 5492 1883 5538 nunc
1914 5474 1947 5539 in
1979 5474 2064 5540 curia

562 5566 597 5631 V.
623 5567 654 5632 S.
686 5568 864 5646 existentia,
897 5570 1067 5650 specialem
1098 5572 1236 5651 graciam
1258 5572 1423 5651 facientes,
1459 5573 1563 5637 eidem
1594 5575 1633 5638 de
1662 5575 1816 5641 beneficio
1850 5577 2065 5645 ecclesiastico

562 5687 631 5734 cum
656 5690 731 5735 cura
755 5674 804 5737 vel
829 5675 896 5738 sine
920 5693 1005 5752 ema,
1035 5674 1218 5739 incivitate
1243 5677 1292 5740 vel
1317 5677 1435 5741 diocesi
1459 5677 1727 5760 Wratislauiensi,
1752 5682 1854 5746 eciam
1877 5681 1905 5747 si
1927 5682 2064 5769 dignitas

561 5774 610 5838 rel
633 5784 824 5856 personatus
847 5779 973 5854 existat,
998 5785 1162 5859 spectante
1186 5780 1225 5842 ad
1250 5780 1464 5857 eollacionem,
1489 5804 1574 5864 pror.
1593 5785 1641 5848 rol
1666 5805 1694 5865 q.
1715 5804 1742 5849 a.
1760 5784 1789 5849 d.
1806 5786 1909 5868 ipsius
1924 5787 2063 5870 episcopi
