<?xml version="1.0" encoding="UTF-8"?>
<!DOCTYPE html PUBLIC "-//W3C//DTD XHTML 1.0 Transitional//EN"
    "http://www.w3.org/TR/xhtml1/DTD/xhtml1-transitional.dtd">
<html xmlns="http://www.w3.org/1999/xhtml" xml:lang="en" lang="en">
 <head>
  <title>
</title>
<meta http-equiv="Content-Type" content="text/html;charset=utf-8" />
  <meta name='ocr-system' content='tesseract 3.04.00' />
  <meta name='ocr-capabilities' content='ocr_page ocr_carea ocr_par ocr_line ocrx_word'/>
</head>
<body>
  <div class='ocr_page' id='page_1' title='image "./monumentavatica01vatigoog_0188.png"; bbox 0 0 5184 7050; ppageno 0'>
   <div class='ocr_carea' id='block_1_1' title="bbox 671 851 731 913">
    <p class='ocr_par' dir='ltr' id='par_1_1' title="bbox 671 851 731 913">
     <span class='ocr_line' id='line_1_1' title="bbox 671 851 731 913; baseline -0.017 -2"><span class='ocrx_word' id='word_1_1' title='bbox 671 851 731 913; x_wconf 81' lang='lat' dir='ltr'>luo</span> 
     </span>
    </p>
   </div>
   <div class='ocr_carea' id='block_1_2' title="bbox 669 1046 2207 5824">
    <p class='ocr_par' dir='ltr' id='par_1_2' title="bbox 669 1046 2207 5824">
     <span class='ocr_line' id='line_1_2' title="bbox 669 1046 2176 1134; baseline -0.004 -17"><span class='ocrx_word' id='word_1_2' title='bbox 669 1052 926 1134; x_wconf 84' lang='lat' dir='ltr'>clanrpnificantes</span> <span class='ocrx_word' id='word_1_3' title='bbox 951 1057 984 1115; x_wconf 91' lang='lat' dir='ltr'>et</span> <span class='ocrx_word' id='word_1_4' title='bbox 1014 1052 1242 1133; x_wconf 75' lang='lat' dir='ltr'>depopulantes</span> <span class='ocrx_word' id='word_1_5' title='bbox 1268 1050 1339 1114; x_wconf 90' lang='lat' dir='ltr'>loca</span> <span class='ocrx_word' id='word_1_6' title='bbox 1366 1056 1398 1114; x_wconf 91' lang='lat' dir='ltr'>et</span> <span class='ocrx_word' id='word_1_7' title='bbox 1420 1049 1541 1114; x_wconf 91' lang='lat' dir='ltr'>insulas</span> <span class='ocrx_word' id='word_1_8' title='bbox 1565 1048 1805 1114; x_wconf 87' lang='lat' dir='ltr'>christianorum</span> <span class='ocrx_word' id='word_1_9' title='bbox 1832 1047 1973 1128; x_wconf 89' lang='lat' dir='ltr'>parcium</span> <span class='ocrx_word' id='word_1_10' title='bbox 2000 1046 2176 1112; x_wconf 89' lang='lat' dir='ltr'>earundem</span> 
     </span>
     <span class='ocr_line' id='line_1_3' title="bbox 669 1150 2181 1239; baseline -0.005 -17"><span class='ocrx_word' id='word_1_11' title='bbox 669 1159 818 1239; x_wconf 85' lang='lat' dir='ltr'>ipsasque</span> <span class='ocrx_word' id='word_1_12' title='bbox 834 1156 978 1221; x_wconf 89' lang='lat' dir='ltr'>incendio</span> <span class='ocrx_word' id='word_1_13' title='bbox 990 1156 1161 1219; x_wconf 88' lang='lat' dir='ltr'>miserabili</span> <span class='ocrx_word' id='word_1_14' title='bbox 1174 1161 1399 1236; x_wconf 75' lang='lat' dir='ltr'>supponentes,</span> <span class='ocrx_word' id='word_1_15' title='bbox 1413 1158 1455 1232; x_wconf 91' lang='lat' dir='ltr'>et,</span> <span class='ocrx_word' id='word_1_16' title='bbox 1468 1152 1552 1234; x_wconf 87' lang='lat' dir='ltr'>quod</span> <span class='ocrx_word' id='word_1_17' title='bbox 1564 1152 1761 1233; x_wconf 90' lang='lat' dir='ltr'>nephandius</span> <span class='ocrx_word' id='word_1_18' title='bbox 1777 1158 1836 1231; x_wconf 89' lang='lat' dir='ltr'>est,</span> <span class='ocrx_word' id='word_1_19' title='bbox 1849 1150 2041 1215; x_wconf 89' lang='lat' dir='ltr'>christianos</span> <span class='ocrx_word' id='word_1_20' title='bbox 2053 1152 2181 1216; x_wconf 89' lang='lat' dir='ltr'>eosdem</span> 
     </span>
     <span class='ocr_line' id='line_1_4' title="bbox 669 1256 2181 1343; baseline -0.006 -17"><span class='ocrx_word' id='word_1_21' title='bbox 669 1263 702 1326; x_wconf 93' lang='lat' dir='ltr'>in</span> <span class='ocrx_word' id='word_1_22' title='bbox 717 1262 847 1343; x_wconf 84' lang='lat' dir='ltr'>predam</span> <span class='ocrx_word' id='word_1_23' title='bbox 869 1261 1029 1324; x_wconf 91' lang='lat' dir='ltr'>abducunt</span> <span class='ocrx_word' id='word_1_24' title='bbox 1052 1265 1085 1323; x_wconf 91' lang='lat' dir='ltr'>et</span> <span class='ocrx_word' id='word_1_25' title='bbox 1107 1259 1266 1323; x_wconf 92' lang='lat' dir='ltr'>subiciunt</span> <span class='ocrx_word' id='word_1_26' title='bbox 1288 1258 1431 1322; x_wconf 84' lang='lat' dir='ltr'>horribili</span> <span class='ocrx_word' id='word_1_27' title='bbox 1454 1277 1490 1321; x_wconf 91' lang='lat' dir='ltr'>ac</span> <span class='ocrx_word' id='word_1_28' title='bbox 1513 1261 1668 1338; x_wconf 90' lang='lat' dir='ltr'>perpetue</span> <span class='ocrx_word' id='word_1_29' title='bbox 1690 1256 1847 1335; x_wconf 90' lang='lat' dir='ltr'>servituti,</span> <span class='ocrx_word' id='word_1_30' title='bbox 1871 1256 2045 1320; x_wconf 88' lang='lat' dir='ltr'>vendentes</span> <span class='ocrx_word' id='word_1_31' title='bbox 2068 1273 2124 1318; x_wconf 89' lang='lat' dir='ltr'>eos</span> <span class='ocrx_word' id='word_1_32' title='bbox 2145 1261 2181 1318; x_wconf 89' lang='lat' dir='ltr'>ut</span> 
     </span>
     <span class='ocr_line' id='line_1_5' title="bbox 670 1361 2178 1447; baseline -0.005 -17"><span class='ocrx_word' id='word_1_33' title='bbox 670 1365 817 1430; x_wconf 90' lang='lat' dir='ltr'>animalia</span> <span class='ocrx_word' id='word_1_34' title='bbox 847 1366 996 1447; x_wconf 85' lang='lat' dir='ltr'>ipsosque</span> <span class='ocrx_word' id='word_1_35' title='bbox 1027 1364 1067 1427; x_wconf 90' lang='lat' dir='ltr'>ad</span> <span class='ocrx_word' id='word_1_36' title='bbox 1097 1363 1315 1444; x_wconf 88' lang='lat' dir='ltr'>abnegandum</span> <span class='ocrx_word' id='word_1_37' title='bbox 1346 1361 1439 1425; x_wconf 84' lang='lat' dir='ltr'>tidem</span> <span class='ocrx_word' id='word_1_38' title='bbox 1470 1362 1659 1426; x_wconf 81' lang='lat' dir='ltr'>catholicam</span> <span class='ocrx_word' id='word_1_39' title='bbox 1689 1361 1931 1442; x_wconf 84' lang='lat' dir='ltr'>cornpellentes;</span> <span class='ocrx_word' id='word_1_40' title='bbox 1963 1365 2178 1442; x_wconf 87' lang='lat' dir='ltr'>propterque</span> 
     </span>
     <span class='ocr_line' id='line_1_6' title="bbox 670 1466 2207 1552; baseline -0.005 -17"><span class='ocrx_word' id='word_1_41' title='bbox 670 1489 737 1548; x_wconf 81' lang='lat' dir='ltr'>noa,</span> <span class='ocrx_word' id='word_1_42' title='bbox 761 1471 925 1552; x_wconf 90' lang='lat' dir='ltr'>cupientes</span> <span class='ocrx_word' id='word_1_43' title='bbox 948 1468 1128 1533; x_wconf 87' lang='lat' dir='ltr'>clnistianis</span> <span class='ocrx_word' id='word_1_44' title='bbox 1144 1467 1264 1531; x_wconf 88' lang='lat' dir='ltr'>eisdem</span> <span class='ocrx_word' id='word_1_45' title='bbox 1283 1466 1436 1530; x_wconf 87' lang='lat' dir='ltr'>adversus</span> <span class='ocrx_word' id='word_1_46' title='bbox 1451 1472 1590 1530; x_wconf 89' lang='lat' dir='ltr'>atrocem</span> <span class='ocrx_word' id='word_1_47' title='bbox 1605 1466 1803 1530; x_wconf 84' lang='lat' dir='ltr'>ferocitatem</span> <span class='ocrx_word' id='word_1_48' title='bbox 1819 1485 2011 1548; x_wconf 88' lang='lat' dir='ltr'>paganorum</span> <span class='ocrx_word' id='word_1_49' title='bbox 2028 1466 2179 1546; x_wconf 89' lang='lat' dir='ltr'>ipsorum,</span> <span class='ocrx_word' id='word_1_50' title='bbox 2203 1483 2207 1487; x_wconf 90' lang='lat'><em>·</em></span> 
     </span>
     <span class='ocr_line' id='line_1_7' title="bbox 672 1568 2178 1655; baseline -0.005 -17"><span class='ocrx_word' id='word_1_51' title='bbox 672 1575 703 1638; x_wconf 91' lang='lat' dir='ltr'>in</span> <span class='ocrx_word' id='word_1_52' title='bbox 727 1579 879 1655; x_wconf 78' lang='lat' dir='ltr'>quantam</span> <span class='ocrx_word' id='word_1_53' title='bbox 902 1573 941 1636; x_wconf 91' lang='lat' dir='ltr'>de</span> <span class='ocrx_word' id='word_1_54' title='bbox 964 1572 1104 1654; x_wconf 89' lang='lat' dir='ltr'>presenti</span> <span class='ocrx_word' id='word_1_55' title='bbox 1127 1570 1196 1636; x_wconf 90' lang='lat' dir='ltr'>fieri</span> <span class='ocrx_word' id='word_1_56' title='bbox 1220 1577 1354 1653; x_wconf 89' lang='lat' dir='ltr'>poterat,</span> <span class='ocrx_word' id='word_1_57' title='bbox 1379 1570 1418 1635; x_wconf 90' lang='lat' dir='ltr'>de</span> <span class='ocrx_word' id='word_1_58' title='bbox 1446 1589 1598 1635; x_wconf 85' lang='lat' dir='ltr'>succursu</span> <span class='ocrx_word' id='word_1_59' title='bbox 1628 1571 1724 1635; x_wconf 88' lang='lat' dir='ltr'>celeri</span> <span class='ocrx_word' id='word_1_60' title='bbox 1755 1571 1931 1653; x_wconf 89' lang='lat' dir='ltr'>providere,</span> <span class='ocrx_word' id='word_1_61' title='bbox 1955 1568 2178 1642; x_wconf 76' lang='lat' dir='ltr'>ordinavimus,</span> 
     </span>
     <span class='ocr_line' id='line_1_8' title="bbox 673 1674 2181 1758; baseline -0.005 -15"><span class='ocrx_word' id='word_1_62' title='bbox 673 1684 709 1743; x_wconf 91' lang='lat' dir='ltr'>ut</span> <span class='ocrx_word' id='word_1_63' title='bbox 731 1685 818 1742; x_wconf 80' lang='lat' dir='ltr'>certa</span> <span class='ocrx_word' id='word_1_64' title='bbox 851 1682 973 1742; x_wconf 89' lang='lat' dir='ltr'>annata</span> <span class='ocrx_word' id='word_1_65' title='bbox 1005 1677 1165 1758; x_wconf 85' lang='lat' dir='ltr'>galearum</span> <span class='ocrx_word' id='word_1_66' title='bbox 1201 1696 1257 1758; x_wconf 90' lang='lat' dir='ltr'>per·</span> <span class='ocrx_word' id='word_1_67' title='bbox 1290 1695 1347 1739; x_wconf 88' lang='lat' dir='ltr'>nos</span> <span class='ocrx_word' id='word_1_68' title='bbox 1381 1676 1412 1739; x_wconf 91' lang='lat' dir='ltr'>in</span> <span class='ocrx_word' id='word_1_69' title='bbox 1444 1677 1505 1740; x_wconf 90' lang='lat' dir='ltr'>isto</span> <span class='ocrx_word' id='word_1_70' title='bbox 1536 1677 1677 1756; x_wconf 88' lang='lat' dir='ltr'>proximo</span> <span class='ocrx_word' id='word_1_71' title='bbox 1701 1693 1781 1739; x_wconf 91' lang='lat' dir='ltr'>anno</span> <span class='ocrx_word' id='word_1_72' title='bbox 1804 1674 1943 1739; x_wconf 90' lang='lat' dir='ltr'>realibus</span> <span class='ocrx_word' id='word_1_73' title='bbox 1965 1674 2119 1739; x_wconf 89' lang='lat' dir='ltr'>subsidiis</span> <span class='ocrx_word' id='word_1_74' title='bbox 2142 1674 2181 1737; x_wconf 92' lang='lat' dir='ltr'>de</span> 
     </span>
     <span class='ocr_line' id='line_1_9' title="bbox 672 1777 2182 1863; baseline -0.003 -16"><span class='ocrx_word' id='word_1_75' title='bbox 672 1789 780 1847; x_wconf 90' lang='lat' dir='ltr'>nostra</span> <span class='ocrx_word' id='word_1_76' title='bbox 803 1801 927 1846; x_wconf 84' lang='lat' dir='ltr'>caruere</span> <span class='ocrx_word' id='word_1_77' title='bbox 949 1782 1126 1845; x_wconf 90' lang='lat' dir='ltr'>adiuvanda</span> <span class='ocrx_word' id='word_1_78' title='bbox 1149 1800 1269 1845; x_wconf 89' lang='lat' dir='ltr'>necnon</span> <span class='ocrx_word' id='word_1_79' title='bbox 1293 1799 1351 1863; x_wconf 89' lang='lat' dir='ltr'>per</span> <span class='ocrx_word' id='word_1_80' title='bbox 1373 1800 1399 1843; x_wconf 87' lang='lat' dir='ltr'>c.</span> <span class='ocrx_word' id='word_1_81' title='bbox 1423 1781 1456 1843; x_wconf 90' lang='lat' dir='ltr'>in</span> <span class='ocrx_word' id='word_1_82' title='bbox 1480 1778 1536 1844; x_wconf 86' lang='lat' dir='ltr'>Ch.</span> <span class='ocrx_word' id='word_1_83' title='bbox 1560 1780 1581 1846; x_wconf 88' lang='lat' dir='ltr'>f.</span> <span class='ocrx_word' id='word_1_84' title='bbox 1606 1799 1635 1843; x_wconf 89' lang='lat' dir='ltr'>n.</span> <span class='ocrx_word' id='word_1_85' title='bbox 1659 1779 1836 1861; x_wconf 76' lang='lat' dir='ltr'>Rugosam,</span> <span class='ocrx_word' id='word_1_86' title='bbox 1861 1797 1966 1860; x_wconf 87' lang='lat' dir='ltr'>regem</span> <span class='ocrx_word' id='word_1_87' title='bbox 1991 1778 2081 1859; x_wconf 85' lang='lat' dir='ltr'>Gipri</span> <span class='ocrx_word' id='word_1_88' title='bbox 2112 1777 2182 1842; x_wconf 92' lang='lat' dir='ltr'>illu·</span> 
     </span>
     <span class='ocr_line' id='line_1_10' title="bbox 672 1881 2182 1966; baseline -0.003 -16"><span class='ocrx_word' id='word_1_89' title='bbox 672 1894 778 1965; x_wconf 91' lang='lat' dir='ltr'>strem,</span> <span class='ocrx_word' id='word_1_90' title='bbox 802 1906 839 1950; x_wconf 90' lang='lat' dir='ltr'>ac</span> <span class='ocrx_word' id='word_1_91' title='bbox 862 1885 913 1948; x_wconf 88' lang='lat' dir='ltr'>dd.</span> <span class='ocrx_word' id='word_1_92' title='bbox 937 1884 967 1949; x_wconf 83' lang='lat' dir='ltr'>ff.</span> <span class='ocrx_word' id='word_1_93' title='bbox 992 1885 1176 1966; x_wconf 88' lang='lat' dir='ltr'>magistrum</span> <span class='ocrx_word' id='word_1_94' title='bbox 1200 1889 1233 1947; x_wconf 92' lang='lat' dir='ltr'>et</span> <span class='ocrx_word' id='word_1_95' title='bbox 1255 1883 1370 1948; x_wconf 86' lang='lat' dir='ltr'>fratros</span> <span class='ocrx_word' id='word_1_96' title='bbox 1393 1883 1559 1965; x_wconf 90' lang='lat' dir='ltr'>hospitalis</span> <span class='ocrx_word' id='word_1_97' title='bbox 1582 1884 1682 1948; x_wconf 91' lang='lat' dir='ltr'>sancti</span> <span class='ocrx_word' id='word_1_98' title='bbox 1706 1882 1860 1948; x_wconf 88' lang='lat' dir='ltr'>Johannis</span> <span class='ocrx_word' id='word_1_99' title='bbox 1882 1881 2133 1949; x_wconf 87' lang='lat' dir='ltr'>Jerosolimitani</span> <span class='ocrx_word' id='word_1_100' title='bbox 2149 1888 2182 1945; x_wconf 92' lang='lat' dir='ltr'>et</span> 
     </span>
     <span class='ocr_line' id='line_1_11' title="bbox 672 1985 2181 2070; baseline -0.003 -16"><span class='ocrx_word' id='word_1_101' title='bbox 672 1990 808 2055; x_wconf 90' lang='lat' dir='ltr'>nobilem</span> <span class='ocrx_word' id='word_1_102' title='bbox 831 1990 932 2053; x_wconf 90' lang='lat' dir='ltr'>virum</span> <span class='ocrx_word' id='word_1_103' title='bbox 950 2039 981 2051; x_wconf 92' lang='lat'>..</span> <span class='ocrx_word' id='word_1_104' title='bbox 1007 1988 1117 2052; x_wconf 90' lang='lat' dir='ltr'>ducem</span> <span class='ocrx_word' id='word_1_105' title='bbox 1140 1988 1351 2052; x_wconf 69' lang='lat' dir='ltr'>veneciarum</span> <span class='ocrx_word' id='word_1_106' title='bbox 1382 1994 1415 2052; x_wconf 92' lang='lat' dir='ltr'>et</span> <span class='ocrx_word' id='word_1_107' title='bbox 1444 1990 1597 2070; x_wconf 90' lang='lat' dir='ltr'>quosdam</span> <span class='ocrx_word' id='word_1_108' title='bbox 1626 1988 1705 2053; x_wconf 90' lang='lat' dir='ltr'>alios</span> <span class='ocrx_word' id='word_1_109' title='bbox 1735 1989 1768 2052; x_wconf 91' lang='lat' dir='ltr'>in</span> <span class='ocrx_word' id='word_1_110' title='bbox 1798 1988 1928 2052; x_wconf 89' lang='lat' dir='ltr'>instanti</span> <span class='ocrx_word' id='word_1_111' title='bbox 1958 1985 2052 2051; x_wconf 87' lang='lat' dir='ltr'>lieret</span> <span class='ocrx_word' id='word_1_112' title='bbox 2081 2004 2181 2068; x_wconf 85' lang='lat' dir='ltr'>usque</span> 
     </span>
     <span class='ocr_line' id='line_1_12' title="bbox 672 2090 2179 2172; baseline -0.004 -13"><span class='ocrx_word' id='word_1_113' title='bbox 672 2095 712 2160; x_wconf 90' lang='lat' dir='ltr'>ad</span> <span class='ocrx_word' id='word_1_114' title='bbox 735 2094 905 2158; x_wconf 85' lang='lat' dir='ltr'>triennium</span> <span class='ocrx_word' id='word_1_115' title='bbox 927 2092 1068 2156; x_wconf 85' lang='lat' dir='ltr'>futurum</span> <span class='ocrx_word' id='word_1_116' title='bbox 1091 2093 1233 2172; x_wconf 84' lang='lat' dir='ltr'>proximo</span> <span class='ocrx_word' id='word_1_117' title='bbox 1256 2092 1419 2169; x_wconf 89' lang='lat' dir='ltr'>duratura,</span> <span class='ocrx_word' id='word_1_118' title='bbox 1443 2110 1505 2172; x_wconf 91' lang='lat' dir='ltr'>que</span> <span class='ocrx_word' id='word_1_119' title='bbox 1528 2093 1623 2155; x_wconf 87' lang='lat' dir='ltr'>annis</span> <span class='ocrx_word' id='word_1_120' title='bbox 1650 2098 1683 2154; x_wconf 91' lang='lat' dir='ltr'>et</span> <span class='ocrx_word' id='word_1_121' title='bbox 1714 2090 1918 2155; x_wconf 82' lang='lat' dir='ltr'>bellatoribus</span> <span class='ocrx_word' id='word_1_122' title='bbox 1947 2091 2029 2155; x_wconf 90' lang='lat' dir='ltr'>bene</span> <span class='ocrx_word' id='word_1_123' title='bbox 2060 2090 2179 2153; x_wconf 76' lang='lat' dir='ltr'>ninnite</span> 
     </span>
     <span class='ocr_line' id='line_1_13' title="bbox 672 2189 2179 2279; baseline -0.005 -17"><span class='ocrx_word' id='word_1_124' title='bbox 672 2199 825 2263; x_wconf 89' lang='lat' dir='ltr'>deberent</span> <span class='ocrx_word' id='word_1_125' title='bbox 847 2199 931 2279; x_wconf 91' lang='lat' dir='ltr'>apud</span> <span class='ocrx_word' id='word_1_126' title='bbox 954 2196 1088 2261; x_wconf 88' lang='lat' dir='ltr'>insulam</span> <span class='ocrx_word' id='word_1_127' title='bbox 1110 2197 1307 2278; x_wconf 91' lang='lat' dir='ltr'>Nigripontis</span> <span class='ocrx_word' id='word_1_128' title='bbox 1331 2202 1417 2260; x_wconf 88' lang='lat' dir='ltr'>certe</span> <span class='ocrx_word' id='word_1_129' title='bbox 1440 2197 1574 2260; x_wconf 86' lang='lat' dir='ltr'>termino</span> <span class='ocrx_word' id='word_1_130' title='bbox 1597 2196 1774 2273; x_wconf 91' lang='lat' dir='ltr'>convenire,</span> <span class='ocrx_word' id='word_1_131' title='bbox 1804 2214 1841 2259; x_wconf 91' lang='lat' dir='ltr'>ac</span> <span class='ocrx_word' id='word_1_132' title='bbox 1870 2189 2093 2259; x_wconf 77' lang='lat' dir='ltr'>nichilominus</span> <span class='ocrx_word' id='word_1_133' title='bbox 2124 2213 2179 2276; x_wconf 90' lang='lat' dir='ltr'>pro</span> 
     </span>
     <span class='ocr_line' id='line_1_14' title="bbox 674 2297 2181 2382; baseline -0.005 -16"><span class='ocrx_word' id='word_1_134' title='bbox 674 2302 843 2367; x_wconf 82' lang='lat' dir='ltr'>efficaciori</span> <span class='ocrx_word' id='word_1_135' title='bbox 867 2320 1020 2366; x_wconf 81' lang='lat' dir='ltr'>succursu</span> <span class='ocrx_word' id='word_1_136' title='bbox 1043 2301 1284 2365; x_wconf 88' lang='lat' dir='ltr'>clnistianorum</span> <span class='ocrx_word' id='word_1_137' title='bbox 1308 2302 1522 2382; x_wconf 89' lang='lat' dir='ltr'>predictorum</span> <span class='ocrx_word' id='word_1_138' title='bbox 1544 2301 1674 2364; x_wconf 87' lang='lat' dir='ltr'>verbnm</span> <span class='ocrx_word' id='word_1_139' title='bbox 1698 2300 1800 2365; x_wconf 90' lang='lat' dir='ltr'>crucis</span> <span class='ocrx_word' id='word_1_140' title='bbox 1816 2318 1887 2364; x_wconf 89' lang='lat' dir='ltr'>cunr</span> <span class='ocrx_word' id='word_1_141' title='bbox 1903 2299 2064 2363; x_wconf 89' lang='lat' dir='ltr'>consuetis</span> <span class='ocrx_word' id='word_1_142' title='bbox 2080 2297 2181 2362; x_wconf 93' lang='lat' dir='ltr'>indul·</span> 
     </span>
     <span class='ocr_line' id='line_1_15' title="bbox 673 2402 2180 2488; baseline -0.004 -19"><span class='ocrx_word' id='word_1_143' title='bbox 673 2409 792 2488; x_wconf 88' lang='lat' dir='ltr'>genciis</span> <span class='ocrx_word' id='word_1_144' title='bbox 823 2414 856 2471; x_wconf 92' lang='lat' dir='ltr'>et</span> <span class='ocrx_word' id='word_1_145' title='bbox 885 2406 1122 2470; x_wconf 81' lang='lat' dir='ltr'>reinissionibns</span> <span class='ocrx_word' id='word_1_146' title='bbox 1152 2406 1304 2469; x_wconf 85' lang='lat' dir='ltr'>adversas</span> <span class='ocrx_word' id='word_1_147' title='bbox 1335 2423 1473 2488; x_wconf 87' lang='lat' dir='ltr'>paganos</span> <span class='ocrx_word' id='word_1_148' title='bbox 1508 2404 1634 2468; x_wconf 90' lang='lat' dir='ltr'>eosdem</span> <span class='ocrx_word' id='word_1_149' title='bbox 1658 2406 1689 2468; x_wconf 90' lang='lat' dir='ltr'>in</span> <span class='ocrx_word' id='word_1_150' title='bbox 1712 2423 1809 2487; x_wconf 87' lang='lat' dir='ltr'>regno</span> <span class='ocrx_word' id='word_1_151' title='bbox 1833 2404 1920 2486; x_wconf 84' lang='lat' dir='ltr'>Cipri</span> <span class='ocrx_word' id='word_1_152' title='bbox 1942 2421 2065 2468; x_wconf 90' lang='lat' dir='ltr'>necnon</span> <span class='ocrx_word' id='word_1_153' title='bbox 2089 2402 2180 2466; x_wconf 89' lang='lat' dir='ltr'>dictis</span> 
     </span>
     <span class='ocr_line' id='line_1_16' title="bbox 675 2506 2181 2591; baseline -0.004 -17"><span class='ocrx_word' id='word_1_154' title='bbox 675 2511 826 2575; x_wconf 85' lang='lat' dir='ltr'>Itomanie</span> <span class='ocrx_word' id='word_1_155' title='bbox 849 2517 881 2574; x_wconf 93' lang='lat' dir='ltr'>et</span> <span class='ocrx_word' id='word_1_156' title='bbox 904 2509 1008 2574; x_wconf 89' lang='lat' dir='ltr'>Ytalie</span> <span class='ocrx_word' id='word_1_157' title='bbox 1031 2529 1067 2573; x_wconf 90' lang='lat' dir='ltr'>ac</span> <span class='ocrx_word' id='word_1_158' title='bbox 1090 2509 1161 2573; x_wconf 88' lang='lat' dir='ltr'>aliis</span> <span class='ocrx_word' id='word_1_159' title='bbox 1185 2510 1318 2574; x_wconf 89' lang='lat' dir='ltr'>diversis</span> <span class='ocrx_word' id='word_1_160' title='bbox 1342 2510 1485 2591; x_wconf 84' lang='lat' dir='ltr'>partibus</span> <span class='ocrx_word' id='word_1_161' title='bbox 1508 2509 1724 2573; x_wconf 90' lang='lat' dir='ltr'>mandavimus</span> <span class='ocrx_word' id='word_1_162' title='bbox 1748 2508 1913 2589; x_wconf 84' lang='lat' dir='ltr'>predicari.</span> <span class='ocrx_word' id='word_1_163' title='bbox 1926 2508 1949 2589; x_wconf 86' lang='grc'>1)</span> <span class='ocrx_word' id='word_1_164' title='bbox 1980 2506 2063 2586; x_wconf 84' lang='lat' dir='ltr'>Quia</span> <span class='ocrx_word' id='word_1_165' title='bbox 2085 2506 2181 2588; x_wconf 87' lang='lat' dir='ltr'>igitur</span> 
     </span>
     <span class='ocr_line' id='line_1_17' title="bbox 674 2610 2181 2695; baseline -0.005 -16"><span class='ocrx_word' id='word_1_166' title='bbox 674 2621 738 2679; x_wconf 81' lang='lat' dir='ltr'>tarn</span> <span class='ocrx_word' id='word_1_167' title='bbox 761 2616 893 2679; x_wconf 88' lang='lat' dir='ltr'>anlunm</span> <span class='ocrx_word' id='word_1_168' title='bbox 916 2620 1043 2694; x_wconf 86' lang='lat' dir='ltr'>tamque</span> <span class='ocrx_word' id='word_1_169' title='bbox 1066 2631 1232 2678; x_wconf 90' lang='lat' dir='ltr'>onerosum</span> <span class='ocrx_word' id='word_1_170' title='bbox 1263 2614 1429 2695; x_wconf 83' lang='lat' dir='ltr'>negocium</span> <span class='ocrx_word' id='word_1_171' title='bbox 1459 2613 1579 2694; x_wconf 89' lang='lat' dir='ltr'>magnis</span> <span class='ocrx_word' id='word_1_172' title='bbox 1610 2631 1818 2694; x_wconf 84' lang='lat' dir='ltr'>expensarum</span> <span class='ocrx_word' id='word_1_173' title='bbox 1848 2610 2012 2693; x_wconf 86' lang='lat' dir='ltr'>profluviis</span> <span class='ocrx_word' id='word_1_174' title='bbox 2040 2612 2181 2675; x_wconf 87' lang='lat' dir='ltr'>noscitur</span> 
     </span>
     <span class='ocr_line' id='line_1_18' title="bbox 673 2715 2180 2801; baseline -0.003 -19"><span class='ocrx_word' id='word_1_175' title='bbox 673 2719 824 2801; x_wconf 80' lang='lat' dir='ltr'>indigere,</span> <span class='ocrx_word' id='word_1_176' title='bbox 848 2738 884 2782; x_wconf 90' lang='lat' dir='ltr'>ac</span> <span class='ocrx_word' id='word_1_177' title='bbox 908 2723 1077 2799; x_wconf 88' lang='lat' dir='ltr'>propterea</span> <span class='ocrx_word' id='word_1_178' title='bbox 1101 2717 1241 2781; x_wconf 87' lang='lat' dir='ltr'>volentes</span> <span class='ocrx_word' id='word_1_179' title='bbox 1258 2736 1318 2781; x_wconf 92' lang='lat' dir='ltr'>non</span> <span class='ocrx_word' id='word_1_180' title='bbox 1335 2716 1436 2780; x_wconf 90' lang='lat' dir='ltr'>solnm</span> <span class='ocrx_word' id='word_1_181' title='bbox 1452 2736 1508 2798; x_wconf 95' lang='lat' dir='ltr'>pro</span> <span class='ocrx_word' id='word_1_182' title='bbox 1525 2735 1676 2781; x_wconf 84' lang='lat' dir='ltr'>succursu</span> <span class='ocrx_word' id='word_1_183' title='bbox 1692 2720 1726 2780; x_wconf 88' lang='lat' dir='ltr'>et</span> <span class='ocrx_word' id='word_1_184' title='bbox 1741 2715 1923 2781; x_wconf 80' lang='lat' dir='ltr'>‹lesensione</span> <span class='ocrx_word' id='word_1_185' title='bbox 1939 2715 2180 2780; x_wconf 89' lang='lat' dir='ltr'>christianorum</span> 
     </span>
     <span class='ocr_line' id='line_1_19' title="bbox 673 2820 2179 2904; baseline -0.003 -17"><span class='ocrx_word' id='word_1_186' title='bbox 673 2824 822 2904; x_wconf 90' lang='lat' dir='ltr'>ipsorum,</span> <span class='ocrx_word' id='word_1_187' title='bbox 847 2824 1025 2887; x_wconf 80' lang='lat' dir='ltr'>sedecima</span> <span class='ocrx_word' id='word_1_188' title='bbox 1048 2842 1105 2903; x_wconf 92' lang='lat' dir='ltr'>pro</span> <span class='ocrx_word' id='word_1_189' title='bbox 1128 2822 1324 2886; x_wconf 78' lang='lat' dir='ltr'>excdtacione</span> <span class='ocrx_word' id='word_1_190' title='bbox 1348 2821 1501 2886; x_wconf 87' lang='lat' dir='ltr'>catholice</span> <span class='ocrx_word' id='word_1_191' title='bbox 1525 2820 1597 2885; x_wconf 85' lang='lat' dir='ltr'>lidei</span> <span class='ocrx_word' id='word_1_192' title='bbox 1621 2841 1657 2885; x_wconf 89' lang='lat' dir='ltr'>ac</span> <span class='ocrx_word' id='word_1_193' title='bbox 1680 2822 1779 2886; x_wconf 90' lang='lat' dir='ltr'>nostri</span> <span class='ocrx_word' id='word_1_194' title='bbox 1809 2820 2021 2901; x_wconf 85' lang='lat' dir='ltr'>redemptoris</span> <span class='ocrx_word' id='word_1_195' title='bbox 2051 2820 2179 2895; x_wconf 87' lang='lat' dir='ltr'>honere,</span> 
     </span>
     <span class='ocr_line' id='line_1_20' title="bbox 675 2922 2178 3009; baseline -0.004 -19"><span class='ocrx_word' id='word_1_196' title='bbox 675 2928 764 2990; x_wconf 90' lang='lat' dir='ltr'>caius</span> <span class='ocrx_word' id='word_1_197' title='bbox 797 2928 962 3009; x_wconf 87' lang='lat' dir='ltr'>negocium</span> <span class='ocrx_word' id='word_1_198' title='bbox 995 2928 1099 3009; x_wconf 87' lang='lat' dir='ltr'>agitur</span> <span class='ocrx_word' id='word_1_199' title='bbox 1132 2928 1162 2990; x_wconf 90' lang='lat' dir='ltr'>in</span> <span class='ocrx_word' id='word_1_200' title='bbox 1197 2926 1256 2990; x_wconf 89' lang='lat' dir='ltr'>hac</span> <span class='ocrx_word' id='word_1_201' title='bbox 1287 2931 1387 3007; x_wconf 90' lang='lat' dir='ltr'>parte,</span> <span class='ocrx_word' id='word_1_202' title='bbox 1419 2925 1458 2990; x_wconf 91' lang='lat' dir='ltr'>ad</span> <span class='ocrx_word' id='word_1_203' title='bbox 1490 2926 1731 2990; x_wconf 79' lang='lat' dir='ltr'>subversionem</span> <span class='ocrx_word' id='word_1_204' title='bbox 1762 2944 1971 3007; x_wconf 81' lang='lat' dir='ltr'>expensarum</span> <span class='ocrx_word' id='word_1_205' title='bbox 2000 2922 2178 2988; x_wconf 89' lang='lat' dir='ltr'>huiusmodi</span> 
     </span>
     <span class='ocr_line' id='line_1_21' title="bbox 676 3027 2180 3113; baseline -0.003 -20"><span class='ocrx_word' id='word_1_206' title='bbox 676 3049 836 3111; x_wconf 90' lang='lat' dir='ltr'>apponere</span> <span class='ocrx_word' id='word_1_207' title='bbox 859 3032 999 3113; x_wconf 89' lang='lat' dir='ltr'>paternis</span> <span class='ocrx_word' id='word_1_208' title='bbox 1034 3036 1067 3094; x_wconf 91' lang='lat' dir='ltr'>et</span> <span class='ocrx_word' id='word_1_209' title='bbox 1097 3030 1228 3095; x_wconf 83' lang='lat' dir='ltr'>solicitis</span> <span class='ocrx_word' id='word_1_210' title='bbox 1259 3030 1374 3093; x_wconf 91' lang='lat' dir='ltr'>studiis</span> <span class='ocrx_word' id='word_1_211' title='bbox 1404 3049 1528 3093; x_wconf 84' lang='lat' dir='ltr'>uranum</span> <span class='ocrx_word' id='word_1_212' title='bbox 1552 3029 1725 3111; x_wconf 90' lang='lat' dir='ltr'>apostolice</span> <span class='ocrx_word' id='word_1_213' title='bbox 1748 3030 1925 3111; x_wconf 90' lang='lat' dir='ltr'>potestatis,</span> <span class='ocrx_word' id='word_1_214' title='bbox 1949 3027 2180 3092; x_wconf 85' lang='lat' dir='ltr'>deliberacione</span> 
     </span>
     <span class='ocr_line' id='line_1_22' title="bbox 675 3131 2179 3216; baseline -0.002 -19"><span class='ocrx_word' id='word_1_215' title='bbox 675 3153 771 3216; x_wconf 86' lang='lat' dir='ltr'>snper</span> <span class='ocrx_word' id='word_1_216' title='bbox 793 3134 853 3197; x_wconf 90' lang='lat' dir='ltr'>hiis</span> <span class='ocrx_word' id='word_1_217' title='bbox 877 3154 947 3197; x_wconf 90' lang='lat' dir='ltr'>cnm</span> <span class='ocrx_word' id='word_1_218' title='bbox 970 3134 1120 3198; x_wconf 84' lang='lat' dir='ltr'>fratribus</span> <span class='ocrx_word' id='word_1_219' title='bbox 1144 3134 1269 3212; x_wconf 78' lang='lat' dir='ltr'>hostria,</span> <span class='ocrx_word' id='word_1_220' title='bbox 1297 3139 1405 3197; x_wconf 84' lang='lat' dir='ltr'>sarrctc</span> <span class='ocrx_word' id='word_1_221' title='bbox 1437 3134 1574 3197; x_wconf 87' lang='lat' dir='ltr'>Ronrane</span> <span class='ocrx_word' id='word_1_222' title='bbox 1604 3133 1738 3198; x_wconf 87' lang='lat' dir='ltr'>ecclesie</span> <span class='ocrx_word' id='word_1_223' title='bbox 1770 3134 1990 3212; x_wconf 88' lang='lat' dir='ltr'>cardinalibus,</span> <span class='ocrx_word' id='word_1_224' title='bbox 2014 3131 2179 3215; x_wconf 88' lang='lat' dir='ltr'>prehabita</span> 
     </span>
     <span class='ocr_line' id='line_1_23' title="bbox 676 3238 2179 3320; baseline -0.001 -19"><span class='ocrx_word' id='word_1_225' title='bbox 676 3239 829 3320; x_wconf 88' lang='lat' dir='ltr'>diligenti,</span> <span class='ocrx_word' id='word_1_226' title='bbox 846 3239 983 3302; x_wconf 69' lang='lat' dir='ltr'>carvanium</span> <span class='ocrx_word' id='word_1_227' title='bbox 1002 3239 1287 3303; x_wconf 87' lang='lat' dir='ltr'>ecclesiasticorum</span> <span class='ocrx_word' id='word_1_228' title='bbox 1308 3244 1516 3320; x_wconf 85' lang='lat' dir='ltr'>proventuum</span> <span class='ocrx_word' id='word_1_229' title='bbox 1531 3243 1564 3301; x_wconf 92' lang='lat' dir='ltr'>et</span> <span class='ocrx_word' id='word_1_230' title='bbox 1580 3238 1759 3303; x_wconf 89' lang='lat' dir='ltr'>reddituum</span> <span class='ocrx_word' id='word_1_231' title='bbox 1776 3239 1927 3304; x_wconf 87' lang='lat' dir='ltr'>decimam</span> <span class='ocrx_word' id='word_1_232' title='bbox 1944 3257 2000 3320; x_wconf 90' lang='lat' dir='ltr'>per</span> <span class='ocrx_word' id='word_1_233' title='bbox 2016 3238 2179 3301; x_wconf 82' lang='lat' dir='ltr'>universas</span> 
     </span>
     <span class='ocr_line' id='line_1_24' title="bbox 677 3342 2179 3425; baseline -0.001 -20"><span class='ocrx_word' id='word_1_234' title='bbox 677 3343 783 3406; x_wconf 86' lang='lat' dir='ltr'>rnnrnli</span> <span class='ocrx_word' id='word_1_235' title='bbox 808 3348 922 3423; x_wconf 87' lang='lat' dir='ltr'>partes,</span> <span class='ocrx_word' id='word_1_236' title='bbox 947 3343 1134 3407; x_wconf 84' lang='lat' dir='ltr'>F1ancieet</span> <span class='ocrx_word' id='word_1_237' title='bbox 1160 3343 1269 3425; x_wconf 82' lang='lat' dir='ltr'>hnglie</span> <span class='ocrx_word' id='word_1_238' title='bbox 1300 3363 1336 3406; x_wconf 91' lang='lat' dir='ltr'>ac</span> <span class='ocrx_word' id='word_1_239' title='bbox 1368 3343 1564 3423; x_wconf 86' lang='lat' dir='ltr'>lspaniarunr</span> <span class='ocrx_word' id='word_1_240' title='bbox 1599 3346 1703 3425; x_wconf 88' lang='lat' dir='ltr'>regnis</span> <span class='ocrx_word' id='word_1_241' title='bbox 1734 3351 1767 3408; x_wconf 89' lang='lat' dir='ltr'>et</span> <span class='ocrx_word' id='word_1_242' title='bbox 1795 3344 1890 3408; x_wconf 89' lang='lat' dir='ltr'>terris</span> <span class='ocrx_word' id='word_1_243' title='bbox 1913 3342 2050 3406; x_wconf 90' lang='lat' dir='ltr'>dominio</span> <span class='ocrx_word' id='word_1_244' title='bbox 2074 3360 2179 3424; x_wconf 89' lang='lat' dir='ltr'>regum</span> 
     </span>
     <span class='ocr_line' id='line_1_25' title="bbox 677 3444 2181 3529; baseline -0.001 -20"><span class='ocrx_word' id='word_1_245' title='bbox 677 3465 844 3529; x_wconf 88' lang='lat' dir='ltr'>regnorum</span> <span class='ocrx_word' id='word_1_246' title='bbox 874 3448 1012 3529; x_wconf 90' lang='lat' dir='ltr'>ipsorum</span> <span class='ocrx_word' id='word_1_247' title='bbox 1043 3447 1194 3511; x_wconf 87' lang='lat' dir='ltr'>subiectis</span> <span class='ocrx_word' id='word_1_248' title='bbox 1224 3466 1345 3510; x_wconf 87' lang='lat' dir='ltr'>rrecnon</span> <span class='ocrx_word' id='word_1_249' title='bbox 1376 3448 1519 3529; x_wconf 90' lang='lat' dir='ltr'>personis</span> <span class='ocrx_word' id='word_1_250' title='bbox 1549 3453 1582 3511; x_wconf 91' lang='lat' dir='ltr'>et</span> <span class='ocrx_word' id='word_1_251' title='bbox 1611 3449 1701 3512; x_wconf 81' lang='lat' dir='ltr'>horus</span> <span class='ocrx_word' id='word_1_252' title='bbox 1732 3449 1807 3513; x_wconf 88' lang='lat' dir='ltr'>dicti</span> <span class='ocrx_word' id='word_1_253' title='bbox 1830 3445 1996 3529; x_wconf 90' lang='lat' dir='ltr'>hospitalis</span> <span class='ocrx_word' id='word_1_254' title='bbox 2020 3444 2181 3509; x_wconf 85' lang='lat' dir='ltr'>dumtaxat</span> 
     </span>
     <span class='ocr_line' id='line_1_26' title="bbox 678 3550 2181 3635; baseline 0 -21"><span class='ocrx_word' id='word_1_255' title='bbox 678 3552 828 3631; x_wconf 85' lang='lat' dir='ltr'>exceptis,</span> <span class='ocrx_word' id='word_1_256' title='bbox 854 3570 953 3633; x_wconf 87' lang='lat' dir='ltr'>usqne</span> <span class='ocrx_word' id='word_1_257' title='bbox 975 3552 1014 3615; x_wconf 91' lang='lat' dir='ltr'>ad</span> <span class='ocrx_word' id='word_1_258' title='bbox 1037 3558 1103 3615; x_wconf 91' lang='lat' dir='ltr'>tres</span> <span class='ocrx_word' id='word_1_259' title='bbox 1126 3571 1224 3615; x_wconf 92' lang='lat' dir='ltr'>annos</span> <span class='ocrx_word' id='word_1_260' title='bbox 1247 3572 1266 3615; x_wconf 91' lang='lat' dir='ltr'>a</span> <span class='ocrx_word' id='word_1_261' title='bbox 1289 3553 1362 3616; x_wconf 70' lang='lat' dir='ltr'>dam</span> <span class='ocrx_word' id='word_1_262' title='bbox 1386 3554 1585 3633; x_wconf 88' lang='lat' dir='ltr'>presencium</span> <span class='ocrx_word' id='word_1_263' title='bbox 1608 3553 1834 3635; x_wconf 91' lang='lat' dir='ltr'>computandos</span> <span class='ocrx_word' id='word_1_264' title='bbox 1848 3550 1873 3633; x_wconf 81' lang='lat'>²)</span> <span class='ocrx_word' id='word_1_265' title='bbox 1895 3551 2087 3617; x_wconf 88' lang='lat' dir='ltr'>anctoritate</span> <span class='ocrx_word' id='word_1_266' title='bbox 2109 3567 2181 3632; x_wconf 81' lang='lat' dir='ltr'>apo</span> 
     </span>
     <span class='ocr_line' id='line_1_27' title="bbox 677 3653 2180 3740; baseline 0 -24"><span class='ocrx_word' id='word_1_267' title='bbox 677 3653 788 3718; x_wconf 89' lang='lat' dir='ltr'>stelica</span> <span class='ocrx_word' id='word_1_268' title='bbox 812 3655 850 3718; x_wconf 89' lang='lat' dir='ltr'>dc</span> <span class='ocrx_word' id='word_1_269' title='bbox 874 3655 1028 3719; x_wconf 75' lang='lat' dir='ltr'>dictinum</span> <span class='ocrx_word' id='word_1_270' title='bbox 1051 3655 1183 3719; x_wconf 90' lang='lat' dir='ltr'>fratrum</span> <span class='ocrx_word' id='word_1_271' title='bbox 1207 3656 1337 3719; x_wconf 89' lang='lat' dir='ltr'>consilio</span> <span class='ocrx_word' id='word_1_272' title='bbox 1354 3657 1499 3720; x_wconf 88' lang='lat' dir='ltr'>‹luxirnus</span> <span class='ocrx_word' id='word_1_273' title='bbox 1516 3664 1684 3740; x_wconf 90' lang='lat' dir='ltr'>propterea</span> <span class='ocrx_word' id='word_1_274' title='bbox 1699 3658 1928 3740; x_wconf 91' lang='lat' dir='ltr'>imponendam,</span> <span class='ocrx_word' id='word_1_275' title='bbox 1944 3655 2078 3737; x_wconf 89' lang='lat' dir='ltr'>singulis</span> <span class='ocrx_word' id='word_1_276' title='bbox 2093 3656 2180 3721; x_wconf 91' lang='lat' dir='ltr'>annis</span> 
     </span>
     <span class='ocr_line' id='line_1_28' title="bbox 679 3757 2182 3842; baseline 0.001 -22"><span class='ocrx_word' id='word_1_277' title='bbox 679 3757 755 3821; x_wconf 90' lang='lat' dir='ltr'>dicti</span> <span class='ocrx_word' id='word_1_278' title='bbox 771 3759 898 3822; x_wconf 87' lang='lat' dir='ltr'>triennii</span> <span class='ocrx_word' id='word_1_279' title='bbox 915 3760 946 3822; x_wconf 93' lang='lat' dir='ltr'>in</span> <span class='ocrx_word' id='word_1_280' title='bbox 964 3759 1086 3822; x_wconf 84' lang='lat' dir='ltr'>drrebus</span> <span class='ocrx_word' id='word_1_281' title='bbox 1109 3761 1261 3838; x_wconf 87' lang='lat' dir='ltr'>terminis,</span> <span class='ocrx_word' id='word_1_282' title='bbox 1285 3761 1488 3825; x_wconf 82' lang='lat' dir='ltr'>medietatem</span> <span class='ocrx_word' id='word_1_283' title='bbox 1511 3761 1659 3827; x_wconf 86' lang='lat' dir='ltr'>videlicet</span> <span class='ocrx_word' id='word_1_284' title='bbox 1682 3764 1713 3826; x_wconf 94' lang='lat' dir='ltr'>in</span> <span class='ocrx_word' id='word_1_285' title='bbox 1737 3763 1884 3828; x_wconf 90' lang='lat' dir='ltr'>Omnium</span> <span class='ocrx_word' id='word_1_286' title='bbox 1907 3762 2094 3828; x_wconf 89' lang='lat' dir='ltr'>Sanctorum</span> <span class='ocrx_word' id='word_1_287' title='bbox 2114 3779 2182 3842; x_wconf 89' lang='lat' dir='ltr'>pro·</span> 
     </span>
     <span class='ocr_line' id='line_1_29' title="bbox 678 3863 2181 3948; baseline 0.002 -24"><span class='ocrx_word' id='word_1_288' title='bbox 678 3863 761 3926; x_wconf 82' lang='lat' dir='ltr'>xirno</span> <span class='ocrx_word' id='word_1_289' title='bbox 778 3868 909 3926; x_wconf 87' lang='lat' dir='ltr'>venturo</span> <span class='ocrx_word' id='word_1_290' title='bbox 920 3863 945 3948; x_wconf 76' lang='lat'>³)</span> <span class='ocrx_word' id='word_1_291' title='bbox 969 3869 1001 3926; x_wconf 91' lang='lat' dir='ltr'>et</span> <span class='ocrx_word' id='word_1_292' title='bbox 1017 3864 1109 3927; x_wconf 76' lang='lat' dir='ltr'>aliana</span> <span class='ocrx_word' id='word_1_293' title='bbox 1126 3864 1327 3929; x_wconf 87' lang='lat' dir='ltr'>medietatem</span> <span class='ocrx_word' id='word_1_294' title='bbox 1343 3868 1374 3929; x_wconf 92' lang='lat' dir='ltr'>in</span> <span class='ocrx_word' id='word_1_295' title='bbox 1392 3866 1647 3930; x_wconf 84' lang='lat' dir='ltr'>llcsnrreccionis</span> <span class='ocrx_word' id='word_1_296' title='bbox 1663 3867 1827 3931; x_wconf 87' lang='lat' dir='ltr'>Darninice</span> <span class='ocrx_word' id='word_1_297' title='bbox 1843 3866 1983 3947; x_wconf 83' lang='lat' dir='ltr'>proximo</span> <span class='ocrx_word' id='word_1_298' title='bbox 1999 3870 2148 3928; x_wconf 89' lang='lat' dir='ltr'>secuturo</span> <span class='ocrx_word' id='word_1_299' title='bbox 2159 3865 2181 3947; x_wconf 73' lang='lat'>⁸)</span> 
     </span>
     <span class='ocr_line' id='line_1_30' title="bbox 681 3967 2182 4052; baseline 0.001 -23"><span class='ocrx_word' id='word_1_300' title='bbox 681 3967 771 4029; x_wconf 87' lang='lat' dir='ltr'>lestis</span> <span class='ocrx_word' id='word_1_301' title='bbox 795 3988 811 4030; x_wconf 94' lang='lat' dir='ltr'>a</span> <span class='ocrx_word' id='word_1_302' title='bbox 837 3968 924 4030; x_wconf 87' lang='lat' dir='ltr'>vohis</span> <span class='ocrx_word' id='word_1_303' title='bbox 948 3974 980 4031; x_wconf 93' lang='lat' dir='ltr'>et</span> <span class='ocrx_word' id='word_1_304' title='bbox 1002 3969 1145 4031; x_wconf 73' lang='lat' dir='ltr'>‹vrrrnibns</span> <span class='ocrx_word' id='word_1_305' title='bbox 1169 3970 1356 4050; x_wconf 87' lang='lat' dir='ltr'>patriarchis</span> <span class='ocrx_word' id='word_1_306' title='bbox 1373 3990 1413 4033; x_wconf 66' lang='lat' dir='ltr'>&#39;ac</span> <span class='ocrx_word' id='word_1_307' title='bbox 1438 3969 1509 4033; x_wconf 91' lang='lat' dir='ltr'>aliis</span> <span class='ocrx_word' id='word_1_308' title='bbox 1525 3969 1769 4052; x_wconf 87' lang='lat' dir='ltr'>archiepiscopis</span> <span class='ocrx_word' id='word_1_309' title='bbox 1786 3976 1818 4033; x_wconf 90' lang='lat' dir='ltr'>et</span> <span class='ocrx_word' id='word_1_310' title='bbox 1833 3969 1990 4051; x_wconf 89' lang='lat' dir='ltr'>episcopis</span> <span class='ocrx_word' id='word_1_311' title='bbox 2005 3969 2182 4050; x_wconf 85' lang='lat' dir='ltr'>ceterisque</span> 
     </span>
     <span class='ocr_line' id='line_1_31' title="bbox 680 4071 2182 4155; baseline 0.002 -23"><span class='ocrx_word' id='word_1_312' title='bbox 680 4073 822 4152; x_wconf 87' lang='lat' dir='ltr'>personis</span> <span class='ocrx_word' id='word_1_313' title='bbox 857 4071 1080 4135; x_wconf 87' lang='lat' dir='ltr'>ecclesiasticis</span> <span class='ocrx_word' id='word_1_314' title='bbox 1115 4073 1363 4154; x_wconf 79' lang='lat' dir='ltr'>orribnscnnqne,</span> <span class='ocrx_word' id='word_1_315' title='bbox 1396 4076 1550 4155; x_wconf 65' lang='lat' dir='ltr'>inemptis</span> <span class='ocrx_word' id='word_1_316' title='bbox 1581 4080 1613 4137; x_wconf 91' lang='lat' dir='ltr'>et</span> <span class='ocrx_word' id='word_1_317' title='bbox 1643 4093 1704 4137; x_wconf 91' lang='lat' dir='ltr'>nen</span> <span class='ocrx_word' id='word_1_318' title='bbox 1738 4074 1901 4153; x_wconf 68' lang='lat' dir='ltr'>inemptis</span> <span class='ocrx_word' id='word_1_319' title='bbox 1938 4072 2079 4153; x_wconf 88' lang='lat' dir='ltr'>parcium</span> <span class='ocrx_word' id='word_1_320' title='bbox 2115 4090 2182 4154; x_wconf 89' lang='lat' dir='ltr'>prc-</span> 
     </span>
     <span class='ocr_line' id='line_1_32' title="bbox 680 4175 2182 4259; baseline 0.002 -24"><span class='ocrx_word' id='word_1_321' title='bbox 680 4175 843 4239; x_wconf 86' lang='lat' dir='ltr'>dictarnnr.</span> <span class='ocrx_word' id='word_1_322' title='bbox 868 4182 1109 4256; x_wconf 75' lang='lat' dir='ltr'>‹pircurtacumpre</span> <span class='ocrx_word' id='word_1_323' title='bbox 1132 4177 1331 4256; x_wconf 85' lang='lat' dir='ltr'>prefulgeant</span> <span class='ocrx_word' id='word_1_324' title='bbox 1353 4179 1505 4259; x_wconf 87' lang='lat' dir='ltr'>dignitate</span> <span class='ocrx_word' id='word_1_325' title='bbox 1533 4198 1589 4241; x_wconf 90' lang='lat' dir='ltr'>sen</span> <span class='ocrx_word' id='word_1_326' title='bbox 1620 4179 1834 4257; x_wconf 83' lang='lat' dir='ltr'>cuiuscunque</span> <span class='ocrx_word' id='word_1_327' title='bbox 1865 4177 2088 4256; x_wconf 78' lang='lat' dir='ltr'>pinarinencie,</span> <span class='ocrx_word' id='word_1_328' title='bbox 2113 4195 2182 4239; x_wconf 93' lang='lat' dir='ltr'>cen·</span> 
     </span>
     <span class='ocr_line' id='line_1_33' title="bbox 681 4279 2184 4364; baseline 0 -22"><span class='ocrx_word' id='word_1_329' title='bbox 681 4281 812 4344; x_wconf 85' lang='lat' dir='ltr'>dicionis</span> <span class='ocrx_word' id='word_1_330' title='bbox 836 4279 884 4342; x_wconf 88' lang='lat' dir='ltr'>vel</span> <span class='ocrx_word' id='word_1_331' title='bbox 909 4285 1020 4356; x_wconf 89' lang='lat' dir='ltr'>status,</span> <span class='ocrx_word' id='word_1_332' title='bbox 1045 4280 1162 4343; x_wconf 89' lang='lat' dir='ltr'>ordinis</span> <span class='ocrx_word' id='word_1_333' title='bbox 1186 4287 1240 4344; x_wconf 89' lang='lat' dir='ltr'>ant</span> <span class='ocrx_word' id='word_1_334' title='bbox 1263 4282 1425 4364; x_wconf 87' lang='lat' dir='ltr'>religionis</span> <span class='ocrx_word' id='word_1_335' title='bbox 1448 4283 1586 4347; x_wconf 86' lang='lat' dir='ltr'>existant</span> <span class='ocrx_word' id='word_1_336' title='bbox 1609 4334 1616 4360; x_wconf 92' lang='lat'>,</span> <span class='ocrx_word' id='word_1_337' title='bbox 1640 4283 1754 4363; x_wconf 83' lang='lat' dir='ltr'>quibus</span> <span class='ocrx_word' id='word_1_338' title='bbox 1776 4280 1826 4344; x_wconf 90' lang='lat' dir='ltr'>vel</span> <span class='ocrx_word' id='word_1_339' title='bbox 1851 4300 1958 4345; x_wconf 91' lang='lat' dir='ltr'>eorum</span> <span class='ocrx_word' id='word_1_340' title='bbox 1981 4280 2076 4345; x_wconf 90' lang='lat' dir='ltr'>alicui</span> <span class='ocrx_word' id='word_1_341' title='bbox 2100 4279 2184 4343; x_wconf 89' lang='lat' dir='ltr'>nulla</span> 
     </span>
     <span class='ocr_line' id='line_1_34' title="bbox 683 4383 2184 4467; baseline 0.001 -22"><span class='ocrx_word' id='word_1_342' title='bbox 683 4385 844 4466; x_wconf 86' lang='lat' dir='ltr'>privilegia</span> <span class='ocrx_word' id='word_1_343' title='bbox 870 4383 918 4446; x_wconf 84' lang='lat' dir='ltr'>vel</span> <span class='ocrx_word' id='word_1_344' title='bbox 942 4383 1157 4464; x_wconf 84' lang='lat' dir='ltr'>irnlalgencias</span> <span class='ocrx_word' id='word_1_345' title='bbox 1181 4386 1238 4447; x_wconf 87' lang='lat' dir='ltr'>sub</span> <span class='ocrx_word' id='word_1_346' title='bbox 1262 4405 1449 4466; x_wconf 80' lang='lat' dir='ltr'>oucrcnnqne</span> <span class='ocrx_word' id='word_1_347' title='bbox 1480 4387 1645 4449; x_wconf 86' lang='lat' dir='ltr'>verboram</span> <span class='ocrx_word' id='word_1_348' title='bbox 1675 4386 1776 4449; x_wconf 88' lang='lat' dir='ltr'>fomna</span> <span class='ocrx_word' id='word_1_349' title='bbox 1805 4385 1853 4448; x_wconf 90' lang='lat' dir='ltr'>vel</span> <span class='ocrx_word' id='word_1_350' title='bbox 1885 4385 2091 4467; x_wconf 84' lang='lat' dir='ltr'>expressione</span> <span class='ocrx_word' id='word_1_351' title='bbox 2113 4403 2184 4448; x_wconf 91' lang='lat' dir='ltr'>con·</span> 
     </span>
     <span class='ocr_line' id='line_1_35' title="bbox 681 4487 2184 4572; baseline 0 -22"><span class='ocrx_word' id='word_1_352' title='bbox 681 4507 768 4551; x_wconf 85' lang='lat' dir='ltr'>cessa</span> <span class='ocrx_word' id='word_1_353' title='bbox 805 4488 907 4567; x_wconf 73' lang='lat' dir='ltr'>clrrcrad</span> <span class='ocrx_word' id='word_1_354' title='bbox 942 4488 998 4550; x_wconf 95' lang='lat' dir='ltr'>hoc</span> <span class='ocrx_word' id='word_1_355' title='bbox 1034 4487 1177 4551; x_wconf 86' lang='lat' dir='ltr'>vohnnus</span> <span class='ocrx_word' id='word_1_356' title='bbox 1212 4490 1385 4571; x_wconf 86' lang='lat' dir='ltr'>suffragari,</span> <span class='ocrx_word' id='word_1_357' title='bbox 1418 4496 1618 4572; x_wconf 82' lang='lat' dir='ltr'>pretenpranr</span> <span class='ocrx_word' id='word_1_358' title='bbox 1642 4511 1660 4554; x_wconf 91' lang='lat' dir='ltr'>a</span> <span class='ocrx_word' id='word_1_359' title='bbox 1683 4491 1826 4572; x_wconf 90' lang='lat' dir='ltr'>personis</span> <span class='ocrx_word' id='word_1_360' title='bbox 1856 4496 1888 4553; x_wconf 90' lang='lat' dir='ltr'>et</span> <span class='ocrx_word' id='word_1_361' title='bbox 1918 4490 1995 4554; x_wconf 88' lang='lat' dir='ltr'>locis</span> <span class='ocrx_word' id='word_1_362' title='bbox 2017 4487 2184 4571; x_wconf 90' lang='lat' dir='ltr'>hospitalis</span> 
     </span>
     <span class='ocr_line' id='line_1_36' title="bbox 681 4592 2183 4674; baseline 0 -19"><span class='ocrx_word' id='word_1_363' title='bbox 681 4592 821 4656; x_wconf 82' lang='lat' dir='ltr'>eirrsdenr</span> <span class='ocrx_word' id='word_1_364' title='bbox 838 4611 957 4655; x_wconf 86' lang='lat' dir='ltr'>rrecnon</span> <span class='ocrx_word' id='word_1_365' title='bbox 974 4592 1124 4655; x_wconf 86' lang='lat' dir='ltr'>iratribus</span> <span class='ocrx_word' id='word_1_366' title='bbox 1139 4595 1264 4670; x_wconf 84' lang='lat' dir='ltr'>nostris,</span> <span class='ocrx_word' id='word_1_367' title='bbox 1282 4601 1390 4658; x_wconf 87' lang='lat' dir='ltr'>sancte</span> <span class='ocrx_word' id='word_1_368' title='bbox 1406 4594 1545 4657; x_wconf 86' lang='lat' dir='ltr'>Rornane</span> <span class='ocrx_word' id='word_1_369' title='bbox 1561 4595 1694 4657; x_wconf 90' lang='lat' dir='ltr'>ecclesie</span> <span class='ocrx_word' id='word_1_370' title='bbox 1710 4593 1931 4670; x_wconf 89' lang='lat' dir='ltr'>cardinalibus,</span> <span class='ocrx_word' id='word_1_371' title='bbox 1948 4594 2003 4674; x_wconf 85' lang='lat' dir='ltr'>qrri</span> <span class='ocrx_word' id='word_1_372' title='bbox 2022 4594 2183 4657; x_wconf 83' lang='lat' dir='ltr'>nolriscnrn</span> 
     </span>
     <span class='ocr_line' id='line_1_37' title="bbox 682 4696 2183 4780; baseline 0 -20"><span class='ocrx_word' id='word_1_373' title='bbox 682 4699 710 4761; x_wconf 88' lang='lat' dir='ltr'>in</span> <span class='ocrx_word' id='word_1_374' title='bbox 737 4696 946 4759; x_wconf 87' lang='lat' dir='ltr'>solicitudinis</span> <span class='ocrx_word' id='word_1_375' title='bbox 969 4703 1090 4776; x_wconf 77' lang='lat' dir='ltr'>prctrtern</span> <span class='ocrx_word' id='word_1_376' title='bbox 1113 4699 1265 4778; x_wconf 88' lang='lat' dir='ltr'>assumpti</span> <span class='ocrx_word' id='word_1_377' title='bbox 1290 4718 1346 4779; x_wconf 87' lang='lat' dir='ltr'>pro</span> <span class='ocrx_word' id='word_1_378' title='bbox 1370 4700 1464 4761; x_wconf 85' lang='lat' dir='ltr'>rebus</span> <span class='ocrx_word' id='word_1_379' title='bbox 1486 4699 1621 4780; x_wconf 87' lang='lat' dir='ltr'>publicis</span> <span class='ocrx_word' id='word_1_380' title='bbox 1645 4707 1677 4762; x_wconf 91' lang='lat' dir='ltr'>et</span> <span class='ocrx_word' id='word_1_381' title='bbox 1700 4701 1831 4780; x_wconf 89' lang='lat' dir='ltr'>privatis</span> <span class='ocrx_word' id='word_1_382' title='bbox 1855 4699 2000 4779; x_wconf 89' lang='lat' dir='ltr'>perutilis</span> <span class='ocrx_word' id='word_1_383' title='bbox 2026 4698 2183 4763; x_wconf 84' lang='lat' dir='ltr'>arduitate</span> 
     </span>
     <span class='ocr_line' id='line_1_38' title="bbox 682 4799 2183 4884; baseline 0.001 -20"><span class='ocrx_word' id='word_1_384' title='bbox 682 4799 802 4864; x_wconf 65' lang='lat' dir='ltr'>canalii</span> <span class='ocrx_word' id='word_1_385' title='bbox 826 4800 952 4862; x_wconf 88' lang='lat' dir='ltr'>assidue</span> <span class='ocrx_word' id='word_1_386' title='bbox 976 4800 1141 4881; x_wconf 84' lang='lat' dir='ltr'>vigilantes</span> <span class='ocrx_word' id='word_1_387' title='bbox 1165 4802 1294 4865; x_wconf 88' lang='lat' dir='ltr'>student</span> <span class='ocrx_word' id='word_1_388' title='bbox 1321 4805 1416 4866; x_wconf 89' lang='lat' dir='ltr'>statui</span> <span class='ocrx_word' id='word_1_389' title='bbox 1447 4803 1605 4884; x_wconf 86' lang='lat' dir='ltr'>salutique</span> <span class='ocrx_word' id='word_1_390' title='bbox 1635 4803 1774 4868; x_wconf 86' lang='lat' dir='ltr'>fidelium</span> <span class='ocrx_word' id='word_1_391' title='bbox 1805 4806 1952 4869; x_wconf 90' lang='lat' dir='ltr'>continua</span> <span class='ocrx_word' id='word_1_392' title='bbox 1983 4802 2183 4867; x_wconf 87' lang='lat' dir='ltr'>solicitudine</span> 
     </span>
     <span class='ocr_line' id='line_1_39' title="bbox 682 4905 2182 4985; baseline 0.005 -21"><span class='ocrx_word' id='word_1_393' title='bbox 682 4905 856 4985; x_wconf 85' lang='lat' dir='ltr'>providere,</span> <span class='ocrx_word' id='word_1_394' title='bbox 881 4925 959 4984; x_wconf 77' lang='lat' dir='ltr'>quos</span> <span class='ocrx_word' id='word_1_395' title='bbox 982 4907 1020 4969; x_wconf 91' lang='lat' dir='ltr'>ab</span> <span class='ocrx_word' id='word_1_396' title='bbox 1043 4905 1221 4970; x_wconf 86' lang='lat' dir='ltr'>huiusmodi</span> <span class='ocrx_word' id='word_1_397' title='bbox 1244 4907 1405 4970; x_wconf 87' lang='lat' dir='ltr'>solucione</span> <span class='ocrx_word' id='word_1_398' title='bbox 1429 4907 1548 4969; x_wconf 88' lang='lat' dir='ltr'>dechne</span> <span class='ocrx_word' id='word_1_399' title='bbox 1571 4906 1687 4970; x_wconf 88' lang='lat' dir='ltr'>liberos</span> <span class='ocrx_word' id='word_1_400' title='bbox 1710 4927 1780 4970; x_wconf 90' lang='lat' dir='ltr'>esse</span> <span class='ocrx_word' id='word_1_401' title='bbox 1803 4908 1947 4972; x_wconf 86' lang='lat' dir='ltr'>volumus</span> <span class='ocrx_word' id='word_1_402' title='bbox 1970 4913 2003 4971; x_wconf 94' lang='lat' dir='ltr'>et</span> <span class='ocrx_word' id='word_1_403' title='bbox 2018 4907 2182 4983; x_wconf 81' lang='lat' dir='ltr'>immunes,</span> 
     </span>
     <span class='ocr_line' id='line_1_40' title="bbox 683 5007 2183 5090; baseline 0.001 -20"><span class='ocrx_word' id='word_1_404' title='bbox 683 5007 877 5087; x_wconf 84' lang='lat' dir='ltr'>integraliter</span> <span class='ocrx_word' id='word_1_405' title='bbox 908 5008 1144 5088; x_wconf 83' lang='lat' dir='ltr'>persolvendam</span> <span class='ocrx_word' id='word_1_406' title='bbox 1175 5016 1208 5073; x_wconf 87' lang='lat' dir='ltr'>et</span> <span class='ocrx_word' id='word_1_407' title='bbox 1238 5016 1347 5073; x_wconf 87' lang='lat' dir='ltr'>contra</span> <span class='ocrx_word' id='word_1_408' title='bbox 1378 5028 1514 5090; x_wconf 69' lang='lat' dir='ltr'>{armenios</span> <span class='ocrx_word' id='word_1_409' title='bbox 1546 5011 1704 5089; x_wconf 87' lang='lat' dir='ltr'>predictos</span> <span class='ocrx_word' id='word_1_410' title='bbox 1735 5017 1765 5074; x_wconf 90' lang='lat' dir='ltr'>et</span> <span class='ocrx_word' id='word_1_411' title='bbox 1796 5012 1875 5076; x_wconf 87' lang='lat' dir='ltr'>alios</span> <span class='ocrx_word' id='word_1_412' title='bbox 1898 5012 2006 5076; x_wconf 86' lang='lat' dir='ltr'>hostes</span> <span class='ocrx_word' id='word_1_413' title='bbox 2028 5010 2183 5076; x_wconf 89' lang='lat' dir='ltr'>catholice</span> 
     </span>
     <span class='ocr_line' id='line_1_41' title="bbox 683 5111 2185 5196; baseline 0.002 -21"><span class='ocrx_word' id='word_1_414' title='bbox 683 5111 756 5175; x_wconf 86' lang='lat' dir='ltr'>lidei</span> <span class='ocrx_word' id='word_1_415' title='bbox 787 5113 1029 5176; x_wconf 88' lang='lat' dir='ltr'>convertendam</span> <span class='ocrx_word' id='word_1_416' title='bbox 1059 5132 1130 5177; x_wconf 89' lang='lat' dir='ltr'>curn</span> <span class='ocrx_word' id='word_1_417' title='bbox 1160 5113 1447 5177; x_wconf 78' lang='lat' dir='ltr'>rrrculificacionibns</span> <span class='ocrx_word' id='word_1_418' title='bbox 1477 5114 1696 5195; x_wconf 87' lang='lat' dir='ltr'>infrascriptis,</span> <span class='ocrx_word' id='word_1_419' title='bbox 1729 5115 1875 5179; x_wconf 87' lang='lat' dir='ltr'>videlicet</span> <span class='ocrx_word' id='word_1_420' title='bbox 1904 5116 1988 5196; x_wconf 87' lang='lat' dir='ltr'>qnod</span> <span class='ocrx_word' id='word_1_421' title='bbox 2018 5118 2050 5180; x_wconf 91' lang='lat' dir='ltr'>in</span> <span class='ocrx_word' id='word_1_422' title='bbox 2080 5117 2185 5195; x_wconf 81' lang='lat' dir='ltr'>regnis</span> 
     </span>
     <span class='ocr_line' id='line_1_42' title="bbox 684 5215 2188 5302; baseline 0.003 -24"><span class='ocrx_word' id='word_1_423' title='bbox 684 5215 975 5298; x_wconf 81' lang='lat' dir='ltr'>illisetpartibns,</span> <span class='ocrx_word' id='word_1_424' title='bbox 1001 5218 1168 5298; x_wconf 85' lang='lat' dir='ltr'>inquibus</span> <span class='ocrx_word' id='word_1_425' title='bbox 1199 5218 1238 5280; x_wconf 91' lang='lat' dir='ltr'>ad</span> <span class='ocrx_word' id='word_1_426' title='bbox 1273 5225 1393 5282; x_wconf 79' lang='lat' dir='ltr'>ccatnrn</span> <span class='ocrx_word' id='word_1_427' title='bbox 1428 5226 1553 5299; x_wconf 87' lang='lat' dir='ltr'>tempas</span> <span class='ocrx_word' id='word_1_428' title='bbox 1588 5219 1709 5283; x_wconf 87' lang='lat' dir='ltr'>decima</span> <span class='ocrx_word' id='word_1_429' title='bbox 1742 5221 1919 5285; x_wconf 89' lang='lat' dir='ltr'>lminsmodi</span> <span class='ocrx_word' id='word_1_430' title='bbox 1949 5219 2109 5302; x_wconf 86' lang='lat' dir='ltr'>aliquibus</span> <span class='ocrx_word' id='word_1_431' title='bbox 2138 5226 2188 5284; x_wconf 87' lang='lat' dir='ltr'>est</span> 
     </span>
     <span class='ocr_line' id='line_1_43' title="bbox 684 5321 2189 5406; baseline 0.003 -23"><span class='ocrx_word' id='word_1_432' title='bbox 684 5340 842 5398; x_wconf 79' lang='lat' dir='ltr'>comessa,</span> <span class='ocrx_word' id='word_1_433' title='bbox 868 5321 954 5385; x_wconf 74' lang='lat' dir='ltr'>tinini</span> <span class='ocrx_word' id='word_1_434' title='bbox 977 5328 1119 5402; x_wconf 89' lang='lat' dir='ltr'>tempore</span> <span class='ocrx_word' id='word_1_435' title='bbox 1142 5324 1355 5386; x_wconf 83' lang='lat' dir='ltr'>corrcessionis</span> <span class='ocrx_word' id='word_1_436' title='bbox 1379 5324 1520 5386; x_wconf 86' lang='lat' dir='ltr'>eiusdem</span> <span class='ocrx_word' id='word_1_437' title='bbox 1544 5323 1722 5387; x_wconf 89' lang='lat' dir='ltr'>huiusmodi</span> <span class='ocrx_word' id='word_1_438' title='bbox 1745 5324 1866 5389; x_wconf 77' lang='lat' dir='ltr'>deciana</span> <span class='ocrx_word' id='word_1_439' title='bbox 1889 5343 1946 5404; x_wconf 87' lang='lat' dir='ltr'>per</span> <span class='ocrx_word' id='word_1_440' title='bbox 1968 5342 2026 5388; x_wconf 91' lang='lat' dir='ltr'>nos</span> <span class='ocrx_word' id='word_1_441' title='bbox 2042 5325 2189 5406; x_wconf 86' lang='lat' dir='ltr'>imposita</span> 
     </span>
     <span class='ocr_line' id='line_1_44' title="bbox 685 5426 2189 5508; baseline 0.003 -20"><span class='ocrx_word' id='word_1_442' title='bbox 685 5426 715 5488; x_wconf 92' lang='lat' dir='ltr'>in</span> <span class='ocrx_word' id='word_1_443' title='bbox 740 5427 844 5501; x_wconf 83' lang='lat' dir='ltr'>regnis</span> <span class='ocrx_word' id='word_1_444' title='bbox 868 5433 901 5488; x_wconf 93' lang='lat' dir='ltr'>et</span> <span class='ocrx_word' id='word_1_445' title='bbox 924 5427 1066 5507; x_wconf 86' lang='lat' dir='ltr'>partibus</span> <span class='ocrx_word' id='word_1_446' title='bbox 1090 5427 1167 5505; x_wconf 87' lang='lat' dir='ltr'>ipsis</span> <span class='ocrx_word' id='word_1_447' title='bbox 1191 5426 1295 5504; x_wconf 81' lang='lat' dir='ltr'>colligi</span> <span class='ocrx_word' id='word_1_448' title='bbox 1320 5428 1435 5490; x_wconf 90' lang='lat' dir='ltr'>debeat</span> <span class='ocrx_word' id='word_1_449' title='bbox 1457 5433 1489 5489; x_wconf 90' lang='lat' dir='ltr'>et</span> <span class='ocrx_word' id='word_1_450' title='bbox 1512 5427 1609 5490; x_wconf 88' lang='lat' dir='ltr'>levari</span> <span class='ocrx_word' id='word_1_451' title='bbox 1634 5447 1690 5508; x_wconf 92' lang='lat' dir='ltr'>per</span> <span class='ocrx_word' id='word_1_452' title='bbox 1713 5428 1813 5491; x_wconf 87' lang='lat' dir='ltr'>dictos</span> <span class='ocrx_word' id='word_1_453' title='bbox 1839 5435 1904 5491; x_wconf 90' lang='lat' dir='ltr'>tres</span> <span class='ocrx_word' id='word_1_454' title='bbox 1935 5447 2032 5492; x_wconf 90' lang='lat' dir='ltr'>annos</span> <span class='ocrx_word' id='word_1_455' title='bbox 2063 5429 2095 5492; x_wconf 89' lang='lat' dir='ltr'>in</span> <span class='ocrx_word' id='word_1_456' title='bbox 2125 5436 2189 5492; x_wconf 79' lang='lat' dir='ltr'>ter·</span> 
     </span>
     <span class='ocr_line' id='line_1_45' title="bbox 684 5530 2189 5612; baseline 0.003 -21"><span class='ocrx_word' id='word_1_457' title='bbox 684 5531 776 5592; x_wconf 87' lang='lat' dir='ltr'>nrirris</span> <span class='ocrx_word' id='word_1_458' title='bbox 799 5531 988 5606; x_wconf 80' lang='lat' dir='ltr'>nremoratis,</span> <span class='ocrx_word' id='word_1_459' title='bbox 1007 5531 1049 5592; x_wconf 88' lang='lat' dir='ltr'>ita</span> <span class='ocrx_word' id='word_1_460' title='bbox 1071 5531 1154 5610; x_wconf 67' lang='lat' dir='ltr'>&lt;pared</span> <span class='ocrx_word' id='word_1_461' title='bbox 1176 5531 1275 5611; x_wconf 85' lang='lat' dir='ltr'>ipsius</span> <span class='ocrx_word' id='word_1_462' title='bbox 1291 5531 1412 5594; x_wconf 88' lang='lat' dir='ltr'>decime</span> <span class='ocrx_word' id='word_1_463' title='bbox 1429 5530 1544 5612; x_wconf 85' lang='lat' dir='ltr'>duplex</span> <span class='ocrx_word' id='word_1_464' title='bbox 1561 5532 1687 5595; x_wconf 88' lang='lat' dir='ltr'>exaccio</span> <span class='ocrx_word' id='word_1_465' title='bbox 1703 5551 1763 5595; x_wconf 93' lang='lat' dir='ltr'>non</span> <span class='ocrx_word' id='word_1_466' title='bbox 1780 5538 1954 5596; x_wconf 71' lang='lat' dir='ltr'>(renormat.</span> <span class='ocrx_word' id='word_1_467' title='bbox 1978 5533 2189 5598; x_wconf 85' lang='lat' dir='ltr'>Exaccienern</span> 
     </span>
     <span class='ocr_line' id='line_1_46' title="bbox 684 5634 2190 5722; baseline 0.003 -26"><span class='ocrx_word' id='word_1_468' title='bbox 684 5641 790 5696; x_wconf 88' lang='lat' dir='ltr'>autern</span> <span class='ocrx_word' id='word_1_469' title='bbox 814 5642 844 5696; x_wconf 86' lang='lat' dir='ltr'>et</span> <span class='ocrx_word' id='word_1_470' title='bbox 869 5635 1085 5715; x_wconf 75' lang='lat' dir='ltr'>ravepcienern</span> <span class='ocrx_word' id='word_1_471' title='bbox 1110 5634 1193 5697; x_wconf 87' lang='lat' dir='ltr'>dicte</span> <span class='ocrx_word' id='word_1_472' title='bbox 1217 5635 1337 5698; x_wconf 88' lang='lat' dir='ltr'>decime</span> <span class='ocrx_word' id='word_1_473' title='bbox 1360 5641 1424 5698; x_wconf 85' lang='lat' dir='ltr'>tam</span> <span class='ocrx_word' id='word_1_474' title='bbox 1448 5655 1466 5697; x_wconf 91' lang='lat' dir='ltr'>a</span> <span class='ocrx_word' id='word_1_475' title='bbox 1490 5636 1576 5698; x_wconf 78' lang='lat' dir='ltr'>volus</span> <span class='ocrx_word' id='word_1_476' title='bbox 1600 5656 1693 5715; x_wconf 76' lang='lat' dir='ltr'>‹pcrann</span> <span class='ocrx_word' id='word_1_477' title='bbox 1722 5637 1919 5718; x_wconf 81' lang='lat' dir='ltr'>patriarchis,</span> <span class='ocrx_word' id='word_1_478' title='bbox 1942 5637 2190 5722; x_wconf 85' lang='lat' dir='ltr'>archiepiscopis</span> 
     </span>
     <span class='ocr_line' id='line_1_47' title="bbox 685 5737 2189 5824; baseline 0.006 -25"><span class='ocrx_word' id='word_1_479' title='bbox 685 5744 717 5800; x_wconf 90' lang='lat' dir='ltr'>et</span> <span class='ocrx_word' id='word_1_480' title='bbox 741 5739 898 5819; x_wconf 89' lang='lat' dir='ltr'>episcopis</span> <span class='ocrx_word' id='word_1_481' title='bbox 929 5758 965 5800; x_wconf 89' lang='lat' dir='ltr'>ac</span> <span class='ocrx_word' id='word_1_482' title='bbox 995 5737 1066 5801; x_wconf 86' lang='lat' dir='ltr'>aliis</span> <span class='ocrx_word' id='word_1_483' title='bbox 1097 5740 1240 5818; x_wconf 90' lang='lat' dir='ltr'>personis</span> <span class='ocrx_word' id='word_1_484' title='bbox 1271 5738 1495 5802; x_wconf 87' lang='lat' dir='ltr'>ecclesiasticis</span> <span class='ocrx_word' id='word_1_485' title='bbox 1527 5741 1677 5821; x_wconf 88' lang='lat' dir='ltr'>predictis</span> <span class='ocrx_word' id='word_1_486' title='bbox 1707 5742 1846 5822; x_wconf 72' lang='lat' dir='ltr'>pinchun</span> <span class='ocrx_word' id='word_1_487' title='bbox 1879 5743 2091 5824; x_wconf 87' lang='lat' dir='ltr'>predictarum</span> <span class='ocrx_word' id='word_1_488' title='bbox 2123 5744 2189 5808; x_wconf 82' lang='lat' dir='ltr'>heri</span> 
     </span>
    </p>
   </div>
   <div class='ocr_carea' id='block_1_3' title="bbox 0 0 2612 7044">
    <p class='ocr_par' dir='ltr' id='par_1_3' title="bbox 0 0 2612 7044">
     <span class='ocr_line' id='line_1_48' title="bbox 0 0 2612 7044; baseline 0 0"><span class='ocrx_word' id='word_1_489' title='bbox 0 0 2612 7044; x_wconf 95' lang='lat' dir='ltr'> </span> 
     </span>
    </p>
   </div>
  </div>
 </body>
</html>
