5184 7050
655 844 721 911 224

750 1052 833 1116 Item
856 1052 1024 1135 supplicat,
1047 1056 1204 1134 quatenus
1237 1051 1349 1117 eadem
1381 1052 1411 1119 S.
1436 1052 1559 1136 prolate
1583 1053 1713 1136 capelle,
1748 1052 1833 1134 apud
1863 1072 1956 1134 quam
1984 1052 2024 1116 de
2048 1053 2158 1135 spinea

648 1174 764 1220 corona
787 1155 904 1221 domini
926 1160 960 1220 et
981 1156 1080 1220 multe
1103 1155 1165 1220 alie
1187 1174 1301 1238 magne
1324 1156 1458 1238 reliquie
1482 1164 1557 1222 sunt
1579 1157 1753 1234 recondite,
1780 1157 1998 1238 indulgentias
2021 1159 2055 1222 in
2077 1157 2158 1222 festo

649 1260 798 1326 Omnium
821 1259 1006 1326 Sanctorum
1030 1264 1064 1325 et
1078 1279 1136 1342 per
1148 1261 1279 1325 octabas
1303 1260 1445 1326 eiusdem
1469 1260 1543 1326 festi
1563 1261 1710 1342 dignetur
1733 1261 1908 1327 concedere
1930 1281 1968 1326 ao
1983 1261 2160 1343 indulgere,

650 1368 746 1446 prout
767 1364 970 1446 providentie
993 1365 1136 1429 eiusdem
1159 1365 1190 1430 S.
1215 1365 1342 1429 videtur
1365 1366 1543 1431 convenire.

755 1503 828 1567 Fiat
850 1504 890 1567 de
913 1523 974 1568 uno
998 1522 1079 1568 anno
1102 1508 1135 1567 et
1158 1523 1220 1568 una
1250 1504 1453 1586 quadragena
1482 1505 1514 1568 in
1537 1504 1622 1568 dicto
1645 1503 1738 1583 festo,
1768 1510 1801 1568 et
1831 1504 1863 1569 in
1893 1504 2015 1569 octabis
2048 1507 2083 1568 et
2106 1521 2162 1585 per

650 1608 781 1673 octabas
804 1609 992 1673 decentum
1016 1608 1128 1673 diebus
1152 1608 1226 1692 list)

756 1748 836 1812 Item
867 1766 937 1810 cum
975 1747 1126 1811 nonnulla
1158 1747 1352 1811 monasteria
1390 1751 1423 1810 et
1451 1746 1521 1811 loos
1553 1746 1616 1811 alia
1646 1747 1813 1829 utriusque
1844 1765 1949 1825 sexus,
1988 1746 2161 1829 Pragensis

652 1851 796 1928 dionesie,
821 1851 851 1915 in
874 1851 953 1915 locis
975 1856 1008 1915 et
1030 1851 1090 1915 viis
1113 1850 1258 1934 publicis
1282 1851 1381 1917 veluti
1405 1851 1500 1915 Porte
1518 1851 1750 1932 Apostolorum,
1769 1851 1870 1916 saneti
1893 1850 2071 1929 Benedicti,
2096 1868 2160 1914 ma·

650 1954 741 2032 rium,
765 1960 798 2018 et
821 1956 1022 2033 Doxanense,
1047 1955 1360 2033 premonstratensis,
1384 1961 1417 2020 et
1439 1955 1575 2037 quedam
1597 1955 1661 2020 alia
1680 1957 1712 2020 in
1728 1956 1900 2021 solitudine
1920 1960 1953 2020 et
1968 1954 2160 2032 nemoribus,

652 2063 688 2123 nt
699 2059 730 2123 in
745 2060 860 2140 Tyncz,
878 2060 977 2123 sancti
995 2059 1165 2138 Francisoi,
1190 2060 1388 2137 feminarum,
1423 2060 1567 2124 ordinum
1583 2060 1776 2125 monasteria
1791 2080 1828 2124 ac
1840 2059 1977 2124 ecclesia
1993 2059 2161 2141 collegiata

651 2164 682 2228 in
696 2162 822 2241 Sacnca,
839 2163 1028 2228 secularium
1051 2164 1247 2243 clericorum,
1271 2163 1339 2229 iore
1363 2164 1536 2229 constituta
1557 2169 1729 2229 noscantur
1748 2169 1781 2229 et
1802 2168 1946 2247 tempore
1970 2182 2158 2246 guerrarum

654 2266 743 2331 bonis
772 2270 806 2331 et
837 2268 931 2331 rebus
965 2269 1032 2332 suis
1065 2268 1209 2332 omnibus
1243 2268 1472 2349 quodammodo
1505 2268 1652 2333 totaliter
1685 2268 1861 2350 spolientur
1894 2272 1928 2332 et
1961 2267 2160 2332 cessantibus

652 2371 775 2453 guerris
797 2377 928 2453 propter
956 2371 1190 2437 multitudinem
1219 2372 1370 2437 nobilium
1405 2377 1437 2436 et
1465 2371 1598 2437 aliorum
1632 2372 1791 2455 hospitum
1825 2372 1900 2437 illue
1929 2368 2158 2436 confluencium

651 2475 799 2555 expensis
829 2476 1000 2540 innumeris
1029 2480 1062 2540 et
1080 2475 1333 2558 importabilibus
1363 2476 1442 2540 adeo
1468 2480 1708 2559 pregraventur,
1742 2475 1827 2558 quod
1856 2494 1992 2558 persone
2016 2475 2155 2557 ipsorum

653 2579 915 2643 monasteriorum
938 2584 971 2644 et
993 2579 1133 2644 locorum
1155 2585 1318 2662 nequeunt
1341 2598 1478 2662 oongme
1501 2579 1541 2643 de
1565 2580 1692 2645 residuo
1716 2581 1899 2659 sustentari,
1922 2584 1956 2644 et
1971 2584 2083 2662 preter
2104 2579 2160 2643 hec

653 2684 685 2748 in
707 2684 908 2748 monasteriis
931 2684 1127 2748 dominarum
1149 2685 1302 2766 predictis
1324 2684 1463 2765 virgines
1485 2687 1519 2748 et
1541 2684 1663 2748 nobiles
1686 2685 1717 2748 in
1741 2684 1788 2748 eis
1811 2684 1936 2749 domino
1959 2683 2158 2760 famulantes,

654 2788 822 2870 presertim
849 2787 990 2865 iuvenes,
1013 2789 1102 2870 gravi
1133 2788 1275 2869 periculo
1305 2792 1338 2853 et
1371 2787 1544 2853 discrimini
1582 2788 1748 2854 subiacere
1786 2792 1966 2866 noscantur,
1999 2787 2161 2853 humiliter

654 2892 822 2975 supplicat,
846 2898 1003 2973 quatenus
1027 2892 1130 2957 eidem
1152 2893 1336 2971 marchioni,
1353 2892 1436 2973 quod
1453 2893 1645 2957 monasteria
1660 2896 1694 2957 et
1716 2892 1787 2956 loca
1802 2892 1954 2975 predicta,
1979 2892 2006 2957 si
2032 2941 2039 2956 .
2065 2942 2072 2956 .
2096 2893 2160 2974 epi·

655 3015 750 3078 scopo
779 2996 940 3077 Progensi,
966 3045 972 3059 .
998 3045 1004 3059 .
1035 2996 1143 3062 abbati
1174 2996 1291 3061 Montis
1326 2997 1411 3078 Syon
1434 2996 1578 3078 predicto
1611 3001 1644 3059 et
1674 2997 1818 3061 ministro
1848 2997 2011 3078 provincie
2042 2996 2160 3061 ordinis

654 3101 788 3165 fratrum
813 3099 979 3177 Minorum,
1010 3100 1094 3165 dicte
1123 3101 1291 3181 Pragensis
1315 3101 1461 3178 diocesis
1496 3100 1637 3181 ipsorum
1665 3101 1928 3166 monasteriorum
1958 3105 1992 3165 et
2018 3099 2158 3165 lomrum

655 3204 882 3286 superioribus,
913 3204 1085 3286 expediens
1116 3211 1148 3269 et
1178 3205 1256 3269 utile
1285 3204 1454 3282 videbitur,
1490 3205 1612 3286 possint
1641 3204 1680 3268 ad
1711 3205 1872 3269 civitatem
1896 3204 2090 3287 Progensem
2112 3204 2161 3271 vel

656 3309 805 3391 preurbia
827 3309 929 3390 ipsius
952 3309 1091 3373 civitatis
1113 3309 1278 3374 transferri
1303 3328 1373 3374 cum
1406 3309 1550 3373 omnibus
1583 3307 1714 3385 iuribus,
1749 3307 1933 3391 privilegiis,
1958 3307 2163 3374 libertatibus

656 3417 690 3477 et
723 3413 982 3491 immunitatibus,
1017 3432 1079 3495 que
1102 3414 1246 3478 obtinent
1272 3413 1312 3476 de
1338 3413 1488 3494 presenti,
1523 3430 1580 3496 pro
1615 3412 1708 3476 dictis
1737 3412 1973 3495 gravaminibus
1994 3413 2162 3492 evitandis,

656 3517 790 3583 mraxime
814 3538 883 3582 cum
907 3538 970 3583 una
992 3537 1115 3583 mecum
1146 3569 1152 3582 .
1178 3568 1185 3582 .
1210 3518 1389 3600 prepositus
1420 3523 1484 3583 et.
1509 3567 1516 3581 .
1540 3516 1678 3582 decanus
1712 3517 1797 3582 dicte
1829 3515 1994 3584 Sacoensis
2028 3514 2164 3582 ecclesie

657 3640 714 3704 pro
735 3622 947 3687 translacione
970 3622 1151 3687 huiusmodi
1173 3641 1231 3687 sue
1250 3622 1385 3687 ecclesie
1408 3622 1570 3687 humiliter
1592 3621 1773 3703 supplicent
1795 3622 1879 3686 dicte
1901 3621 2018 3686 Vestre
2042 3622 2164 3687 Sancti·

656 3727 725 3804 tati,
748 3726 887 3791 dimissis
916 3732 1021 3791 tamen
1052 3727 1083 3790 in
1114 3727 1252 3809 antiquis
1282 3726 1361 3790 locis
1391 3726 1486 3791 certis
1517 3726 1662 3808 personis
1692 3744 1748 3807 pro
1780 3725 1867 3790 cultu
1897 3725 2004 3789 divino
2035 3730 2070 3790 et
2093 3725 2165 3790 aliis

657 3832 830 3913 oportunis
862 3832 1008 3913 quodque
1038 3831 1217 3896 huiusmodi
1248 3831 1379 3912 antiqua
1418 3830 1487 3895 loca
1518 3830 1658 3894 membra
1688 3830 1842 3894 dictorum
1871 3829 2164 3894 transferendorum

658 3936 857 4017 postmodum
881 3940 1080 4013 censeantur,
1100 3954 1287 4018 quacunque
1304 3935 1532 3999 constitucione
1546 3933 1704 3998 contraria
1717 3952 1779 3997 non
1794 3933 1950 4011 obstante,
1973 3934 2164 3999 auctoritate

656 4039 831 4120 apostoliea
854 4041 1028 4104 concedere
1052 4039 1221 4122 dignemini
1244 4040 1284 4103 dc
1306 4040 1413 4122 gracia
1439 4037 1580 4121 speciali,
1615 4057 1685 4102 eum
1716 4037 1785 4103 aliis
1815 4057 1876 4102 non
1906 4038 2111 4104 obstantibus
2133 4043 2165 4103 et

658 4142 808 4207 clausulis
831 4144 1004 4225 oportunis

759 4283 830 4348 Fiat
852 4284 892 4348 de
915 4284 1106 4348 monasterio
1134 4283 1362 4363 Doxanensi,⁶l
1396 4282 1515 4347 ordinis
1545 4281 1858 4359 Premonstratensis
1893 4285 1926 4345 et
1955 4280 1996 4346 de
2028 4280 2164 4347 ecclesia

657 4387 823 4468 collegiata
846 4388 876 4451 in
900 4386 1072 4464 Saczca,⁶),
1097 4388 1266 4468 Pragensis
1287 4387 1433 4464 diocesis,
1458 4387 1494 4451 R.
1519 4387 1561 4452 Et
1584 4406 1614 4468 q.
1636 4392 1660 4451 t.
1677 4405 1702 4451 s.
1719 4405 1747 4450 a.
1764 4385 1784 4449 l.
1809 4385 1880 4450 Fiat
1896 4384 1932 4450 R.
1951 4386 1989 4451 D.
2003 4386 2160 4452 Auinione

658 4490 687 4555 V
709 4509 780 4555 non.
805 4490 880 4555 Maii
904 4512 931 4555 a.
956 4491 1104 4556 secundo.
1249 4483 1252 4494 ’

765 4732 914 4787 Clementis
940 4734 976 4786 v1
1000 4733 1027 4788 S.
1050 4733 1104 4803 list
1123 4738 1161 4797 (l)
1179 4735 1198 4787 s.
1216 4740 1274 4789 ³³2.
1308 4764 1341 4773 -
1367 4740 1389 4796 m
1408 4732 1564 4800 suppletum
1593 4749 1678 4801 supra
1701 4731 1727 4787 S.
1756 4734 1778 4795 ¹r)
1798 4729 1876 4784 deest
1903 4728 1930 4783 in
1950 4728 1987 4797 8,
2016 4731 2108 4800 suppl.
2128 4730 2161 4783 ab

660 4818 774 4874 editore.
795 4851 826 4859 -
851 4825 869 4882 ¹)
887 4819 948 4875 vide
967 4838 993 4873 ιι.
1012 4827 1070 4875 363.
1090 4825 1110 4885 ¹)
1129 4820 1190 4875 ride
1210 4837 1235 4874 n.
1255 4827 1313 4874 373.
1333 4821 1353 4881 ”)
1372 4818 1432 4874 vide
1452 4837 1479 4877 ιι.
1499 4826 1558 4874 371.
1576 4822 1597 4885 ⁴)
1616 4818 1676 4874 vide
1695 4836 1720 4872 ιι.
1741 4823 1790 4871 373
1810 4825 1838 4872 et
1856 4822 1915 4871 373.
1935 4818 1955 4884 ⁶)
1974 4816 2037 4871 vide
2056 4834 2083 4873 n.
2101 4822 2159 4872 374.

660 4908 682 4974 ⁸)
701 4906 762 4962 vide
782 4925 808 4961 n.
827 4914 886 4961 375.
