5184 7050
1863 893 1930 967 cll

422 1103 541 1172 1198.
564 1102 798 1185 Muilardus,·)
821 1125 920 1170 conces
945 1105 1093 1171 (loricim
1114 1110 1145 1172 et
1170 1106 1286 1172 Tirolis
1309 1112 1377 1188 etc,
1394 1108 1521 1174 dendus
1542 1108 1676 1174 senior
1697 1108 1930 1190 etfamiliaris

420 1209 616 1273 serenissimi
636 1208 795 1291 principis
817 1209 937 1276 malni
961 1208 1078 1287 Caroli,
1100 1212 1315 1277 Rornanorum
1337 1213 1429 1297 repis,
1452 1210 1624 1296 supplicat,
1648 1216 1803 1294 qmtenus
1824 1232 1929 1280 secum

420 1311 628 1395 dispensetur,
652 1316 687 1376 ut
708 1313 744 1376 in
765 1314 965 1379 matrimonio
989 1335 1059 1380 mm
1083 1312 1266 1396 Catlerina,
1280 1315 1359 1399 filia
1381 1314 1495 1395 Ulrici,
1511 1316 1633 1381 comitis
1653 1315 1691 1381 dc
1706 1314 1929 1400 Psanndcrql)

420 1420 590 1490 contracto,
615 1437 805 1501 pemeauere
826 1419 940 1500 possit,
962 1439 1026 1484 non
1047 1419 1199 1495 obstante,
1222 1420 1306 1503 quod
1327 1441 1410 1486 uuus
1431 1420 1466 1485 in
1486 1420 1580 1486 tertio
1602 1423 1632 1485 ct
1655 1418 1741 1485 alius
1761 1421 1796 1485 iu
1816 1425 1932 1504 quarto

421 1521 710 1601 mnsanpuinitatis
730 1522 885 1602 matidies
906 1523 972 1587 sint
993 1525 1161 1603 coniuncti,
1185 1529 1215 1588 et
1236 1528 1273 1588 ut
1289 1524 1397 1608 proles
1419 1525 1504 1592 iuter
1521 1525 1607 1608 ipsos
1623 1528 1771 1609 sincepta
1785 1528 1817 1590 et
1829 1525 1930 1592 susci·

414 1624 537 1707 pieuda
569 1625 713 1706 lepilima
746 1626 945 1693 decunctur.
989 1628 1108 1704 ,Possit
1131 1627 1210 1710 fieri
1245 1650 1307 1712 per
1339 1628 1525 1705 (luidonem,
1555 1627 1645 1694 tituli
1673 1631 1782 1696 sande
1814 1625 1932 1696 Cecilic

415 1728 637 1810 presbyterum
659 1729 865 1812 cardinalern,
888 1731 1027 1814 lcpaturn
1049 1736 1117 1812 etc,
1140 1733 1170 1797 si
1191 1733 1307 1799 uiderit
1328 1733 1484 1818 expedire,
1506 1734 1648 1799 iniuncta
1671 1734 1717 1798 eis
1739 1733 1820 1800 bona
1837 1734 1928 1818 peni·

420 1833 524 1898 tendo
547 1837 578 1898 et
598 1834 680 1917 ipsis
702 1836 864 1919 separatis
887 1836 931 1902 ad
952 1840 1084 1921 tempus,
1108 1842 1138 1902 cl
1160 1839 1242 1921 quod
1263 1840 1431 1904 teneantur
1457 1837 1603 1924 fundare
1625 1857 1724 1904 unarn
1744 1837 1794 1902 uel
1817 1837 1931 1922 plures

423 1937 632 2020 capellanias,
666 1939 750 2004 suut
782 1941 898 2006 uident
931 1941 1086 2026 expedire,
1120 1946 1151 2009 st
1184 1941 1271 2008 alias
1300 1944 1336 2010 in
1360 1946 1474 2024 fornia
1505 1945 1543 2009 R.
1563 1986 1575 2008 -.
1599 1991 1608 2009 .
1630 1993 1641 2018 ,.
1666 1995 1674 2009 .
1699 1941 1740 2006 D.
1774 1942 1931 2010 Auiniouc

883 2046 976 2112 XIII
991 2046 1056 2112 kal.
1080 2047 1262 2114 Decembris
1286 2068 1316 2112 a.
1343 2051 1472 2114 cctaoa‘

1331 2185 1494 2264 Acium,
1519 2188 1604 2254 1349
1625 2187 1811 2254 Nouembris
1833 2189 1886 2255 19.

526 2335 674 2394 Clementis
691 2338 730 2393 Vl
748 2338 775 2392 S.
796 2339 888 2408 vnlp
908 2344 962 2405 (18)
980 2339 1000 2395 f.
1019 2346 1061 2395 86.
1081 2372 1112 2382 -
1140 2347 1162 2408 ·)
1180 2341 1366 2412 ,Meynardus‘
1385 2343 1410 2399 S.
1437 2343 1462 2410 b)
1481 2342 1682 2411 ,Phammberh‘
1700 2346 1725 2401 S.

422 2706 545 2774 1199.
578 2704 724 2786 Qnidoni,
753 2712 885 2773 sardae
917 2706 1051 2774 Ceciliae
1075 2707 1259 2792 presbytero
1289 2710 1462 2790 cardinali,
1493 2711 1684 2796 apostolicae
1712 2711 1797 2777 sedis
1817 2711 1929 2795 lepato,

419 2811 600 2876 conceditur
621 2811 870 2877 consideratione
893 2810 1008 2892 Caroli,
1033 2814 1247 2878 Romanornun
1262 2818 1292 2878 et
1307 2815 1479 2880 Belemiae
1495 2817 1588 2898 repis,
1602 2820 1640 2880 ut
1654 2836 1725 2882 min
1740 2816 1929 2894 Mendardo,

421 2917 531 2979 comite
557 2917 704 2981 Gcriciae
736 2922 765 2981 et
802 2917 927 2995 I'irolis,
961 2917 1017 2999 qni
1049 2917 1188 2983 ciusdm
1220 2918 1304 3002 repis
1332 2920 1466 2985 servitor
1494 2924 1525 2985 et
1550 2920 1736 3000 familiaris
1758 2920 1877 2998 existit,
1899 2924 1931 2986 et

420 3019 605 3100 Catterina,
634 3019 708 3102 filia
737 3022 770 3086 U
771 3021 852 3096 lriei‚
876 3022 1000 3086 comitis
1022 3020 1060 3086 dc
1082 3022 1314 3106 Pfaunlerp,·)
1338 3044 1433 3110 super
1455 3026 1748 3092 matrimonialem
1770 3028 1929 3091 contracto

421 3123 591 3207 dispenset,
610 3129 708 3208 prout
729 3127 764 3190 in
785 3125 1017 3210 supplicatione
1044 3126 1250 3208 praecedenti
1271 3129 1455 3195 continetur.
1501 3130 1553 3210 ,D.
1576 3129 1734 3196 Arsinionc
1757 3130 1851 3194 XIII
1865 3127 1930 3196 lul.

484 3314 508 3367 X
985 3231 1166 3297 Decembris
1188 3254 1219 3297 a.
1242 3235 1373 3298 adaco!

466 3385 524 3438 .x.
1329 3372 1492 3453 Acinionc,
1517 3373 1601 3438 1349
1622 3370 1809 3439 Nouanlris
1829 3372 1883 3440 19.

527 3524 676 3581 Clementis
694 3525 732 3581 Vl
750 3527 783 3579 Α.
802 3526 894 3595 VIHso
912 3526 985 3594 (110)
1003 3525 1023 3581 f.
1041 3529 1101 3581 366¹
1121 3543 1147 3583 a
1166 3533 1225 3596 326,
1244 3527 1414 3585 &remanum
1431 3527 1581 3585 formamus
1598 3544 1643 3598 qu.
1662 3534 1726 3582 4:
1737 3527 1770 3583 V.
1784 3531 1835 3582 198
1846 3528 1865 3583 f.
1880 3533 1928 3584 10⁷

419 3627 447 3665 n
468 3616 526 3665 326.
555 3614 578 3678 ⁸)
599 3612 787 3679 ,Phamberch‘
805 3615 839 3667 A.

417 3945 542 4012 1200.
567 3945 709 4026 Carolus,
743 3949 958 4014 &mammen
979 3952 1010 4014 et
1032 3946 1203 4013 Bolemiae
1231 3966 1299 4028 rec,
1332 3946 1501 4032 supplicat,
1532 3950 1688 4031 quarm
1716 3945 1862 4017 Jotaam·
1891 3948 1929 4012 dc

421 4048 535 4113 liuida
557 4049 596 4115 de
612 4052 841 4136 praepositura
863 4053 899 4117 in
920 4051 1050 4118 ecclesia
1080 4051 1447 4117 mandassemus
1477 4049 1687 4135 prmidcatur
1712 4055 1742 4116 et
1763 4049 1928 4119 &onisloo

637 4154 720 4220 dicto
741 4154 846 4237 Sostra
868 4156 1042 4223 decuma
1064 4154 1212 4222 ecclmiae
1241 4153 1513 4221 Vladislacicnsis
1532 4158 1718 4222 renouetur.

1324 4293 1488 4376 Antonione,
1514 4296 1602 4361 1349
1622 4292 1810 4361 Nooeuslris
1832 4295 1885 4362 19.

523 4451 687 4535 Significat
709 4454 740 4521 S.
764 4454 802 4520 V.
826 4453 961 4521 devotus
990 4458 1098 4520 vester
1130 4457 1164 4520 et
1193 4456 1303 4520 sancte
1332 4450 1474 4518 Bonum
1503 4451 1639 4519 ecclesie
1668 4449 1754 4517 filius
1779 4450 1927 4530 Karalus,

417 4556 632 4622 Romanorum
655 4563 689 4624 et
711 4560 841 4624 Boemie
863 4578 931 4638 rex,
954 4563 1112 4641 quatenus
1135 4557 1196 4625 sibi
1218 4557 1251 4622 in
1265 4574 1436 4640 personam
1460 4556 1569 4623 dilecti
1590 4555 1758 4622 familiaris
1781 4555 1832 4622 sui
1854 4573 1927 4623 con·

418 4661 503 4727 tinni
524 4662 681 4729 Iohannis
703 4664 744 4728 de
765 4663 887 4744 Insula,
904 4664 1015 4730 decani
1037 4663 1173 4729 ecclesie
1188 4662 1477 4740 Wladislaniensis,
1493 4661 1665 4744 specialem
1687 4659 1827 4745 graciam
1849 4660 1928 4727 laci·

419 4771 522 4850 entes,
546 4770 650 4835 eidem
665 4769 704 4835 de
720 4770 923 4852 prepositura
946 4767 1081 4834 ecclesie
1103 4765 1339 4845 Poznanieusis,
1355 4769 1487 4831 vacante
1507 4766 1547 4831 ad
1563 4783 1696 4850 presens
1719 4764 1805 4849 apud
1820 4765 1928 4831 sedem

419 4871 629 4953 apostolicam
666 4892 724 4955 per
759 4874 974 4958 provisionem
1003 4890 1062 4955 per
1091 4869 1224 4942 eandem
1254 4869 1292 4935 V.
1327 4869 1358 4936 S.
1390 4868 1515 4935 domino
1549 4868 1677 4935 Andree
1714 4871 1754 4936 de
1791 4868 1927 4937 ecclesia

417 4976 565 5057 predicta
586 4977 796 5044 Pcznaniensi
813 4977 953 5065 [iactam]
962 4977 988 5060 ⁸)
1011 4981 1046 5041 et
1063 4993 1177 5041 munus
1200 4973 1452 5040 consecracionis
1468 4973 1508 5039 de
1524 4974 1595 5056 ipsa
1610 4969 1833 5056 susceptumff)
1858 4973 1927 5057 [qui

419 5079 566 5144 dominus
588 5081 747 5167 Andreas]
755 5084 780 5165 ο)
804 5083 1004 5166 postmodnm
1025 5098 1084 5164 per
1105 5080 1239 5145 eandem
1253 5078 1291 5144 V.
1309 5078 1340 5145 S.
1356 5078 1397 5144 de
1412 5077 1499 5144 dicta
1513 5078 1723 5144 Poznaniensi
1737 5078 1875 5145 ecclesia
1889 5076 1929 5142 ad

419 5184 590 5250 ecclesiam
612 5186 864 5252 Zaerzinensem
885 5187 1061 5253 translatus
1085 5181 1194 5269 [est]⁶)
1210 5188 1243 5251 et
1257 5187 1333 5249 ante
1347 5183 1559 5265 provisionem
1574 5187 1608 5247 et
1621 5181 1868 5249 translacionem
1883 5182 1929 5248 sic

419 5306 481 5371 per
502 5289 635 5356 eandem
666 5290 697 5357 S.
721 5292 783 5357 sibi
812 5291 917 5358 lactas
947 5291 1065 5356 dictam
1094 5290 1329 5372 preposituram
1359 5287 1532 5366 obtinebat,
1563 5286 1668 5352 eidem
1696 5284 1835 5353 Iohanni
1858 5304 1929 5351 cum

418 5393 567 5460 omnibus
588 5396 655 5461 suis
677 5396 801 5463 iuribus
816 5402 849 5462 et
864 5395 1070 5480 pertinenciis
1094 5393 1266 5479 dignemini
1287 5391 1466 5473 providere,
1481 5409 1544 5457 non
1568 5393 1726 5472 obstante,
1742 5392 1826 5475 quod
1842 5390 1926 5456 idem

414 5496 582 5564 Iohannes
605 5500 725 5568 dictum
746 5502 935 5568 decanatum
953 5506 987 5566 et
1001 5501 1035 5567 in
1051 5495 1340 5584 Wald[islauiensi]
1365 5515 1403 5561 ac
1426 5495 1643 5564 Crusuiciensi
1667 5502 1699 5563 et
1721 5496 1808 5563 beati
1827 5496 1929 5574 Petri,

416 5602 558 5669 diocesis
580 5605 868 5685 Wladislauiensis,
892 5625 930 5673 ac
952 5605 1170 5682 Guerzmensi,
1199 5601 1409 5667 Pcznaniensi
1439 5607 1473 5666 et
1493 5600 1753 5668 Wratisleuiensi
1784 5599 1929 5666 ecclesiis

415 5708 624 5775 canonicatus
646 5716 681 5777 et
700 5711 880 5794 prebendas
911 5729 949 5776 ac
980 5709 1082 5776 altare
1112 5707 1213 5775 sancti
1236 5704 1405 5771 Michaelis
1435 5706 1468 5770 in
1498 5705 1634 5772 ecclesia
1656 5705 1928 5783 Wratisleuiensi,

413 5818 607 5881 consuetum
636 5818 789 5885 canonico
820 5817 990 5898 assignari,
1013 5814 1156 5882 noscitur
1182 5811 1338 5890 obtinere,
1367 5827 1462 5894 quem
1492 5809 1680 5877 demnatum
1709 5813 1847 5893 paratus
1878 5814 1929 5875 est
