5184 7050
1887 851 1948 918 751

434 1057 556 1124 1464.
579 1055 724 1123 Jobanni
747 1054 906 1135 Haynlini
925 1057 1110 1141 procudetur
1131 1056 1170 1120 de
1191 1057 1382 1122 canonicatu
1403 1056 1550 1122 aoniae
1573 1057 1843 1139 Vyesepradensrs,
1867 1061 1947 1124 Pra-

430 1161 540 1242 acnsis
554 1160 694 1237 diocesis,
710 1159 768 1223 snb
783 1161 998 1243 expectatione
1015 1161 1226 1244 praebendae.
1251 1162 1304 1240 ,D.
1321 1161 1408 1243 capud
1423 1160 1664 1240 Vittamnonam,
1681 1161 1719 1225 A.
1736 1161 1778 1241 d,
1795 1163 1867 1226 XII
1884 1162 1948 1230 aaz.

434 1263 561 1349 Aprilis
577 1286 608 1329 a.
625 1264 763 1329 decimo.⁸
777 1301 818 1310 -
834 1266 875 1328 In
888 1286 913 1328 e.
930 1286 970 1331 m.
986 1266 1130 1348 episcopo
1145 1264 1344 1330 Stcsroiccnsi
1353 1267 1380 1345 ⁸)
1404 1269 1434 1328 et
1455 1265 1571 1330 decano
1597 1265 1745 1329 Omnium
1760 1265 1949 1332 Sanctarum

560 1368 734 1449 itacensis
757 1388 796 1433 ae
817 1370 974 1434 sacristae
996 1367 1217 1434 Acinionensis
1239 1368 1451 1433 ecclesiarum.
1497 1370 1612 1433 Forma
1635 1372 1671 1432 nt
1692 1370 1726 1435 in
1749 1392 1779 1434 n.
1803 1371 1833 1434 6.

1212 1522 1310 1608 Apud
1340 1523 1688 1605 Villamnooam,1352
1712 1525 1829 1591 Martii
1850 1528 1902 1592 21.

541 1712 692 1769 clementie
716 1712 754 1767 Vl
778 1715 809 1766 V.
834 1719 883 1771 207
903 1714 922 1768 i.
940 1715 1001 1767 ttt'
1020 1730 1046 1768 n.
1066 1718 1107 1781 ts,
1127 1712 1161 1769 de
1179 1713 1346 1783 praebendis
1364 1713 1508 1769 vacaturis.
1535 1714 1567 1770 ln
1586 1717 1618 1768 Α.
1636 1714 1665 1768 bi
1684 1713 1811 1783 quaterni
1830 1729 1885 1769 non
1903 1729 1946 1768 re·

434 1800 590 1869 perluatur.
609 1832 643 1842 -
670 1804 695 1869 ¹)
712 1800 900 1869 ‚Sleamcenrl‘
917 1801 951 1855 V.

432 2203 555 2269 racc.
583 2200 782 2281 maana,
806 2220 905 2267 cana
928 2199 1121 2284 acosma,
1143 2201 1317 2285 wactas,
1340 2205 1376 2265 a
1399 2181 1541 2268 baean
1556 2199 1721 2266 asana
1743 2202 1948 2266 camaena

632 2309 662 2370 ct
678 2305 865 2389 praebmda
886 2303 1036 2371 ecciesiae
1058 2305 1232 2387 Prapauis
1256 2309 1466 2388 conserantur
1487 2305 1535 2371 oct
1557 2309 1763 2371 reserventur.

1157 2513 1161 2520 ,
1204 2443 1303 2528 Apud
1333 2444 1572 2521 Villamnooam,
1605 2446 1689 2509 1352
1711 2445 1829 2511 Macte
1850 2448 1903 2512 23.

539 2601 708 2686 Supplicnt
729 2601 761 2670 S.
784 2603 821 2670 V.
847 2603 963 2668 devota
985 2607 1132 2668 creatura
1153 2608 1261 2667 vestra
1285 2601 1512 2686 G[uillelmus],
1537 2618 1641 2666 comes
1660 2599 1847 2679 Bellilortis,
1870 2620 1948 2684 qua·

435 2711 534 2772 tenus
556 2706 617 2772 sibi
640 2707 672 2771 in
694 2725 861 2790 personam
883 2707 993 2773 dilecti
1016 2709 1065 2773 sui
1090 2707 1264 2772 Cnadconis
1288 2707 1466 2785 Absicanis,
1490 2707 1615 2788 nepotis
1638 2705 1750 2770 decani
1765 2704 1946 2787 Pragensis,

434 2810 656 2893 procuratoris
686 2809 743 2876 tilii
773 2811 823 2876 eui
853 2811 988 2896 Nicolay
1017 2813 1050 2877 in
1079 2831 1177 2895 regno
1199 2812 1345 2890 Boemie,
1365 2810 1536 2893 specialem
1560 2809 1949 2891 g1·aciamlecientes,de

434 2916 624 2980 canonicatu
658 2920 692 2979 et
723 2916 887 2999 prebenda
920 2917 1056 2982 ecclesie
1090 2917 1270 2999 pragensis,
1306 2917 1361 2998 qui
1394 2917 1427 2980 in
1449 2916 1538 2981 bravi
1562 2934 1674 2980 vacare
1698 2920 1869 2997 sperantur
1890 2932 1949 2997 per

433 3037 551 3085 munus
584 3021 835 3086 consecracionis
846 3024 871 3101 ⁸)
894 3020 1060 3101 iohannis,
1084 3021 1179 3086 electi
1202 3020 1433 3098 Olomucensis,
1456 3038 1514 3102 per
1536 3020 1567 3086 S.
1591 3018 1629 3085 V.
1653 3018 1775 3101 pridem
1799 3019 1944 3100 promoti,

433 3123 465 3190 si
489 3125 575 3206 ipsos
599 3123 711 3188 eodem
732 3124 784 3189 vel
806 3124 869 3190 alio
893 3126 1005 3207 quovis
1027 3126 1120 3190 modo
1142 3143 1258 3190 sacam
1286 3125 1464 3206 contigerit,
1496 3122 1667 3205 dignemini
1699 3122 1865 3204 providere
1895 3121 1946 3186 sel

435 3229 544 3295 eidem
567 3227 774 3294 conferendos
797 3229 962 3294 donaciani
985 3228 1159 3310 apostolice
1182 3247 1359 3307 reservare,
1383 3246 1453 3292 cum
1477 3227 1621 3293 omnibus
1644 3245 1706 3291 non
1737 3226 1946 3305 obstantibus,

435 3334 591 3401 clausulis
614 3335 779 3416 oportunis
801 3338 835 3398 et
855 3333 1059 3412 necessariis,
1083 3337 1119 3398 ut
1142 3334 1174 3398 in
1196 3320 1305 3398 torma.

545 3453 618 3519 Fiat
647 3453 684 3519 R.
729 3454 773 3520 Et
802 3472 831 3538 q.
864 3458 887 3518 t.
919 3453 1043 3519 sal.
1088 3453 1163 3519 Fiat
1184 3454 1223 3519 R.
1269 3457 1307 3520 D.
1333 3454 1418 3538 apud
1441 3453 1682 3534 Villamnouam,
1706 3454 1743 3518 Α.
1768 3453 1808 3534 d.,
1831 3450 1860 3514 X
1884 3449 1946 3517 kal.

433 3559 560 3643 Aprilis
582 3579 612 3625 a.
636 3559 767 3625 decimo.

546 3713 696 3769 Clementis
715 3714 753 3769 Vl
771 3713 798 3769 S.
817 3714 869 3783 ΧΑ
890 3717 947 3784 (21)
965 3730 1032 3783 pars
1049 3714 1138 3770 ultera
1155 3713 1174 3768 i.
1194 3716 1245 3767 ὅδ’.
1265 3744 1299 3757 -
1326 3717 1349 3783 ·)
1367 3715 1497 3781 ‚muneris
1514 3714 1761 3770 consecracionem‘
1778 3713 1815 3779 S,
1832 3709 1946 3766 corr.ab

435 3799 553 3855 edimra

433 4221 559 4290 1466.
590 4221 653 4283 Pro
684 4218 815 4283 Nicotao
845 4220 883 4283 de
913 4220 1063 4301 Lnnberp
1084 4218 1295 4304 uppluatur,
1317 4223 1473 4301 quatenus
1496 4219 1623 4286 cobatio
1644 4218 1789 4298 eifacta
1810 4218 1849 4282 dc
1867 4240 1946 4301 par-

816 4322 933 4387 ocbiati
954 4323 1085 4388 eoetmia
1107 4324 1142 4388 in
1167 4322 1345 4388 Otmocbow
1367 4323 1575 4406 conficeretur.

1211 4478 1309 4564 Apud
1341 4479 1579 4560 Vitlamnouam,
1603 4482 1691 4545 1352
1714 4478 1830 4545 Martii
1851 4480 1903 4543 23.

771 4669 907 4736 Rutulus
930 4668 1205 4737 confirmationum
1227 4672 1420 4738 auctoritate
1443 4671 1612 4738 ordinaria.

545 4863 641 4927 Pater
662 4861 879 4927 sanctissime!
903 4862 1084 4944 Dignemini
1108 4861 1296 4928 collaciones
1320 4861 1549 4943 infrascriptae,
1573 4862 1764 4926 auctoritate
1787 4860 1948 4925 ordinaria

432 4966 581 5049 legitime
604 4971 638 5031 et
660 4966 780 5048 absque
803 4966 978 5048 preludicio
1001 4968 1240 5048 impetrantium
1263 4985 1321 5033 seu
1344 4967 1478 5033 aliorum
1511 4967 1623 5046 factas,
1652 4985 1717 5031 non
1746 4966 1947 5031 obstantibus

432 5072 556 5137 vestris
589 5071 783 5152 specialibus
817 5071 1099 5149 reseraacionibua
1134 5070 1320 5136 confirmare
1351 5071 1402 5135 vol
1426 5071 1465 5136 de
1487 5091 1567 5136 novo
1590 5072 1768 5154 providere,
1792 5090 1862 5136 eum
1885 5090 1947 5137 non

433 5174 642 5240 obstantibus
666 5175 697 5240 in
720 5181 828 5239 vestra
850 5175 1113 5240 vicecancellaria
1137 5175 1360 5256 exprimendis,
1386 5181 1422 5240 ut
1444 5176 1477 5241 in
1500 5174 1617 5241 forma:

545 5434 626 5498 Item
660 5433 865 5499 collaciouem
899 5442 961 5499 etc.
1005 5433 1136 5499 Nicolao
1175 5433 1214 5498 de
1248 5434 1405 5517 Lemberg
1442 5433 1482 5499 de
1515 5433 1707 5517 parrochiali
1744 5435 1881 5501 ecclesia
1914 5434 1947 5501 in

434 5536 636 5616 Otmucbew,
659 5538 933 5603 Wratislauiensis
956 5538 1101 5616 diocesis,
1126 5543 1258 5602 vacante
1274 5557 1332 5620 per
1347 5539 1604 5621 resignationem,
1621 5538 1736 5604 lacum
1752 5540 1783 5603 in
1800 5539 1947 5604 manibus

435 5642 604 5711 ordmaru.
