5184 7050
1861 830 1925 899 609

412 1040 506 1107 869.
530 1038 690 1118 Mapistro
711 1038 855 1106 Jolionni
870 1038 908 1102 de
924 1039 1071 1118 Pistoria
1088 1038 1206 1102 decano
1220 1037 1370 1103 ecclesiae
1385 1039 1490 1102 sancti
1505 1036 1684 1102 Salvatoris
1703 1037 1926 1118 Traiectcmsis,

412 1144 579 1227 capellano
601 1148 631 1208 et
645 1143 816 1223 familiari
833 1164 952 1227 popae,
976 1144 1019 1208 ad
1044 1142 1201 1221 corolum,
1224 1163 1328 1223 repem
1351 1144 1574 1217 Rornanorum,
1593 1162 1655 1225 pro
1677 1144 1770 1207 cortis
1794 1141 1925 1224 nepotiis

413 1250 583 1324 destinato,
614 1248 826 1313 conceduntur
857 1246 986 1311 litterae
1018 1246 1121 1312 securi
1143 1246 1323 1313 conductus.
1367 1247 1420 1321 ,D.
1446 1246 1601 1311 Auinione
1624 1246 1735 1312 XIIII
1752 1246 1816 1313 lcal.
1842 1246 1927 1313 Maii

1079 1372 1109 1417 a·
1134 1354 1250 1430 quinio·
1385 1435 1549 1516 Aoiuioue,
1573 1435 1884 1521 1347Apntis18.

522 1523 672 1581 Clementis
690 1523 729 1578 v1
746 1524 779 1577 V.
799 1529 849 1576 140
867 1528 946 1589 (secr.
966 1538 991 1577 a.
1009 1521 1044 1588 V)
1063 1521 1082 1576 f.
1102 1527 1197 1576 31311.
1219 1526 1292 1575 1399.

414 1909 509 1976 870.
545 1905 687 1988 Carolus,
723 1908 938 1971 Romanorum
970 1909 1001 1970 et
1031 1905 1202 1971 Bolseudac
1232 1924 1299 1983 reo,
1329 1902 1499 1986 supplicat,
1533 1908 1688 1986 quatenus
1719 1903 1863 1970 Jonanm·
1890 1903 1928 1968 de

413 2011 605 2091 Buclrellceu,
630 2010 816 2095 presbptero
838 2010 1020 2074 Leodiensis
1042 2009 1184 2088 diocesis,
1207 2007 1388 2091 benoicium
1411 2028 1481 2072 cum
1503 2008 1551 2072 uel
1573 2008 1642 2072 sine
1664 2029 1743 2072 cura
1766 2008 1809 2072 ad
1831 2006 1927 2073 colla·

413 2117 533 2181 tionem
555 2115 667 2181 decani
689 2119 719 2179 et
741 2113 876 2197 capituli
891 2113 1041 2178 ecclesiae
1058 2112 1250 2180 Coloniensis
1268 2115 1453 2190 reservetur,
1468 2111 1498 2176 si
1512 2112 1595 2194 quod
1609 2112 1645 2176 in
1659 2113 1768 2177 cadem
1784 2111 1926 2190 ecclesia,

413 2219 515 2286 etiam
548 2220 578 2284 si
611 2219 815 2283 canonicatus
847 2221 877 2281 ct
905 2217 1089 2301 praebenda
1119 2215 1329 2282 sacerdotalis
1355 2215 1504 2292 existant,
1530 2238 1569 2282 ac
1591 2217 1718 2281 civitate
1740 2215 1788 2280 vel
1811 2215 1927 2281 diocesi

414 2324 596 2393 Coloniensi
616 2328 719 2400 vacat,
742 2322 790 2388 od
813 2344 882 2387 eum
911 2323 1083 2387 oaciroerit.
1130 2322 1216 2402 ,Ilat
1248 2341 1346 2402 usque
1378 2323 1446 2400 etc,
1480 2320 1581 2385 eciam
1608 2320 1640 2384 si
1669 2319 1875 2385 canonicatus
1897 2323 1927 2385 cl

544 2429 707 2514 prebenda
731 2427 941 2493 sacerdotalis
964 2428 996 2491 R
996 2476 1103 2492 .....
1128 2428 1169 2508 D.
1186 2424 1343 2491 Aniniouc
1367 2426 1400 2488 X
1417 2425 1481 2489 kal.
1507 2423 1592 2490 Maii
1614 2446 1644 2490 a.
1670 2423 1798 2507 quinto.⁸

1385 2581 1548 2663 Acinione,
1570 2584 1658 2647 1347
1681 2579 1807 2665 Aprilis
1828 2586 1881 2646 22.

525 2670 676 2726 Clementis
695 2669 732 2725 v1
750 2670 776 2724 S.
796 2669 847 2739 Vll
867 2674 923 2736 (10)
941 2669 958 2723 f.
981 2675 1036 2722 146.

1068 2759 1229 2768 ——m

412 3056 510 3122 871.
543 3053 688 3121 Jonann·
720 3054 801 3118 dicto
817 3054 840 3135 ¹)
871 3043 1058 3131 Buclcellc'en,
1088 3051 1272 3136 presbytero
1297 3050 1477 3116 Leodiensis
1506 3051 1647 3127 diocesis,
1678 3054 1860 3115 reservatur
1883 3050 1929 3116 od

412 3157 681 3243 supplicationem
714 3157 830 3228 Cimoli,
855 3159 1069 3222 Romanorum
1093 3178 1131 3220 ac
1156 3155 1326 3220 Bolsemiae
1348 3155 1440 3236 repis,
1471 3154 1651 3237 beneficium
1683 3175 1752 3218 cum
1782 3154 1829 3219 oel
1859 3154 1929 3220 siue

414 3284 506 3340 cura,
523 3263 619 3325 etiam
634 3261 664 3325 si
679 3261 882 3325 canonicatus
898 3265 928 3325 et
946 3261 1130 3343 praebenda
1152 3258 1362 3324 sacerdotalis
1385 3259 1511 3334 existat,
1531 3259 1621 3323 cuirrs
1638 3263 1771 3340 fructus
1787 3261 1830 3323 25
1845 3279 1927 3342 resp.

412 3371 460 3432 18
482 3386 668 3431 marcarum
691 3366 862 3446 arpentis.
886 3370 908 3429 t.
933 3366 963 3429 d.
986 3364 1125 3430 valorem
1148 3385 1287 3429 aunuum
1310 3384 1372 3428 uon
1401 3363 1563 3445 excedant,
1592 3364 1623 3428 si
1652 3364 1735 3447 quod
1758 3364 1801 3428 ad
1832 3362 1928 3428 colla·

418 3472 538 3536 tionem
573 3469 684 3535 decani
716 3473 747 3534 et
780 3468 916 3553 capituli
948 3468 1139 3535 Coloniensis
1172 3472 1275 3548 saciet,
1305 3467 1353 3533 cel
1382 3489 1452 3533 curn
1472 3469 1643 3535 siccaverit.
1688 3469 1742 3545 ,D.
1773 3465 1930 3532 Aninione

543 3589 551 3662 Ι
762 3575 795 3637 Χ
813 3572 877 3639 lcol.
902 3573 987 3640 Maii
1009 3595 1040 3639 a.
1063 3573 1192 3656 quinto‘
1237 3574 1356 3637 Forma
1377 3576 1413 3637 ut
1434 3574 1469 3637 in
1490 3594 1521 3637 n.
1547 3575 1597 3638 76.

459 3659 506 3802 si
528 3680 575 3801 ἶ.
1388 3727 1550 3805 numu,
1573 3732 1660 3794 1347
1682 3728 1808 3812 Apron
1830 3732 1882 3793 22.

523 3884 674 3940 Clementis
694 3883 782 3938 v1s.
801 3882 852 3954 Vs?
871 3889 927 3950 (91)
944 3884 962 3937 f.
984 3890 1033 3937 145
1052 3902 1078 3938 n.
1102 3889 1159 3952 180,
1179 3883 1212 3940 de
1231 3884 1372 3939 beneficiis
1391 3883 1528 3939 vacaturis
1546 3901 1592 3952 qu.
1610 3889 1673 3937 6:
1686 3885 1718 3938 V.
1741 3883 1827 3937 1751.
1847 3889 1880 3938 80
1901 3900 1927 3937 n.

415 3979 476 4028 180.
496 4002 530 4012 -
552 3973 571 4039 ¹)
591 3970 631 4026 sio
649 3971 691 4039 A,
710 3970 758 4025 cfr.
777 3987 850 4025 num.
871 3975 929 4024 870.

414 4360 510 4426 872.
543 4355 707 4422 Jolmnnes
741 4356 844 4420 dictans
876 4358 914 4421 de
937 4356 1206 4440 Brandenourp‚⁸)
1236 4354 1368 4419 clericus
1391 4354 1574 4419 Leodiensis
1605 4354 1744 4429 diocesis,
1767 4354 1927 4436 quondam

412 4462 549 4529 servitor
571 4460 599 4525 b.
621 4482 663 4524 m.
686 4460 772 4541 repis
796 4459 975 4535 Bolsemiae,
1000 4481 1070 4525 cum
1092 4480 1152 4543 quo
1174 4460 1249 4524 olim
1279 4460 1498 4541 dispensatum
1531 4463 1587 4537 est,
1621 4462 1657 4523 nt
1690 4478 1751 4523 uon
1784 4456 1927 4523 obstante

414 4567 542 4647 defectu
576 4564 746 4645 natalimn,
779 4586 870 4646 quem
899 4565 1028 4647 patitur
1059 4564 1099 4628 de
1129 4564 1231 4629 soluto
1263 4567 1294 4628 et
1322 4562 1428 4627 soluta
1448 4563 1582 4643 penitus,
1607 4562 1651 4626 od
1671 4582 1775 4627 omues
1799 4562 1926 4627 ordines

409 4670 592 4757 promoueri
614 4673 644 4734 ot
667 4668 849 4751 beneficium
871 4669 969 4733 etiam
991 4672 1138 4733 umatum
1160 4668 1296 4732 obtinere
1314 4668 1427 4751 possit,
1450 4667 1538 4732 cuius
1561 4666 1808 4751 dispensationis
1823 4667 1927 4747 cipere

413 4774 641 4841 canonicatum
663 4778 694 4837 et
717 4773 935 4857 procedendum
957 4772 1105 4838 ecclesiae
1127 4776 1257 4837 sarutae
1279 4772 1408 4837 Mariae
1431 4771 1597 4853 Aquensis,
1621 4771 1760 4837 eiusdem
1783 4771 1924 4847 diocesis,

412 4885 462 4945 est
485 4881 659 4956 assecutus,
683 4878 854 4961 supplicat,
878 4881 1033 4959 quatenus
1056 4897 1159 4941 secum
1183 4875 1323 4960 amplius
1345 4875 1544 4959 dispensetur
1565 4897 1661 4959 super
1683 4875 1809 4957 defectu
1828 4898 1927 4958 prae-

413 4986 510 5057 dicto,
533 4986 571 5046 ut
592 4981 652 5046 duo
676 4981 744 5048 alia
767 4980 915 5063 beneficia
938 5003 994 5045 seu
1016 4981 1124 5065 officia
1147 4980 1371 5061 ecclesiastica,
1395 4980 1439 5045 ad
1467 4980 1599 5045 invicem
1628 5002 1662 5045 se
1691 4980 1925 5064 compatientia,

411 5089 514 5154 etiam
535 5086 566 5150 si
587 5106 693 5150 eorum
727 5085 856 5167 aliquod
888 5086 1029 5166 dipnitas
1063 5084 1110 5149 uel
1139 5071 1332 5168 personatus
1365 5089 1423 5150 aut
1455 5086 1597 5167 ospicium
1623 5085 1741 5149 existat
1762 5089 1792 5151 et
1815 5105 1927 5148 curam
2005 5087 2006 5091 ’

412 5191 533 5256 habeat
556 5190 750 5269 animarum,
772 5190 868 5254 libere
889 5189 1027 5271 recipcre
1047 5192 1077 5251 et
1098 5187 1184 5253 licite
1205 5188 1340 5253 retinere
1362 5190 1494 5271 ipsaque
1515 5192 1697 5271 permutare
1718 5190 1830 5272 possit,
1854 5211 1929 5254 neve

414 5297 455 5361 de
479 5295 607 5380 defectu
636 5293 804 5378 praedicto
825 5294 861 5357 iu
884 5292 1041 5375 aliquibus
1060 5313 1121 5376 pro
1143 5314 1176 5356 sc
1197 5293 1244 5358 acl
1262 5315 1378 5377 perse
1400 5294 1437 5357 de
1461 5298 1559 5359 cetero
1581 5293 1790 5378 impetrandis
1811 5294 1928 5375 pretiis

562 5399 749 5463 mentionem
766 5403 880 5479 facere
902 5400 1055 5462 teneatur.
1098 5398 1150 5476 ,D.
1175 5396 1333 5461 Auiuioue
1355 5399 1389 5462 X
1406 5397 1471 5463 kal.
1496 5398 1581 5463 Maii
1602 5420 1633 5463 a.
1656 5398 1786 5481 quinto}

1383 5534 1546 5616 Asinum,
1570 5538 1657 5601 1347
1680 5535 1806 5620 Aprilis
1828 5542 1881 5602 22.

522 5658 671 5713 Clementis
689 5657 727 5711 Vl
746 5658 772 5711 S.
792 5657 843 5724 Vll
864 5660 920 5728 (10)
939 5658 958 5711 f.
981 5663 1036 5712 146.
1056 5687 1090 5697 -
1116 5657 1139 5723 ·)
1158 5653 1384 5727 ‚Brundemborg‘
1402 5657 1427 5711 S.

1072 5836 1278 5848 ——u--O
