<?xml version="1.0" encoding="UTF-8"?>
<!DOCTYPE html PUBLIC "-//W3C//DTD XHTML 1.0 Transitional//EN"
    "http://www.w3.org/TR/xhtml1/DTD/xhtml1-transitional.dtd">
<html xmlns="http://www.w3.org/1999/xhtml" xml:lang="en" lang="en">
 <head>
  <title>
</title>
<meta http-equiv="Content-Type" content="text/html;charset=utf-8" />
  <meta name='ocr-system' content='tesseract 3.04.00' />
  <meta name='ocr-capabilities' content='ocr_page ocr_carea ocr_par ocr_line ocrx_word'/>
</head>
<body>
  <div class='ocr_page' id='page_1' title='image "./monumentavatica01vatigoog_0204.png"; bbox 0 0 5184 7050; ppageno 0'>
   <div class='ocr_carea' id='block_1_1' title="bbox 674 854 737 921">
    <p class='ocr_par' dir='ltr' id='par_1_1' title="bbox 674 854 737 921">
     <span class='ocr_line' id='line_1_1' title="bbox 674 854 737 921; baseline -0.032 0"><span class='ocrx_word' id='word_1_1' title='bbox 674 854 737 921; x_wconf 81' lang='lat' dir='ltr'>las</span> 
     </span>
    </p>
   </div>
   <div class='ocr_carea' id='block_1_2' title="bbox 668 1054 2175 1577">
    <p class='ocr_par' dir='ltr' id='par_1_2' title="bbox 668 1054 2174 1347">
     <span class='ocr_line' id='line_1_2' title="bbox 668 1054 2173 1144; baseline -0.001 -20"><span class='ocrx_word' id='word_1_2' title='bbox 668 1058 898 1144; x_wconf 78' lang='lat' dir='ltr'><strong>parrochialem</strong></span> <span class='ocrx_word' id='word_1_3' title='bbox 933 1057 964 1122; x_wconf 96' lang='lat' dir='ltr'>in</span> <span class='ocrx_word' id='word_1_4' title='bbox 999 1055 1135 1133; x_wconf 87' lang='lat' dir='ltr'>Milczin,</span> <span class='ocrx_word' id='word_1_5' title='bbox 1170 1055 1339 1137; x_wconf 51' lang='lat' dir='ltr'>&amp;agensis</span> <span class='ocrx_word' id='word_1_6' title='bbox 1373 1054 1518 1132; x_wconf 86' lang='lat' dir='ltr'>diocesis,</span> <span class='ocrx_word' id='word_1_7' title='bbox 1553 1062 1586 1122; x_wconf 88' lang='lat' dir='ltr'>et</span> <span class='ocrx_word' id='word_1_8' title='bbox 1620 1057 1837 1122; x_wconf 88' lang='lat' dir='ltr'>canonicatum</span> <span class='ocrx_word' id='word_1_9' title='bbox 1867 1057 2058 1123; x_wconf 88' lang='lat' dir='ltr'>auctoritate</span> <span class='ocrx_word' id='word_1_10' title='bbox 2084 1059 2115 1125; x_wconf 91' lang='lat' dir='ltr'>S.</span> <span class='ocrx_word' id='word_1_11' title='bbox 2137 1060 2173 1123; x_wconf 85' lang='lat' dir='ltr'>V.</span> 
     </span>
     <span class='ocr_line' id='line_1_3' title="bbox 668 1161 2174 1242; baseline -0.001 -14"><span class='ocrx_word' id='word_1_12' title='bbox 668 1165 701 1229; x_wconf 92' lang='lat' dir='ltr'>in</span> <span class='ocrx_word' id='word_1_13' title='bbox 723 1163 857 1228; x_wconf 89' lang='lat' dir='ltr'>ecclesia</span> <span class='ocrx_word' id='word_1_14' title='bbox 879 1161 1121 1228; x_wconf 90' lang='lat' dir='ltr'>Vratislauiensi</span> <span class='ocrx_word' id='word_1_15' title='bbox 1145 1161 1203 1224; x_wconf 91' lang='lat' dir='ltr'>sub</span> <span class='ocrx_word' id='word_1_16' title='bbox 1227 1161 1451 1241; x_wconf 87' lang='lat' dir='ltr'>expectaeione</span> <span class='ocrx_word' id='word_1_17' title='bbox 1475 1161 1635 1242; x_wconf 89' lang='lat' dir='ltr'>prebende</span> <span class='ocrx_word' id='word_1_18' title='bbox 1658 1163 1799 1227; x_wconf 90' lang='lat' dir='ltr'>noscitur</span> <span class='ocrx_word' id='word_1_19' title='bbox 1822 1163 1974 1240; x_wconf 89' lang='lat' dir='ltr'>obtinere,</span> <span class='ocrx_word' id='word_1_20' title='bbox 1999 1182 2071 1228; x_wconf 89' lang='lat' dir='ltr'>cum</span> <span class='ocrx_word' id='word_1_21' title='bbox 2105 1163 2174 1227; x_wconf 87' lang='lat' dir='ltr'>aliis</span> 
     </span>
     <span class='ocr_line' id='line_1_4' title="bbox 669 1264 1827 1347; baseline -0.002 -15"><span class='ocrx_word' id='word_1_22' title='bbox 669 1267 952 1333; x_wconf 86' lang='lat' dir='ltr'>nonobstantibus</span> <span class='ocrx_word' id='word_1_23' title='bbox 975 1271 1007 1330; x_wconf 92' lang='lat' dir='ltr'>et</span> <span class='ocrx_word' id='word_1_24' title='bbox 1030 1264 1181 1331; x_wconf 82' lang='lat' dir='ltr'><strong>clausulis</strong></span> <span class='ocrx_word' id='word_1_25' title='bbox 1203 1265 1368 1346; x_wconf 81' lang='lat' dir='ltr'><strong>oportunis</strong></span> <span class='ocrx_word' id='word_1_26' title='bbox 1391 1270 1424 1330; x_wconf 89' lang='lat' dir='ltr'>et</span> <span class='ocrx_word' id='word_1_27' title='bbox 1447 1267 1679 1331; x_wconf 85' lang='lat' dir='ltr'>executoribus.</span> <span class='ocrx_word' id='word_1_28' title='bbox 1687 1270 1713 1347; x_wconf 71' lang='lat'>⁶)</span> <span class='ocrx_word' id='word_1_29' title='bbox 1822 1292 1827 1297; x_wconf 96' lang='lat'>·</span> 
     </span>
    </p>

    <p class='ocr_par' dir='ltr' id='par_1_3' title="bbox 669 1370 2175 1577">
     <span class='ocr_line' id='line_1_5' title="bbox 772 1370 2175 1454; baseline -0.001 -18"><span class='ocrx_word' id='word_1_30' title='bbox 772 1371 844 1437; x_wconf 86' lang='lat' dir='ltr'>Fiat</span> <span class='ocrx_word' id='word_1_31' title='bbox 867 1389 968 1453; x_wconf 91' lang='lat' dir='ltr'>usque</span> <span class='ocrx_word' id='word_1_32' title='bbox 1001 1370 1041 1436; x_wconf 92' lang='lat' dir='ltr'>ad</span> <span class='ocrx_word' id='word_1_33' title='bbox 1075 1387 1227 1434; x_wconf 87' lang='lat' dir='ltr'>summam</span> <span class='ocrx_word' id='word_1_34' title='bbox 1260 1370 1392 1452; x_wconf 86' lang='lat' dir='ltr'>triginta</span> <span class='ocrx_word' id='word_1_35' title='bbox 1413 1388 1589 1435; x_wconf 89' lang='lat' dir='ltr'>marcarum</span> <span class='ocrx_word' id='word_1_36' title='bbox 1612 1389 1682 1434; x_wconf 87' lang='lat' dir='ltr'>cunr</span> <span class='ocrx_word' id='word_1_37' title='bbox 1706 1389 1791 1449; x_wconf 88' lang='lat' dir='ltr'>cura,</span> <span class='ocrx_word' id='word_1_38' title='bbox 1814 1371 1926 1454; x_wconf 83' lang='lat' dir='ltr'>viginti</span> <span class='ocrx_word' id='word_1_39' title='bbox 1948 1371 2017 1435; x_wconf 89' lang='lat' dir='ltr'>sine</span> <span class='ocrx_word' id='word_1_40' title='bbox 2041 1390 2119 1435; x_wconf 88' lang='lat' dir='ltr'>cura</span> <span class='ocrx_word' id='word_1_41' title='bbox 2140 1371 2175 1435; x_wconf 82' lang='lat' dir='ltr'>ll.</span> 
     </span>
     <span class='ocr_line' id='line_1_6' title="bbox 669 1474 2057 1577; baseline -0.002 -35"><span class='ocrx_word' id='word_1_42' title='bbox 669 1477 713 1543; x_wconf 87' lang='lat' dir='ltr'>Et</span> <span class='ocrx_word' id='word_1_43' title='bbox 735 1496 765 1559; x_wconf 91' lang='lat' dir='ltr'>q.</span> <span class='ocrx_word' id='word_1_44' title='bbox 789 1483 811 1540; x_wconf 90' lang='lat' dir='ltr'>t.</span> <span class='ocrx_word' id='word_1_45' title='bbox 835 1494 860 1540; x_wconf 89' lang='lat' dir='ltr'>s.</span> <span class='ocrx_word' id='word_1_46' title='bbox 885 1495 914 1540; x_wconf 89' lang='lat' dir='ltr'>a.</span> <span class='ocrx_word' id='word_1_47' title='bbox 938 1475 958 1540; x_wconf 93' lang='lat' dir='ltr'>l.</span> <span class='ocrx_word' id='word_1_48' title='bbox 982 1475 1055 1540; x_wconf 87' lang='lat' dir='ltr'>Fiat</span> <span class='ocrx_word' id='word_1_49' title='bbox 1078 1474 1114 1539; x_wconf 87' lang='lat' dir='ltr'>R.</span> <span class='ocrx_word' id='word_1_50' title='bbox 1162 1475 1200 1538; x_wconf 91' lang='lat' dir='ltr'>D.</span> <span class='ocrx_word' id='word_1_51' title='bbox 1224 1475 1381 1541; x_wconf 81' lang='lat' dir='ltr'>Aninione</span> <span class='ocrx_word' id='word_1_52' title='bbox 1404 1474 1466 1540; x_wconf 93' lang='lat' dir='ltr'>Vll</span> <span class='ocrx_word' id='word_1_53' title='bbox 1491 1474 1552 1540; x_wconf 85' lang='lat' dir='ltr'>kal.</span> <span class='ocrx_word' id='word_1_54' title='bbox 1577 1474 1742 1540; x_wconf 84' lang='lat' dir='ltr'>Februarii</span> <span class='ocrx_word' id='word_1_55' title='bbox 1764 1492 1792 1540; x_wconf 91' lang='lat' dir='ltr'>a.</span> <span class='ocrx_word' id='word_1_56' title='bbox 1817 1474 1965 1540; x_wconf 88' lang='lat' dir='ltr'>secundo.</span> <span class='ocrx_word' id='word_1_57' title='bbox 2051 1552 2057 1577; x_wconf 42' lang='grc' dir='ltr'>ι</span> 
     </span>
    </p>
   </div>
   <div class='ocr_carea' id='block_1_3' title="bbox 668 1651 2176 1918">
    <p class='ocr_par' dir='ltr' id='par_1_4' title="bbox 668 1651 2176 1918">
     <span class='ocr_line' id='line_1_7' title="bbox 774 1651 2176 1759; baseline 0 -17"><span class='ocrx_word' id='word_1_58' title='bbox 774 1689 923 1744; x_wconf 86' lang='lat' dir='ltr'>Clementis</span> <span class='ocrx_word' id='word_1_59' title='bbox 941 1689 979 1742; x_wconf 82' lang='lat' dir='ltr'>Vl</span> <span class='ocrx_word' id='word_1_60' title='bbox 998 1688 1024 1742; x_wconf 89' lang='lat' dir='ltr'>S.</span> <span class='ocrx_word' id='word_1_61' title='bbox 1043 1688 1097 1756; x_wconf 75' lang='lat'>11&#39;1</span> <span class='ocrx_word' id='word_1_62' title='bbox 1117 1695 1154 1754; x_wconf 76' lang='lat' dir='ltr'>(a)</span> <span class='ocrx_word' id='word_1_63' title='bbox 1172 1687 1191 1743; x_wconf 82' lang='lat' dir='ltr'>f.</span> <span class='ocrx_word' id='word_1_64' title='bbox 1211 1694 1268 1742; x_wconf 71' lang='lat' dir='ltr'>aba.</span> <span class='ocrx_word' id='word_1_65' title='bbox 1287 1718 1321 1728; x_wconf 95' lang='lat'>-</span> <span class='ocrx_word' id='word_1_66' title='bbox 1348 1692 1371 1756; x_wconf 76' lang='grc' dir='ltr'>ι)</span> <span class='ocrx_word' id='word_1_67' title='bbox 1390 1651 1461 1754; x_wconf 76' lang='lat' dir='ltr'>,mei‘</span> <span class='ocrx_word' id='word_1_68' title='bbox 1479 1688 1514 1755; x_wconf 84' lang='lat' dir='ltr'>S,</span> <span class='ocrx_word' id='word_1_69' title='bbox 1527 1705 1595 1743; x_wconf 90' lang='lat' dir='ltr'>corr.</span> <span class='ocrx_word' id='word_1_70' title='bbox 1610 1691 1645 1744; x_wconf 88' lang='lat' dir='ltr'>ab</span> <span class='ocrx_word' id='word_1_71' title='bbox 1658 1690 1770 1745; x_wconf 80' lang='lat' dir='ltr'>editore.</span> <span class='ocrx_word' id='word_1_72' title='bbox 1798 1690 1822 1753; x_wconf 78' lang='lat' dir='ltr'>b)</span> <span class='ocrx_word' id='word_1_73' title='bbox 1835 1706 1904 1744; x_wconf 89' lang='lat' dir='ltr'>corr.</span> <span class='ocrx_word' id='word_1_74' title='bbox 1918 1662 2138 1759; x_wconf 50' lang='lat' dir='ltr'>ex&#39;aposcoiica‘</span> <span class='ocrx_word' id='word_1_75' title='bbox 2151 1689 2176 1744; x_wconf 91' lang='lat' dir='ltr'>S.</span> 
     </span>
     <span class='ocr_line' id='line_1_8' title="bbox 669 1773 2175 1845; baseline 0 -14"><span class='ocrx_word' id='word_1_76' title='bbox 669 1781 698 1842; x_wconf 57' lang='grc' dir='ltr'>θ)</span> <span class='ocrx_word' id='word_1_77' title='bbox 716 1776 841 1844; x_wconf 87' lang='lat' dir='ltr'>sequitur</span> <span class='ocrx_word' id='word_1_78' title='bbox 859 1775 948 1845; x_wconf 88' lang='lat' dir='ltr'>,quod‘</span> <span class='ocrx_word' id='word_1_79' title='bbox 966 1776 994 1828; x_wconf 90' lang='lat' dir='ltr'>in</span> <span class='ocrx_word' id='word_1_80' title='bbox 1013 1775 1051 1843; x_wconf 84' lang='lat' dir='ltr'>S,</span> <span class='ocrx_word' id='word_1_81' title='bbox 1070 1775 1200 1830; x_wconf 87' lang='lat' dir='ltr'>omissum</span> <span class='ocrx_word' id='word_1_82' title='bbox 1219 1776 1253 1828; x_wconf 85' lang='lat' dir='ltr'>ab</span> <span class='ocrx_word' id='word_1_83' title='bbox 1273 1773 1386 1830; x_wconf 81' lang='lat' dir='ltr'>editore.</span> <span class='ocrx_word' id='word_1_84' title='bbox 1414 1775 1438 1842; x_wconf 75' lang='grc' dir='ltr'>ΙΙ)</span> <span class='ocrx_word' id='word_1_85' title='bbox 1458 1775 1582 1843; x_wconf 91' lang='lat' dir='ltr'>sequitur</span> <span class='ocrx_word' id='word_1_86' title='bbox 1606 1777 1719 1831; x_wconf 90' lang='lat' dir='ltr'>iterum:</span> <span class='ocrx_word' id='word_1_87' title='bbox 1744 1784 1780 1844; x_wconf 88' lang='lat' dir='ltr'>,et</span> <span class='ocrx_word' id='word_1_88' title='bbox 1805 1777 2015 1844; x_wconf 68' lang='lat' dir='ltr'>executoribus,</span> <span class='ocrx_word' id='word_1_89' title='bbox 2041 1776 2091 1832; x_wconf 89' lang='lat' dir='ltr'>sed</span> <span class='ocrx_word' id='word_1_90' title='bbox 2115 1794 2175 1832; x_wconf 80' lang='lat' dir='ltr'>ran·</span> 
     </span>
     <span class='ocr_line' id='line_1_9' title="bbox 668 1861 841 1918; baseline 0 -3"><span class='ocrx_word' id='word_1_91' title='bbox 668 1862 795 1918; x_wconf 86' lang='lat' dir='ltr'>cellatum</span> <span class='ocrx_word' id='word_1_92' title='bbox 814 1861 841 1916; x_wconf 88' lang='lat' dir='ltr'>S.</span> 
     </span>
    </p>
   </div>
   <div class='ocr_carea' id='block_1_4' title="bbox 1319 2059 1523 2066">
    <p class='ocr_par' dir='ltr' id='par_1_5' title="bbox 1319 2059 1523 2066">
     <span class='ocr_line' id='line_1_10' title="bbox 1319 2059 1523 2066; baseline 0.005 -1"><span class='ocrx_word' id='word_1_93' title='bbox 1319 2059 1523 2066; x_wconf 74' lang='lat'>——-</span> 
     </span>
    </p>
   </div>
   <div class='ocr_carea' id='block_1_5' title="bbox 667 2374 2174 2670">
    <p class='ocr_par' dir='ltr' id='par_1_6' title="bbox 667 2374 2174 2670">
     <span class='ocr_line' id='line_1_11' title="bbox 667 2374 2174 2457; baseline -0.004 -13"><span class='ocrx_word' id='word_1_94' title='bbox 667 2378 761 2444; x_wconf 77' lang='lat'>3⁰4.</span> <span class='ocrx_word' id='word_1_95' title='bbox 791 2374 909 2440; x_wconf 76' lang='lat' dir='ltr'>Abuca</span> <span class='ocrx_word' id='word_1_96' title='bbox 938 2375 1122 2440; x_wconf 76' lang='lat' dir='ltr'>monosterii</span> <span class='ocrx_word' id='word_1_97' title='bbox 1147 2374 1185 2438; x_wconf 84' lang='lat' dir='ltr'>de</span> <span class='ocrx_word' id='word_1_98' title='bbox 1207 2374 1363 2440; x_wconf 84' lang='lat' dir='ltr'>Alloecdo</span> <span class='ocrx_word' id='word_1_99' title='bbox 1384 2375 1568 2450; x_wconf 76' lang='lat' dir='ltr'>mandatur,</span> <span class='ocrx_word' id='word_1_100' title='bbox 1591 2380 1746 2457; x_wconf 75' lang='lat' dir='ltr'>quatenus</span> <span class='ocrx_word' id='word_1_101' title='bbox 1771 2376 1863 2439; x_wconf 82' lang='lat' dir='ltr'>Petro</span> <span class='ocrx_word' id='word_1_102' title='bbox 1887 2374 1977 2439; x_wconf 76' lang='lat' dir='ltr'>Petri</span> <span class='ocrx_word' id='word_1_103' title='bbox 1998 2374 2038 2438; x_wconf 85' lang='lat' dir='ltr'>de</span> <span class='ocrx_word' id='word_1_104' title='bbox 2064 2376 2174 2439; x_wconf 82' lang='lat' dir='ltr'>Rosea·</span> 
     </span>
     <span class='ocr_line' id='line_1_12' title="bbox 668 2478 2173 2564; baseline -0.001 -20"><span class='ocrx_word' id='word_1_105' title='bbox 668 2480 742 2562; x_wconf 80' lang='lat' dir='ltr'>berp</span> <span class='ocrx_word' id='word_1_106' title='bbox 764 2479 801 2543; x_wconf 82' lang='lat' dir='ltr'>de</span> <span class='ocrx_word' id='word_1_107' title='bbox 824 2482 1015 2547; x_wconf 76' lang='lat' dir='ltr'>canonicatu</span> <span class='ocrx_word' id='word_1_108' title='bbox 1036 2478 1186 2547; x_wconf 83' lang='lat' dir='ltr'>ecclesiae</span> <span class='ocrx_word' id='word_1_109' title='bbox 1212 2481 1453 2546; x_wconf 79' lang='lat' dir='ltr'>Retisbonenss&#39;s</span> <span class='ocrx_word' id='word_1_110' title='bbox 1474 2479 1532 2544; x_wconf 78' lang='lat' dir='ltr'>aab</span> <span class='ocrx_word' id='word_1_111' title='bbox 1555 2481 1769 2564; x_wconf 76' lang='lat' dir='ltr'>expectatione</span> <span class='ocrx_word' id='word_1_112' title='bbox 1786 2478 1990 2563; x_wconf 78' lang='lat' dir='ltr'>praebendae</span> <span class='ocrx_word' id='word_1_113' title='bbox 2010 2478 2173 2564; x_wconf 85' lang='lat' dir='ltr'>procidere</span> 
     </span>
     <span class='ocr_line' id='line_1_13' title="bbox 1339 2590 1497 2670; baseline 0.013 -21"><span class='ocrx_word' id='word_1_114' title='bbox 1339 2590 1497 2670; x_wconf 65' lang='grc' dir='ltr'><em>ρνοουνεΐ.</em></span> 
     </span>
    </p>
   </div>
   <div class='ocr_carea' id='block_1_6' title="bbox 1607 2714 2133 2797">
    <p class='ocr_par' dir='ltr' id='par_1_7' title="bbox 1607 2714 2133 2797">
     <span class='ocr_line' id='line_1_14' title="bbox 1607 2714 2133 2797; baseline -0.004 -17"><span class='ocrx_word' id='word_1_115' title='bbox 1607 2715 1769 2797; x_wconf 69' lang='lat' dir='ltr'>sanam,</span> <span class='ocrx_word' id='word_1_116' title='bbox 1792 2717 1879 2783; x_wconf 82' lang='lat'><strong><em>1344</em></strong></span> <span class='ocrx_word' id='word_1_117' title='bbox 1901 2714 2061 2783; x_wconf 65' lang='lat' dir='ltr'>saccea</span> <span class='ocrx_word' id='word_1_118' title='bbox 2081 2715 2133 2779; x_wconf 83' lang='lat' dir='ltr'>sc.</span> 
     </span>
    </p>
   </div>
   <div class='ocr_carea' id='block_1_7' title="bbox 665 2933 2177 5827">
    <p class='ocr_par' dir='ltr' id='par_1_8' title="bbox 665 2933 2177 5827">
     <span class='ocr_line' id='line_1_15' title="bbox 776 2933 2172 3018; baseline -0.006 -16"><span class='ocrx_word' id='word_1_119' title='bbox 776 2937 814 3001; x_wconf 91' lang='lat' dir='ltr'>D.</span> <span class='ocrx_word' id='word_1_120' title='bbox 838 2936 859 3002; x_wconf 85' lang='lat' dir='ltr'>f.</span> <span class='ocrx_word' id='word_1_121' title='bbox 878 2986 910 3001; x_wconf 89' lang='lat'>..</span> <span class='ocrx_word' id='word_1_122' title='bbox 934 2937 1041 3001; x_wconf 89' lang='lat' dir='ltr'>abbati</span> <span class='ocrx_word' id='word_1_123' title='bbox 1064 2937 1246 3002; x_wconf 88' lang='lat' dir='ltr'>monasterii</span> <span class='ocrx_word' id='word_1_124' title='bbox 1269 2937 1301 3002; x_wconf 94' lang='lat' dir='ltr'>in</span> <span class='ocrx_word' id='word_1_125' title='bbox 1324 2935 1491 3015; x_wconf 80' lang='lat' dir='ltr'>Altouado,</span> <span class='ocrx_word' id='word_1_126' title='bbox 1515 2935 1683 3018; x_wconf 82' lang='lat' dir='ltr'>Progensis</span> <span class='ocrx_word' id='word_1_127' title='bbox 1714 2934 1860 3011; x_wconf 84' lang='lat' dir='ltr'>diocesia,</span> <span class='ocrx_word' id='word_1_128' title='bbox 1883 2952 1909 2998; x_wconf 90' lang='lat' dir='ltr'>a.</span> <span class='ocrx_word' id='word_1_129' title='bbox 1933 2938 1994 2998; x_wconf 90' lang='lat' dir='ltr'>etc.</span> <span class='ocrx_word' id='word_1_130' title='bbox 2041 2933 2172 3015; x_wconf 73' lang='lat' dir='ltr'>Dignm</span> 
     </span>
     <span class='ocr_line' id='line_1_16' title="bbox 669 3041 2173 3123; baseline -0.002 -20"><span class='ocrx_word' id='word_1_131' title='bbox 669 3041 862 3105; x_wconf 73' lang='lat' dir='ltr'>arbitramur</span> <span class='ocrx_word' id='word_1_132' title='bbox 884 3046 917 3106; x_wconf 87' lang='lat' dir='ltr'>et</span> <span class='ocrx_word' id='word_1_133' title='bbox 938 3061 1120 3123; x_wconf 83' lang='lat' dir='ltr'>congruum,</span> <span class='ocrx_word' id='word_1_134' title='bbox 1151 3054 1184 3106; x_wconf 93' lang='lat' dir='ltr'>ut</span> <span class='ocrx_word' id='word_1_135' title='bbox 1205 3049 1265 3107; x_wconf 91' lang='lat' dir='ltr'>illis</span> <span class='ocrx_word' id='word_1_136' title='bbox 1289 3065 1320 3106; x_wconf 91' lang='lat' dir='ltr'>se</span> <span class='ocrx_word' id='word_1_137' title='bbox 1343 3049 1448 3106; x_wconf 90' lang='lat' dir='ltr'>reddat</span> <span class='ocrx_word' id='word_1_138' title='bbox 1470 3048 1555 3106; x_wconf 87' lang='lat' dir='ltr'>sedes</span> <span class='ocrx_word' id='word_1_139' title='bbox 1577 3047 1740 3120; x_wconf 88' lang='lat' dir='ltr'>apostolica</span> <span class='ocrx_word' id='word_1_140' title='bbox 1762 3045 1935 3119; x_wconf 77' lang='lat' dir='ltr'>preciosam,</span> <span class='ocrx_word' id='word_1_141' title='bbox 1958 3044 2066 3117; x_wconf 91' lang='lat' dir='ltr'>quibus</span> <span class='ocrx_word' id='word_1_142' title='bbox 2087 3043 2125 3101; x_wconf 90' lang='lat' dir='ltr'>ad</span> <span class='ocrx_word' id='word_1_143' title='bbox 2147 3042 2173 3099; x_wconf 90' lang='lat' dir='ltr'>id</span> 
     </span>
     <span class='ocr_line' id='line_1_17' title="bbox 670 3140 2173 3228; baseline -0.004 -20"><span class='ocrx_word' id='word_1_144' title='bbox 670 3150 809 3209; x_wconf 88' lang='lat' dir='ltr'>nobilitas</span> <span class='ocrx_word' id='word_1_145' title='bbox 831 3152 947 3225; x_wconf 82' lang='lat' dir='ltr'>generis</span> <span class='ocrx_word' id='word_1_146' title='bbox 969 3158 1000 3210; x_wconf 91' lang='lat' dir='ltr'>et</span> <span class='ocrx_word' id='word_1_147' title='bbox 1021 3153 1080 3211; x_wconf 87' lang='lat' dir='ltr'>alia</span> <span class='ocrx_word' id='word_1_148' title='bbox 1102 3152 1223 3228; x_wconf 89' lang='lat' dir='ltr'>propria</span> <span class='ocrx_word' id='word_1_149' title='bbox 1245 3153 1387 3210; x_wconf 88' lang='lat' dir='ltr'>virtutum</span> <span class='ocrx_word' id='word_1_150' title='bbox 1409 3152 1515 3210; x_wconf 88' lang='lat' dir='ltr'>merita</span> <span class='ocrx_word' id='word_1_151' title='bbox 1538 3150 1726 3209; x_wconf 89' lang='lat' dir='ltr'>laudabiliter</span> <span class='ocrx_word' id='word_1_152' title='bbox 1749 3149 1956 3223; x_wconf 77' lang='lat' dir='ltr'>suffragantur.</span> <span class='ocrx_word' id='word_1_153' title='bbox 1991 3140 2058 3206; x_wconf 88' lang='lat' dir='ltr'>Nos</span> <span class='ocrx_word' id='word_1_154' title='bbox 2081 3140 2173 3222; x_wconf 86' lang='lat' dir='ltr'>igitur</span> 
     </span>
     <span class='ocr_line' id='line_1_18' title="bbox 669 3244 2174 3331; baseline -0.003 -20"><span class='ocrx_word' id='word_1_155' title='bbox 669 3247 812 3313; x_wconf 90' lang='lat' dir='ltr'>volentes</span> <span class='ocrx_word' id='word_1_156' title='bbox 846 3267 1012 3331; x_wconf 89' lang='lat' dir='ltr'>personam</span> <span class='ocrx_word' id='word_1_157' title='bbox 1042 3250 1071 3314; x_wconf 93' lang='lat' dir='ltr'>d.</span> <span class='ocrx_word' id='word_1_158' title='bbox 1096 3249 1117 3314; x_wconf 86' lang='lat' dir='ltr'>f.</span> <span class='ocrx_word' id='word_1_159' title='bbox 1141 3250 1238 3326; x_wconf 90' lang='lat' dir='ltr'>Petri,</span> <span class='ocrx_word' id='word_1_160' title='bbox 1274 3250 1341 3314; x_wconf 92' lang='lat' dir='ltr'>nati</span> <span class='ocrx_word' id='word_1_161' title='bbox 1375 3269 1405 3313; x_wconf 90' lang='lat' dir='ltr'>n.</span> <span class='ocrx_word' id='word_1_162' title='bbox 1435 3268 1465 3312; x_wconf 91' lang='lat' dir='ltr'>v.</span> <span class='ocrx_word' id='word_1_163' title='bbox 1489 3249 1576 3314; x_wconf 90' lang='lat' dir='ltr'>Petri</span> <span class='ocrx_word' id='word_1_164' title='bbox 1606 3247 1645 3311; x_wconf 86' lang='lat' dir='ltr'>de</span> <span class='ocrx_word' id='word_1_165' title='bbox 1679 3246 1891 3323; x_wconf 89' lang='lat' dir='ltr'>Roscnberch,</span> <span class='ocrx_word' id='word_1_166' title='bbox 1926 3245 2055 3309; x_wconf 87' lang='lat' dir='ltr'>baronis</span> <span class='ocrx_word' id='word_1_167' title='bbox 2089 3244 2174 3326; x_wconf 83' lang='lat' dir='ltr'>regni</span> 
     </span>
     <span class='ocr_line' id='line_1_19' title="bbox 672 3349 2174 3434; baseline -0.003 -17"><span class='ocrx_word' id='word_1_168' title='bbox 672 3351 812 3431; x_wconf 90' lang='lat' dir='ltr'>Boemie,</span> <span class='ocrx_word' id='word_1_169' title='bbox 836 3353 979 3417; x_wconf 90' lang='lat' dir='ltr'>canonici</span> <span class='ocrx_word' id='word_1_170' title='bbox 995 3353 1173 3434; x_wconf 80' lang='lat' dir='ltr'>Progensia,</span> <span class='ocrx_word' id='word_1_171' title='bbox 1190 3352 1446 3419; x_wconf 81' lang='lat' dir='ltr'>consideracione</span> <span class='ocrx_word' id='word_1_172' title='bbox 1469 3372 1495 3418; x_wconf 90' lang='lat' dir='ltr'>e.</span> <span class='ocrx_word' id='word_1_173' title='bbox 1519 3354 1550 3417; x_wconf 93' lang='lat' dir='ltr'>in</span> <span class='ocrx_word' id='word_1_174' title='bbox 1574 3352 1631 3418; x_wconf 86' lang='lat' dir='ltr'>Ob.</span> <span class='ocrx_word' id='word_1_175' title='bbox 1655 3352 1677 3417; x_wconf 86' lang='lat' dir='ltr'>f.</span> <span class='ocrx_word' id='word_1_176' title='bbox 1701 3372 1730 3416; x_wconf 93' lang='lat' dir='ltr'>n.</span> <span class='ocrx_word' id='word_1_177' title='bbox 1754 3350 1918 3429; x_wconf 78' lang='lat' dir='ltr'>lobannis,</span> <span class='ocrx_word' id='word_1_178' title='bbox 1940 3349 2072 3415; x_wconf 89' lang='lat' dir='ltr'>Boemie</span> <span class='ocrx_word' id='word_1_179' title='bbox 2095 3349 2174 3432; x_wconf 82' lang='lat' dir='ltr'>regis</span> 
     </span>
     <span class='ocr_line' id='line_1_20' title="bbox 669 3454 2175 3541; baseline -0.002 -21"><span class='ocrx_word' id='word_1_180' title='bbox 669 3455 812 3534; x_wconf 82' lang='lat' dir='ltr'>illustria,</span> <span class='ocrx_word' id='word_1_181' title='bbox 837 3475 893 3540; x_wconf 91' lang='lat' dir='ltr'>pro</span> <span class='ocrx_word' id='word_1_182' title='bbox 917 3456 1027 3521; x_wconf 91' lang='lat' dir='ltr'>eodem</span> <span class='ocrx_word' id='word_1_183' title='bbox 1049 3457 1145 3523; x_wconf 88' lang='lat' dir='ltr'>Petro</span> <span class='ocrx_word' id='word_1_184' title='bbox 1168 3458 1258 3523; x_wconf 91' lang='lat' dir='ltr'>nobis</span> <span class='ocrx_word' id='word_1_185' title='bbox 1281 3476 1378 3541; x_wconf 88' lang='lat' dir='ltr'>super</span> <span class='ocrx_word' id='word_1_186' title='bbox 1404 3457 1462 3523; x_wconf 90' lang='lat' dir='ltr'>boc</span> <span class='ocrx_word' id='word_1_187' title='bbox 1493 3456 1655 3521; x_wconf 90' lang='lat' dir='ltr'>humiliter</span> <span class='ocrx_word' id='word_1_188' title='bbox 1677 3455 1895 3539; x_wconf 86' lang='lat' dir='ltr'>supplicantia,</span> <span class='ocrx_word' id='word_1_189' title='bbox 1918 3454 2069 3538; x_wconf 84' lang='lat' dir='ltr'>prosequi</span> <span class='ocrx_word' id='word_1_190' title='bbox 2092 3454 2175 3519; x_wconf 82' lang='lat' dir='ltr'>lavo</span> 
     </span>
     <span class='ocr_line' id='line_1_21' title="bbox 668 3559 2175 3645; baseline -0.002 -21"><span class='ocrx_word' id='word_1_191' title='bbox 668 3562 757 3626; x_wconf 91' lang='lat' dir='ltr'>ribus</span> <span class='ocrx_word' id='word_1_192' title='bbox 790 3561 953 3643; x_wconf 79' lang='lat' dir='ltr'>gratiosis,</span> <span class='ocrx_word' id='word_1_193' title='bbox 987 3562 1175 3627; x_wconf 87' lang='lat' dir='ltr'>discrecioni</span> <span class='ocrx_word' id='word_1_194' title='bbox 1208 3567 1262 3627; x_wconf 92' lang='lat' dir='ltr'>tue</span> <span class='ocrx_word' id='word_1_195' title='bbox 1296 3582 1355 3645; x_wconf 88' lang='lat' dir='ltr'>per</span> <span class='ocrx_word' id='word_1_196' title='bbox 1388 3562 1561 3645; x_wconf 86' lang='lat' dir='ltr'>apostolica</span> <span class='ocrx_word' id='word_1_197' title='bbox 1594 3562 1713 3643; x_wconf 87' lang='lat' dir='ltr'>scripta</span> <span class='ocrx_word' id='word_1_198' title='bbox 1742 3561 1935 3638; x_wconf 73' lang='lat' dir='ltr'>mandamus</span> <span class='ocrx_word' id='word_1_199' title='bbox 1960 3564 2128 3642; x_wconf 83' lang='lat' dir='ltr'>quatenus,</span> <span class='ocrx_word' id='word_1_200' title='bbox 2150 3559 2175 3622; x_wconf 88' lang='lat' dir='ltr'>si</span> 
     </span>
     <span class='ocr_line' id='line_1_22' title="bbox 669 3662 2175 3747; baseline -0.003 -18"><span class='ocrx_word' id='word_1_201' title='bbox 669 3665 854 3747; x_wconf 90' lang='lat' dir='ltr'>simpliciter</span> <span class='ocrx_word' id='word_1_202' title='bbox 877 3664 972 3729; x_wconf 89' lang='lat' dir='ltr'>etde</span> <span class='ocrx_word' id='word_1_203' title='bbox 995 3665 1088 3747; x_wconf 88' lang='lat' dir='ltr'>plano</span> <span class='ocrx_word' id='word_1_204' title='bbox 1112 3666 1233 3731; x_wconf 87' lang='lat' dir='ltr'>adhoc</span> <span class='ocrx_word' id='word_1_205' title='bbox 1256 3667 1359 3747; x_wconf 91' lang='lat' dir='ltr'>ipsum</span> <span class='ocrx_word' id='word_1_206' title='bbox 1383 3667 1512 3732; x_wconf 88' lang='lat' dir='ltr'>Petrum</span> <span class='ocrx_word' id='word_1_207' title='bbox 1535 3666 1681 3731; x_wconf 91' lang='lat' dir='ltr'>idoneum</span> <span class='ocrx_word' id='word_1_208' title='bbox 1705 3683 1776 3729; x_wconf 89' lang='lat' dir='ltr'>esse</span> <span class='ocrx_word' id='word_1_209' title='bbox 1800 3662 1968 3746; x_wconf 89' lang='lat' dir='ltr'>repereris,</span> <span class='ocrx_word' id='word_1_210' title='bbox 1988 3663 2030 3727; x_wconf 87' lang='lat' dir='ltr'>de</span> <span class='ocrx_word' id='word_1_211' title='bbox 2052 3662 2175 3728; x_wconf 88' lang='lat' dir='ltr'>canoni·</span> 
     </span>
     <span class='ocr_line' id='line_1_23' title="bbox 668 3768 2174 3852; baseline -0.001 -18"><span class='ocrx_word' id='word_1_212' title='bbox 668 3774 741 3834; x_wconf 88' lang='lat' dir='ltr'>eatu</span> <span class='ocrx_word' id='word_1_213' title='bbox 763 3768 898 3834; x_wconf 86' lang='lat' dir='ltr'>ecclesie</span> <span class='ocrx_word' id='word_1_214' title='bbox 921 3769 1161 3852; x_wconf 87' lang='lat' dir='ltr'>Ratisponensis</span> <span class='ocrx_word' id='word_1_215' title='bbox 1183 3790 1254 3836; x_wconf 82' lang='lat' dir='ltr'>cunr</span> <span class='ocrx_word' id='word_1_216' title='bbox 1277 3769 1473 3852; x_wconf 90' lang='lat' dir='ltr'>plenitudine</span> <span class='ocrx_word' id='word_1_217' title='bbox 1493 3771 1572 3835; x_wconf 89' lang='lat' dir='ltr'>iuris</span> <span class='ocrx_word' id='word_1_218' title='bbox 1587 3769 1727 3834; x_wconf 89' lang='lat' dir='ltr'>canonici</span> <span class='ocrx_word' id='word_1_219' title='bbox 1744 3768 1932 3833; x_wconf 88' lang='lat' dir='ltr'>auctoritate</span> <span class='ocrx_word' id='word_1_220' title='bbox 1948 3773 2058 3833; x_wconf 90' lang='lat' dir='ltr'>nostra</span> <span class='ocrx_word' id='word_1_221' title='bbox 2074 3768 2174 3833; x_wconf 89' lang='lat' dir='ltr'>eidem</span> 
     </span>
     <span class='ocr_line' id='line_1_24' title="bbox 669 3871 2175 3956; baseline 0.001 -18"><span class='ocrx_word' id='word_1_222' title='bbox 669 3873 764 3938; x_wconf 87' lang='lat' dir='ltr'>Petro</span> <span class='ocrx_word' id='word_1_223' title='bbox 794 3871 961 3954; x_wconf 87' lang='lat' dir='ltr'>providere</span> <span class='ocrx_word' id='word_1_224' title='bbox 992 3892 1152 3955; x_wconf 69' lang='lat' dir='ltr'>procures</span> <span class='ocrx_word' id='word_1_225' title='bbox 1175 3880 1287 3940; x_wconf 84' lang='lat' dir='ltr'>iaciens</span> <span class='ocrx_word' id='word_1_226' title='bbox 1310 3883 1405 3956; x_wconf 86' lang='lat' dir='ltr'>ipsam</span> <span class='ocrx_word' id='word_1_227' title='bbox 1427 3883 1473 3941; x_wconf 89' lang='lat' dir='ltr'>vel</span> <span class='ocrx_word' id='word_1_228' title='bbox 1496 3886 1718 3955; x_wconf 88' lang='lat' dir='ltr'>procuratorem</span> <span class='ocrx_word' id='word_1_229' title='bbox 1742 3896 1825 3939; x_wconf 91' lang='lat' dir='ltr'>suum</span> <span class='ocrx_word' id='word_1_230' title='bbox 1847 3880 1911 3939; x_wconf 87' lang='lat' dir='ltr'>eins</span> <span class='ocrx_word' id='word_1_231' title='bbox 1933 3880 2052 3938; x_wconf 90' lang='lat' dir='ltr'>nomine</span> <span class='ocrx_word' id='word_1_232' title='bbox 2074 3885 2175 3939; x_wconf 80' lang='lat' dir='ltr'>aucto</span> 
     </span>
     <span class='ocr_line' id='line_1_25' title="bbox 669 3983 2173 4057; baseline 0 -16"><span class='ocrx_word' id='word_1_233' title='bbox 669 3983 758 4042; x_wconf 83' lang='lat' dir='ltr'>ritate</span> <span class='ocrx_word' id='word_1_234' title='bbox 791 3983 924 4057; x_wconf 86' lang='lat' dir='ltr'>predicta</span> <span class='ocrx_word' id='word_1_235' title='bbox 958 3984 988 4042; x_wconf 93' lang='lat' dir='ltr'>in</span> <span class='ocrx_word' id='word_1_236' title='bbox 1021 3985 1122 4043; x_wconf 89' lang='lat' dir='ltr'>eadem</span> <span class='ocrx_word' id='word_1_237' title='bbox 1156 3986 1281 4044; x_wconf 90' lang='lat' dir='ltr'>ecclesia</span> <span class='ocrx_word' id='word_1_238' title='bbox 1314 3986 1345 4044; x_wconf 89' lang='lat' dir='ltr'>in</span> <span class='ocrx_word' id='word_1_239' title='bbox 1380 3986 1552 4044; x_wconf 87' lang='lat' dir='ltr'>canonicum</span> <span class='ocrx_word' id='word_1_240' title='bbox 1576 3985 1668 4057; x_wconf 87' lang='lat' dir='ltr'>recipi</span> <span class='ocrx_word' id='word_1_241' title='bbox 1691 3984 1773 4042; x_wconf 91' lang='lat' dir='ltr'>etin</span> <span class='ocrx_word' id='word_1_242' title='bbox 1796 3983 1929 4057; x_wconf 82' lang='lat' dir='ltr'>fratrem,</span> <span class='ocrx_word' id='word_1_243' title='bbox 1952 3984 2042 4043; x_wconf 86' lang='lat' dir='ltr'>stallo</span> <span class='ocrx_word' id='word_1_244' title='bbox 2066 3983 2123 4043; x_wconf 90' lang='lat' dir='ltr'>sibi</span> <span class='ocrx_word' id='word_1_245' title='bbox 2146 3984 2173 4041; x_wconf 91' lang='lat' dir='ltr'>in</span> 
     </span>
     <span class='ocr_line' id='line_1_26' title="bbox 669 4086 2172 4163; baseline 0.001 -18"><span class='ocrx_word' id='word_1_246' title='bbox 669 4086 759 4146; x_wconf 86' lang='lat' dir='ltr'>choro</span> <span class='ocrx_word' id='word_1_247' title='bbox 789 4092 820 4145; x_wconf 90' lang='lat' dir='ltr'>et</span> <span class='ocrx_word' id='word_1_248' title='bbox 848 4088 913 4147; x_wconf 93' lang='lat' dir='ltr'>loco</span> <span class='ocrx_word' id='word_1_249' title='bbox 942 4087 972 4145; x_wconf 91' lang='lat' dir='ltr'>in</span> <span class='ocrx_word' id='word_1_250' title='bbox 1004 4089 1133 4161; x_wconf 88' lang='lat' dir='ltr'>capitulo</span> <span class='ocrx_word' id='word_1_251' title='bbox 1162 4089 1255 4163; x_wconf 89' lang='lat' dir='ltr'>ipsius</span> <span class='ocrx_word' id='word_1_252' title='bbox 1285 4090 1409 4148; x_wconf 90' lang='lat' dir='ltr'>ecclesie</span> <span class='ocrx_word' id='word_1_253' title='bbox 1441 4107 1503 4147; x_wconf 91' lang='lat' dir='ltr'>cum</span> <span class='ocrx_word' id='word_1_254' title='bbox 1535 4088 1717 4161; x_wconf 89' lang='lat' dir='ltr'>plenitudine</span> <span class='ocrx_word' id='word_1_255' title='bbox 1747 4087 1822 4145; x_wconf 91' lang='lat' dir='ltr'>iuris</span> <span class='ocrx_word' id='word_1_256' title='bbox 1848 4086 1982 4145; x_wconf 89' lang='lat' dir='ltr'>canonici</span> <span class='ocrx_word' id='word_1_257' title='bbox 2005 4086 2172 4161; x_wconf 79' lang='lat' dir='ltr'>assignatis,</span> 
     </span>
     <span class='ocr_line' id='line_1_27' title="bbox 669 4183 2174 4267; baseline 0 -19"><span class='ocrx_word' id='word_1_258' title='bbox 669 4184 861 4267; x_wconf 88' lang='lat' dir='ltr'>prebendam</span> <span class='ocrx_word' id='word_1_259' title='bbox 883 4204 958 4250; x_wconf 90' lang='lat' dir='ltr'>vero</span> <span class='ocrx_word' id='word_1_260' title='bbox 982 4204 1018 4250; x_wconf 89' lang='lat' dir='ltr'>ac</span> <span class='ocrx_word' id='word_1_261' title='bbox 1041 4184 1180 4250; x_wconf 82' lang='lat' dir='ltr'>officium</span> <span class='ocrx_word' id='word_1_262' title='bbox 1202 4187 1270 4250; x_wconf 88' lang='lat' dir='ltr'>sine</span> <span class='ocrx_word' id='word_1_263' title='bbox 1293 4206 1379 4265; x_wconf 90' lang='lat' dir='ltr'>cura,</span> <span class='ocrx_word' id='word_1_264' title='bbox 1396 4187 1424 4250; x_wconf 90' lang='lat' dir='ltr'>si</span> <span class='ocrx_word' id='word_1_265' title='bbox 1439 4206 1502 4267; x_wconf 90' lang='lat' dir='ltr'>qua</span> <span class='ocrx_word' id='word_1_266' title='bbox 1517 4186 1548 4249; x_wconf 91' lang='lat' dir='ltr'>in</span> <span class='ocrx_word' id='word_1_267' title='bbox 1568 4186 1654 4250; x_wconf 89' lang='lat' dir='ltr'>dicta</span> <span class='ocrx_word' id='word_1_268' title='bbox 1676 4184 1812 4250; x_wconf 89' lang='lat' dir='ltr'>ecclesia</span> <span class='ocrx_word' id='word_1_269' title='bbox 1833 4189 1948 4249; x_wconf 91' lang='lat' dir='ltr'>vacant</span> <span class='ocrx_word' id='word_1_270' title='bbox 1969 4183 2011 4249; x_wconf 88' lang='lat' dir='ltr'>ad</span> <span class='ocrx_word' id='word_1_271' title='bbox 2034 4202 2174 4266; x_wconf 89' lang='lat' dir='ltr'>presens,</span> 
     </span>
     <span class='ocr_line' id='line_1_28' title="bbox 668 4287 2174 4372; baseline 0.001 -21"><span class='ocrx_word' id='word_1_272' title='bbox 668 4287 719 4354; x_wconf 86' lang='lat' dir='ltr'>vel</span> <span class='ocrx_word' id='word_1_273' title='bbox 742 4307 813 4353; x_wconf 88' lang='lat' dir='ltr'>eum</span> <span class='ocrx_word' id='word_1_274' title='bbox 836 4288 890 4353; x_wconf 91' lang='lat' dir='ltr'>illa</span> <span class='ocrx_word' id='word_1_275' title='bbox 912 4290 989 4354; x_wconf 87' lang='lat' dir='ltr'>inibi</span> <span class='ocrx_word' id='word_1_276' title='bbox 1012 4309 1125 4354; x_wconf 85' lang='lat' dir='ltr'>vacare</span> <span class='ocrx_word' id='word_1_277' title='bbox 1148 4290 1325 4372; x_wconf 85' lang='lat' dir='ltr'>contigerit,</span> <span class='ocrx_word' id='word_1_278' title='bbox 1349 4314 1404 4369; x_wconf 90' lang='lat' dir='ltr'>que</span> <span class='ocrx_word' id='word_1_279' title='bbox 1428 4298 1504 4355; x_wconf 88' lang='lat' dir='ltr'>idern</span> <span class='ocrx_word' id='word_1_280' title='bbox 1526 4297 1634 4355; x_wconf 88' lang='lat' dir='ltr'>Petrus</span> <span class='ocrx_word' id='word_1_281' title='bbox 1657 4313 1710 4369; x_wconf 92' lang='lat' dir='ltr'>per</span> <span class='ocrx_word' id='word_1_282' title='bbox 1732 4314 1764 4355; x_wconf 90' lang='lat' dir='ltr'>se</span> <span class='ocrx_word' id='word_1_283' title='bbox 1780 4298 1825 4356; x_wconf 90' lang='lat' dir='ltr'>vei</span> <span class='ocrx_word' id='word_1_284' title='bbox 1844 4299 2071 4370; x_wconf 86' lang='lat' dir='ltr'>procuratorem</span> <span class='ocrx_word' id='word_1_285' title='bbox 2094 4310 2174 4353; x_wconf 83' lang='lat' dir='ltr'>suurn</span> 
     </span>
     <span class='ocr_line' id='line_1_29' title="bbox 667 4398 2175 4475; baseline -0.002 -17"><span class='ocrx_word' id='word_1_286' title='bbox 667 4399 706 4458; x_wconf 89' lang='lat' dir='ltr'>ad</span> <span class='ocrx_word' id='word_1_287' title='bbox 739 4400 796 4459; x_wconf 91' lang='lat' dir='ltr'>boc</span> <span class='ocrx_word' id='word_1_288' title='bbox 830 4400 957 4474; x_wconf 82' lang='lat' dir='ltr'>legitime</span> <span class='ocrx_word' id='word_1_289' title='bbox 992 4400 1183 4459; x_wconf 90' lang='lat' dir='ltr'>constitutum</span> <span class='ocrx_word' id='word_1_290' title='bbox 1216 4399 1294 4459; x_wconf 82' lang='lat' dir='ltr'>inira</span> <span class='ocrx_word' id='word_1_291' title='bbox 1329 4401 1413 4459; x_wconf 89' lang='lat' dir='ltr'>unius</span> <span class='ocrx_word' id='word_1_292' title='bbox 1447 4401 1555 4458; x_wconf 93' lang='lat' dir='ltr'>mensis</span> <span class='ocrx_word' id='word_1_293' title='bbox 1586 4402 1727 4475; x_wconf 90' lang='lat' dir='ltr'>spacium,</span> <span class='ocrx_word' id='word_1_294' title='bbox 1757 4406 1911 4473; x_wconf 87' lang='lat' dir='ltr'>postquam</span> <span class='ocrx_word' id='word_1_295' title='bbox 1933 4398 1991 4458; x_wconf 91' lang='lat' dir='ltr'>sibi</span> <span class='ocrx_word' id='word_1_296' title='bbox 2014 4398 2061 4457; x_wconf 89' lang='lat' dir='ltr'>vel</span> <span class='ocrx_word' id='word_1_297' title='bbox 2085 4398 2175 4456; x_wconf 89' lang='lat' dir='ltr'>eidem</span> 
     </span>
     <span class='ocr_line' id='line_1_30' title="bbox 669 4502 2173 4586; baseline -0.003 -23"><span class='ocrx_word' id='word_1_298' title='bbox 669 4504 856 4578; x_wconf 81' lang='lat' dir='ltr'>procuratori</span> <span class='ocrx_word' id='word_1_299' title='bbox 880 4504 915 4563; x_wconf 89' lang='lat' dir='ltr'>de</span> <span class='ocrx_word' id='word_1_300' title='bbox 938 4504 1068 4578; x_wconf 92' lang='lat' dir='ltr'>ipsorum</span> <span class='ocrx_word' id='word_1_301' title='bbox 1091 4504 1239 4577; x_wconf 86' lang='lat' dir='ltr'>prebende</span> <span class='ocrx_word' id='word_1_302' title='bbox 1262 4522 1297 4563; x_wconf 91' lang='lat' dir='ltr'>ac</span> <span class='ocrx_word' id='word_1_303' title='bbox 1320 4502 1410 4563; x_wconf 85' lang='lat' dir='ltr'>officii</span> <span class='ocrx_word' id='word_1_304' title='bbox 1434 4504 1591 4563; x_wconf 81' lang='lat' dir='ltr'>vocacione</span> <span class='ocrx_word' id='word_1_305' title='bbox 1615 4504 1794 4586; x_wconf 85' lang='lat' dir='ltr'>constiterit,</span> <span class='ocrx_word' id='word_1_306' title='bbox 1814 4503 1933 4562; x_wconf 79' lang='lat' dir='ltr'>duxerit</span> <span class='ocrx_word' id='word_1_307' title='bbox 1954 4502 2173 4576; x_wconf 73' lang='lat' dir='ltr'>acceptandam,</span> 
     </span>
     <span class='ocr_line' id='line_1_31' title="bbox 669 4600 2174 4682; baseline -0.002 -17"><span class='ocrx_word' id='word_1_308' title='bbox 669 4600 890 4666; x_wconf 82' lang='lat' dir='ltr'>conferendam</span> <span class='ocrx_word' id='word_1_309' title='bbox 925 4600 1028 4666; x_wconf 87' lang='lat' dir='ltr'>eidem</span> <span class='ocrx_word' id='word_1_310' title='bbox 1063 4602 1157 4667; x_wconf 87' lang='lat' dir='ltr'>Petro</span> <span class='ocrx_word' id='word_1_311' title='bbox 1191 4614 1258 4681; x_wconf 89' lang='lat' dir='ltr'>post</span> <span class='ocrx_word' id='word_1_312' title='bbox 1291 4610 1528 4682; x_wconf 83' lang='lat' dir='ltr'>acceptationem</span> <span class='ocrx_word' id='word_1_313' title='bbox 1561 4609 1723 4682; x_wconf 90' lang='lat' dir='ltr'>predictam</span> <span class='ocrx_word' id='word_1_314' title='bbox 1755 4624 1819 4666; x_wconf 91' lang='lat' dir='ltr'>cum</span> <span class='ocrx_word' id='word_1_315' title='bbox 1850 4606 1984 4665; x_wconf 90' lang='lat' dir='ltr'>omnibus</span> <span class='ocrx_word' id='word_1_316' title='bbox 2007 4605 2124 4665; x_wconf 89' lang='lat' dir='ltr'>iuribus</span> <span class='ocrx_word' id='word_1_317' title='bbox 2145 4609 2174 4663; x_wconf 87' lang='lat' dir='ltr'>et</span> 
     </span>
     <span class='ocr_line' id='line_1_32' title="bbox 668 4705 2174 4797; baseline -0.002 -27"><span class='ocrx_word' id='word_1_318' title='bbox 668 4713 860 4797; x_wconf 86' lang='lat' dir='ltr'>pertinenciis</span> <span class='ocrx_word' id='word_1_319' title='bbox 883 4713 944 4771; x_wconf 84' lang='lat' dir='ltr'>suis</span> <span class='ocrx_word' id='word_1_320' title='bbox 975 4706 1138 4771; x_wconf 82' lang='lat' dir='ltr'>donationi</span> <span class='ocrx_word' id='word_1_321' title='bbox 1170 4711 1225 4769; x_wconf 92' lang='lat' dir='ltr'>tue</span> <span class='ocrx_word' id='word_1_322' title='bbox 1248 4705 1358 4770; x_wconf 90' lang='lat' dir='ltr'>eadem</span> <span class='ocrx_word' id='word_1_323' title='bbox 1382 4707 1571 4771; x_wconf 89' lang='lat' dir='ltr'>auctoritate</span> <span class='ocrx_word' id='word_1_324' title='bbox 1594 4724 1748 4784; x_wconf 72' lang='lat' dir='ltr'>reserves</span> <span class='ocrx_word' id='word_1_325' title='bbox 1773 4709 1942 4771; x_wconf 89' lang='lat' dir='ltr'>districcius</span> <span class='ocrx_word' id='word_1_326' title='bbox 1965 4709 2127 4769; x_wconf 88' lang='lat' dir='ltr'>inhibendo</span> <span class='ocrx_word' id='word_1_327' title='bbox 2149 4726 2174 4767; x_wconf 88' lang='lat' dir='ltr'>v.</span> 
     </span>
     <span class='ocr_line' id='line_1_33' title="bbox 668 4813 2175 4890; baseline 0 -17"><span class='ocrx_word' id='word_1_328' title='bbox 668 4814 689 4874; x_wconf 86' lang='lat' dir='ltr'>l.</span> <span class='ocrx_word' id='word_1_329' title='bbox 713 4833 742 4874; x_wconf 90' lang='lat' dir='ltr'>n.</span> <span class='ocrx_word' id='word_1_330' title='bbox 759 4856 792 4875; x_wconf 89' lang='lat'>..</span> <span class='ocrx_word' id='word_1_331' title='bbox 816 4816 954 4889; x_wconf 87' lang='lat' dir='ltr'>episcopo</span> <span class='ocrx_word' id='word_1_332' title='bbox 978 4822 1008 4874; x_wconf 93' lang='lat' dir='ltr'>et</span> <span class='ocrx_word' id='word_1_333' title='bbox 1030 4816 1078 4875; x_wconf 90' lang='lat' dir='ltr'>dd.</span> <span class='ocrx_word' id='word_1_334' title='bbox 1101 4816 1132 4875; x_wconf 85' lang='lat' dir='ltr'>a.</span> <span class='ocrx_word' id='word_1_335' title='bbox 1157 4817 1287 4890; x_wconf 87' lang='lat' dir='ltr'>capitulo</span> <span class='ocrx_word' id='word_1_336' title='bbox 1311 4817 1521 4890; x_wconf 86' lang='lat' dir='ltr'>Ratisponensi</span> <span class='ocrx_word' id='word_1_337' title='bbox 1544 4834 1579 4875; x_wconf 88' lang='lat' dir='ltr'>ae</span> <span class='ocrx_word' id='word_1_338' title='bbox 1602 4817 1645 4875; x_wconf 92' lang='lat' dir='ltr'>illi</span> <span class='ocrx_word' id='word_1_339' title='bbox 1668 4817 1714 4875; x_wconf 91' lang='lat' dir='ltr'>vel</span> <span class='ocrx_word' id='word_1_340' title='bbox 1737 4816 1807 4890; x_wconf 89' lang='lat' dir='ltr'>illis,</span> <span class='ocrx_word' id='word_1_341' title='bbox 1830 4816 1867 4873; x_wconf 87' lang='lat' dir='ltr'>ad</span> <span class='ocrx_word' id='word_1_342' title='bbox 1888 4831 1972 4888; x_wconf 90' lang='lat' dir='ltr'>quem</span> <span class='ocrx_word' id='word_1_343' title='bbox 1988 4815 2034 4873; x_wconf 88' lang='lat' dir='ltr'>vel</span> <span class='ocrx_word' id='word_1_344' title='bbox 2049 4813 2089 4873; x_wconf 86' lang='lat' dir='ltr'>ad</span> <span class='ocrx_word' id='word_1_345' title='bbox 2105 4831 2175 4888; x_wconf 89' lang='lat' dir='ltr'>quos</span> 
     </span>
     <span class='ocr_line' id='line_1_34' title="bbox 668 4918 2177 4995; baseline 0 -19"><span class='ocrx_word' id='word_1_346' title='bbox 668 4919 698 4977; x_wconf 91' lang='lat' dir='ltr'>in</span> <span class='ocrx_word' id='word_1_347' title='bbox 714 4920 814 4979; x_wconf 86' lang='lat' dir='ltr'>cadem</span> <span class='ocrx_word' id='word_1_348' title='bbox 830 4920 956 4978; x_wconf 88' lang='lat' dir='ltr'>ecclesia</span> <span class='ocrx_word' id='word_1_349' title='bbox 970 4921 1185 4994; x_wconf 86' lang='lat' dir='ltr'>prebendarum</span> <span class='ocrx_word' id='word_1_350' title='bbox 1201 4926 1231 4979; x_wconf 90' lang='lat' dir='ltr'>et</span> <span class='ocrx_word' id='word_1_351' title='bbox 1246 4919 1413 4979; x_wconf 79' lang='lat' dir='ltr'>officiorum</span> <span class='ocrx_word' id='word_1_352' title='bbox 1433 4921 1566 4995; x_wconf 90' lang='lat' dir='ltr'>collacio,</span> <span class='ocrx_word' id='word_1_353' title='bbox 1590 4921 1719 4993; x_wconf 81' lang='lat' dir='ltr'>provisio</span> <span class='ocrx_word' id='word_1_354' title='bbox 1743 4937 1794 4979; x_wconf 89' lang='lat' dir='ltr'>scu</span> <span class='ocrx_word' id='word_1_355' title='bbox 1817 4919 1918 4993; x_wconf 92' lang='lat' dir='ltr'>quevis</span> <span class='ocrx_word' id='word_1_356' title='bbox 1940 4918 2000 4977; x_wconf 91' lang='lat' dir='ltr'>alia</span> <span class='ocrx_word' id='word_1_357' title='bbox 2015 4919 2177 4992; x_wconf 85' lang='lat' dir='ltr'>disposicio</span> 
     </span>
     <span class='ocr_line' id='line_1_35' title="bbox 670 5023 2176 5100; baseline 0 -19"><span class='ocrx_word' id='word_1_358' title='bbox 670 5023 860 5082; x_wconf 85' lang='lat' dir='ltr'>communiter</span> <span class='ocrx_word' id='word_1_359' title='bbox 882 5024 928 5081; x_wconf 92' lang='lat' dir='ltr'>vel</span> <span class='ocrx_word' id='word_1_360' title='bbox 952 5024 1066 5082; x_wconf 83' lang='lat' dir='ltr'>divisim</span> <span class='ocrx_word' id='word_1_361' title='bbox 1089 5025 1228 5100; x_wconf 87' lang='lat' dir='ltr'>pertinet,</span> <span class='ocrx_word' id='word_1_362' title='bbox 1251 5042 1287 5083; x_wconf 90' lang='lat' dir='ltr'>ne</span> <span class='ocrx_word' id='word_1_363' title='bbox 1312 5025 1347 5083; x_wconf 88' lang='lat' dir='ltr'>de</span> <span class='ocrx_word' id='word_1_364' title='bbox 1370 5024 1429 5083; x_wconf 88' lang='lat' dir='ltr'>illis</span> <span class='ocrx_word' id='word_1_365' title='bbox 1452 5025 1569 5083; x_wconf 88' lang='lat' dir='ltr'>interim</span> <span class='ocrx_word' id='word_1_366' title='bbox 1593 5026 1684 5083; x_wconf 89' lang='lat' dir='ltr'>eciam</span> <span class='ocrx_word' id='word_1_367' title='bbox 1710 5028 1778 5083; x_wconf 88' lang='lat' dir='ltr'>ante</span> <span class='ocrx_word' id='word_1_368' title='bbox 1808 5023 2045 5097; x_wconf 82' lang='lat' dir='ltr'>acceptaeionem</span> <span class='ocrx_word' id='word_1_369' title='bbox 2077 5023 2176 5082; x_wconf 88' lang='lat' dir='ltr'>buius·</span> 
     </span>
     <span class='ocr_line' id='line_1_36' title="bbox 668 5126 2175 5203; baseline -0.001 -19"><span class='ocrx_word' id='word_1_370' title='bbox 668 5127 756 5201; x_wconf 89' lang='lat' dir='ltr'>modi,</span> <span class='ocrx_word' id='word_1_371' title='bbox 780 5127 837 5185; x_wconf 87' lang='lat' dir='ltr'>nisi</span> <span class='ocrx_word' id='word_1_372' title='bbox 859 5132 1013 5202; x_wconf 87' lang='lat' dir='ltr'>postquam</span> <span class='ocrx_word' id='word_1_373' title='bbox 1036 5128 1079 5186; x_wconf 87' lang='lat' dir='ltr'>eis</span> <span class='ocrx_word' id='word_1_374' title='bbox 1103 5130 1281 5203; x_wconf 88' lang='lat' dir='ltr'>constiterit,</span> <span class='ocrx_word' id='word_1_375' title='bbox 1304 5130 1381 5202; x_wconf 92' lang='lat' dir='ltr'>quod</span> <span class='ocrx_word' id='word_1_376' title='bbox 1405 5128 1502 5187; x_wconf 90' lang='lat' dir='ltr'>dictus</span> <span class='ocrx_word' id='word_1_377' title='bbox 1524 5129 1632 5187; x_wconf 89' lang='lat' dir='ltr'>Petrus</span> <span class='ocrx_word' id='word_1_378' title='bbox 1653 5129 1700 5187; x_wconf 90' lang='lat' dir='ltr'>vel</span> <span class='ocrx_word' id='word_1_379' title='bbox 1722 5131 1899 5201; x_wconf 90' lang='lat' dir='ltr'>procurator</span> <span class='ocrx_word' id='word_1_380' title='bbox 1917 5126 2012 5200; x_wconf 89' lang='lat' dir='ltr'>ipsius</span> <span class='ocrx_word' id='word_1_381' title='bbox 2027 5127 2108 5186; x_wconf 87' lang='lat' dir='ltr'>illam</span> <span class='ocrx_word' id='word_1_382' title='bbox 2124 5143 2175 5186; x_wconf 88' lang='lat' dir='ltr'>seu</span> 
     </span>
     <span class='ocr_line' id='line_1_37' title="bbox 668 5230 2175 5307; baseline 0.001 -20"><span class='ocrx_word' id='word_1_383' title='bbox 668 5230 741 5288; x_wconf 85' lang='lat' dir='ltr'>illud</span> <span class='ocrx_word' id='word_1_384' title='bbox 763 5232 911 5288; x_wconf 90' lang='lat' dir='ltr'>noluerint</span> <span class='ocrx_word' id='word_1_385' title='bbox 933 5238 1099 5307; x_wconf 84' lang='lat' dir='ltr'>acceptare,</span> <span class='ocrx_word' id='word_1_386' title='bbox 1123 5232 1280 5305; x_wconf 85' lang='lat' dir='ltr'>disponere</span> <span class='ocrx_word' id='word_1_387' title='bbox 1303 5232 1505 5305; x_wconf 87' lang='lat' dir='ltr'>quoquomodo</span> <span class='ocrx_word' id='word_1_388' title='bbox 1529 5237 1708 5306; x_wconf 86' lang='lat' dir='ltr'>presumant,</span> <span class='ocrx_word' id='word_1_389' title='bbox 1731 5248 1766 5290; x_wconf 88' lang='lat' dir='ltr'>ac</span> <span class='ocrx_word' id='word_1_390' title='bbox 1781 5230 1987 5290; x_wconf 87' lang='lat' dir='ltr'>nichilominus</span> <span class='ocrx_word' id='word_1_391' title='bbox 2009 5230 2175 5289; x_wconf 85' lang='lat' dir='ltr'>huiusmodi</span> 
     </span>
     <span class='ocr_line' id='line_1_38' title="bbox 668 5333 2175 5410; baseline 0.001 -18"><span class='ocrx_word' id='word_1_392' title='bbox 668 5334 845 5407; x_wconf 88' lang='lat' dir='ltr'>prebendam</span> <span class='ocrx_word' id='word_1_393' title='bbox 875 5341 906 5393; x_wconf 91' lang='lat' dir='ltr'>et</span> <span class='ocrx_word' id='word_1_394' title='bbox 935 5333 1073 5410; x_wconf 79' lang='lat' dir='ltr'>officium,</span> <span class='ocrx_word' id='word_1_395' title='bbox 1103 5354 1159 5410; x_wconf 91' lang='lat' dir='ltr'>que</span> <span class='ocrx_word' id='word_1_396' title='bbox 1191 5337 1367 5410; x_wconf 87' lang='lat' dir='ltr'>reservabis,</span> <span class='ocrx_word' id='word_1_397' title='bbox 1399 5336 1424 5394; x_wconf 90' lang='lat' dir='ltr'>si</span> <span class='ocrx_word' id='word_1_398' title='bbox 1448 5342 1481 5395; x_wconf 88' lang='lat' dir='ltr'>nt</span> <span class='ocrx_word' id='word_1_399' title='bbox 1503 5337 1684 5409; x_wconf 89' lang='lat' dir='ltr'>premittitur</span> <span class='ocrx_word' id='word_1_400' title='bbox 1706 5337 1736 5394; x_wconf 91' lang='lat' dir='ltr'>iu</span> <span class='ocrx_word' id='word_1_401' title='bbox 1761 5336 1840 5394; x_wconf 88' lang='lat' dir='ltr'>dicta</span> <span class='ocrx_word' id='word_1_402' title='bbox 1863 5334 1989 5394; x_wconf 87' lang='lat' dir='ltr'>eeclesia</span> <span class='ocrx_word' id='word_1_403' title='bbox 2010 5341 2120 5394; x_wconf 85' lang='lat' dir='ltr'>vacant</span> <span class='ocrx_word' id='word_1_404' title='bbox 2140 5334 2175 5393; x_wconf 88' lang='lat' dir='ltr'>ad</span> 
     </span>
     <span class='ocr_line' id='line_1_39' title="bbox 669 5438 2175 5515; baseline 0 -19"><span class='ocrx_word' id='word_1_405' title='bbox 669 5439 862 5512; x_wconf 73' lang='lat' dir='ltr'>praesuave}</span> <span class='ocrx_word' id='word_1_406' title='bbox 879 5456 943 5498; x_wconf 91' lang='lat' dir='ltr'>cum</span> <span class='ocrx_word' id='word_1_407' title='bbox 958 5439 1010 5498; x_wconf 90' lang='lat' dir='ltr'>illa</span> <span class='ocrx_word' id='word_1_408' title='bbox 1026 5440 1098 5498; x_wconf 92' lang='lat' dir='ltr'>inibi</span> <span class='ocrx_word' id='word_1_409' title='bbox 1114 5457 1220 5499; x_wconf 86' lang='lat' dir='ltr'>vacare</span> <span class='ocrx_word' id='word_1_410' title='bbox 1237 5440 1404 5515; x_wconf 78' lang='lat' dir='ltr'>contigerit,</span> <span class='ocrx_word' id='word_1_411' title='bbox 1420 5445 1488 5513; x_wconf 92' lang='lat' dir='ltr'>post</span> <span class='ocrx_word' id='word_1_412' title='bbox 1510 5442 1745 5514; x_wconf 75' lang='lat' dir='ltr'>acceptationem</span> <span class='ocrx_word' id='word_1_413' title='bbox 1767 5438 1930 5513; x_wconf 87' lang='lat' dir='ltr'>predictam</span> <span class='ocrx_word' id='word_1_414' title='bbox 1953 5456 2019 5498; x_wconf 88' lang='lat' dir='ltr'>cnm</span> <span class='ocrx_word' id='word_1_415' title='bbox 2042 5439 2175 5498; x_wconf 89' lang='lat' dir='ltr'>omnibus</span> 
     </span>
     <span class='ocr_line' id='line_1_40' title="bbox 665 5542 2170 5619; baseline 0.001 -20"><span class='ocrx_word' id='word_1_416' title='bbox 665 5542 780 5600; x_wconf 92' lang='lat' dir='ltr'>iuribus</span> <span class='ocrx_word' id='word_1_417' title='bbox 810 5548 841 5601; x_wconf 89' lang='lat' dir='ltr'>et</span> <span class='ocrx_word' id='word_1_418' title='bbox 859 5543 1049 5616; x_wconf 89' lang='lat' dir='ltr'>pertinenciis</span> <span class='ocrx_word' id='word_1_419' title='bbox 1073 5544 1134 5603; x_wconf 91' lang='lat' dir='ltr'>suis</span> <span class='ocrx_word' id='word_1_420' title='bbox 1156 5544 1251 5603; x_wconf 87' lang='lat' dir='ltr'>eidem</span> <span class='ocrx_word' id='word_1_421' title='bbox 1273 5545 1364 5602; x_wconf 91' lang='lat' dir='ltr'>Petro</span> <span class='ocrx_word' id='word_1_422' title='bbox 1387 5545 1564 5603; x_wconf 89' lang='lat' dir='ltr'>auctoritate</span> <span class='ocrx_word' id='word_1_423' title='bbox 1588 5545 1721 5617; x_wconf 89' lang='lat' dir='ltr'>predicta</span> <span class='ocrx_word' id='word_1_424' title='bbox 1744 5542 1880 5602; x_wconf 80' lang='lat' dir='ltr'>conferas</span> <span class='ocrx_word' id='word_1_425' title='bbox 1903 5547 1934 5602; x_wconf 90' lang='lat' dir='ltr'>et</span> <span class='ocrx_word' id='word_1_426' title='bbox 1955 5543 2103 5619; x_wconf 80' lang='lat' dir='ltr'>assignes,</span> <span class='ocrx_word' id='word_1_427' title='bbox 2125 5544 2170 5601; x_wconf 94' lang='lat' dir='ltr'>in·</span> 
     </span>
     <span class='ocr_line' id='line_1_41' title="bbox 670 5647 2175 5723; baseline 0 -19"><span class='ocrx_word' id='word_1_428' title='bbox 670 5647 779 5704; x_wconf 90' lang='lat' dir='ltr'>ducens</span> <span class='ocrx_word' id='word_1_429' title='bbox 802 5664 854 5719; x_wconf 87' lang='lat' dir='ltr'>per</span> <span class='ocrx_word' id='word_1_430' title='bbox 876 5653 908 5706; x_wconf 90' lang='lat' dir='ltr'>te</span> <span class='ocrx_word' id='word_1_431' title='bbox 932 5649 976 5707; x_wconf 90' lang='lat' dir='ltr'>vel</span> <span class='ocrx_word' id='word_1_432' title='bbox 999 5649 1087 5707; x_wconf 93' lang='lat' dir='ltr'>alium</span> <span class='ocrx_word' id='word_1_433' title='bbox 1111 5665 1163 5706; x_wconf 91' lang='lat' dir='ltr'>seu</span> <span class='ocrx_word' id='word_1_434' title='bbox 1186 5649 1260 5707; x_wconf 90' lang='lat' dir='ltr'>alios</span> <span class='ocrx_word' id='word_1_435' title='bbox 1285 5648 1394 5707; x_wconf 91' lang='lat' dir='ltr'>dictum</span> <span class='ocrx_word' id='word_1_436' title='bbox 1416 5649 1535 5707; x_wconf 89' lang='lat' dir='ltr'>Petrum</span> <span class='ocrx_word' id='word_1_437' title='bbox 1559 5651 1605 5708; x_wconf 92' lang='lat' dir='ltr'>vel</span> <span class='ocrx_word' id='word_1_438' title='bbox 1627 5654 1850 5723; x_wconf 89' lang='lat' dir='ltr'>procuratorem</span> <span class='ocrx_word' id='word_1_439' title='bbox 1871 5664 1955 5707; x_wconf 89' lang='lat' dir='ltr'>suum</span> <span class='ocrx_word' id='word_1_440' title='bbox 1977 5648 2042 5707; x_wconf 89' lang='lat' dir='ltr'>eius</span> <span class='ocrx_word' id='word_1_441' title='bbox 2061 5648 2175 5708; x_wconf 91' lang='lat' dir='ltr'>nomine</span> 
     </span>
     <span class='ocr_line' id='line_1_42' title="bbox 670 5732 2173 5827; baseline 0.001 -17"><span class='ocrx_word' id='word_1_442' title='bbox 670 5751 698 5810; x_wconf 90' lang='lat' dir='ltr'>in</span> <span class='ocrx_word' id='word_1_443' title='bbox 716 5752 898 5825; x_wconf 90' lang='lat' dir='ltr'>corporalem</span> <span class='ocrx_word' id='word_1_444' title='bbox 913 5753 1128 5825; x_wconf 87' lang='lat' dir='ltr'>possessiouem</span> <span class='ocrx_word' id='word_1_445' title='bbox 1143 5752 1291 5825; x_wconf 86' lang='lat' dir='ltr'>prebende</span> <span class='ocrx_word' id='word_1_446' title='bbox 1308 5769 1342 5811; x_wconf 87' lang='lat' dir='ltr'>ac</span> <span class='ocrx_word' id='word_1_447' title='bbox 1358 5751 1449 5811; x_wconf 79' lang='lat' dir='ltr'>officii</span> <span class='ocrx_word' id='word_1_448' title='bbox 1473 5754 1637 5827; x_wconf 91' lang='lat' dir='ltr'>iuriumque</span> <span class='ocrx_word' id='word_1_449' title='bbox 1660 5759 1690 5811; x_wconf 90' lang='lat' dir='ltr'>et</span> <span class='ocrx_word' id='word_1_450' title='bbox 1706 5732 1953 5826; x_wconf 79' lang='lat' dir='ltr'>pertiuerrciarum</span> <span class='ocrx_word' id='word_1_451' title='bbox 1976 5752 2173 5827; x_wconf 85' lang='lat' dir='ltr'>predictorum</span> 
     </span>
    </p>
   </div>
   <div class='ocr_carea' id='block_1_8' title="bbox 0 0 2597 7044">
    <p class='ocr_par' dir='ltr' id='par_1_9' title="bbox 0 0 2597 7044">
     <span class='ocr_line' id='line_1_43' title="bbox 0 0 2597 7044; baseline 0 0"><span class='ocrx_word' id='word_1_452' title='bbox 0 0 2597 7044; x_wconf 95' lang='lat' dir='ltr'> </span> 
     </span>
    </p>
   </div>
  </div>
 </body>
</html>
