<?xml version="1.0" encoding="UTF-8"?>
<!DOCTYPE html PUBLIC "-//W3C//DTD XHTML 1.0 Transitional//EN"
    "http://www.w3.org/TR/xhtml1/DTD/xhtml1-transitional.dtd">
<html xmlns="http://www.w3.org/1999/xhtml" xml:lang="en" lang="en">
 <head>
  <title>
</title>
<meta http-equiv="Content-Type" content="text/html;charset=utf-8" />
  <meta name='ocr-system' content='tesseract 3.04.00' />
  <meta name='ocr-capabilities' content='ocr_page ocr_carea ocr_par ocr_line ocrx_word'/>
</head>
<body>
  <div class='ocr_page' id='page_1' title='image "./monumentavatica01vatigoog_0327.png"; bbox 0 0 5184 7050; ppageno 0'>
   <div class='ocr_carea' id='block_1_1' title="bbox 1866 853 1946 923">
    <p class='ocr_par' dir='ltr' id='par_1_1' title="bbox 1866 853 1946 923">
     <span class='ocr_line' id='line_1_1' title="bbox 1866 853 1946 923; baseline 0 0"><span class='ocrx_word' id='word_1_1' title='bbox 1866 853 1946 923; x_wconf 70' lang='grc'><strong><em>«306</em></strong></span> 
     </span>
    </p>
   </div>
   <div class='ocr_carea' id='block_1_2' title="bbox 454 1033 1953 1538">
    <p class='ocr_par' dir='ltr' id='par_1_2' title="bbox 454 1033 1942 1140">
     <span class='ocr_line' id='line_1_2' title="bbox 454 1033 1942 1140; baseline 0.007 -24"><span class='ocrx_word' id='word_1_2' title='bbox 454 1050 530 1117; x_wconf 75' lang='lat'><strong><em>612.</em></strong></span> <span class='ocrx_word' id='word_1_3' title='bbox 572 1046 701 1114; x_wconf 78' lang='lat' dir='ltr'><strong><em>Alberto</em></strong></span> <span class='ocrx_word' id='word_1_4' title='bbox 722 1048 761 1114; x_wconf 84' lang='lat' dir='ltr'><strong><em>de</em></strong></span> <span class='ocrx_word' id='word_1_5' title='bbox 784 1050 982 1135; x_wconf 80' lang='lat' dir='ltr'><strong><em>Falkenan·)</em></strong></span> <span class='ocrx_word' id='word_1_6' title='bbox 1009 1053 1194 1137; x_wconf 82' lang='lat' dir='ltr'><strong><em>providetur</em></strong></span> <span class='ocrx_word' id='word_1_7' title='bbox 1222 1054 1261 1118; x_wconf 82' lang='lat' dir='ltr'><strong><em>de</em></strong></span> <span class='ocrx_word' id='word_1_8' title='bbox 1292 1056 1481 1120; x_wconf 76' lang='lat' dir='ltr'><strong><em>canonicatu</em></strong></span> <span class='ocrx_word' id='word_1_9' title='bbox 1503 1061 1533 1120; x_wconf 88' lang='lat' dir='ltr'><strong><em>et</em></strong></span> <span class='ocrx_word' id='word_1_10' title='bbox 1549 1057 1732 1140; x_wconf 87' lang='lat' dir='ltr'><strong><em>praebenda</em></strong></span> <span class='ocrx_word' id='word_1_11' title='bbox 1757 1059 1791 1123; x_wconf 90' lang='lat' dir='ltr'><strong><em>in</em></strong></span> <span class='ocrx_word' id='word_1_12' title='bbox 1811 1033 1942 1127; x_wconf 80' lang='lat' dir='ltr'><strong><em>ecclesia</em></strong></span> 
     </span>
    </p>

    <p class='ocr_par' dir='ltr' id='par_1_3' title="bbox 455 1149 1953 1244">
     <span class='ocr_line' id='line_1_3' title="bbox 455 1149 1953 1244; baseline 0.008 -27"><span class='ocrx_word' id='word_1_13' title='bbox 455 1150 705 1235; x_wconf 59' lang='lat' dir='ltr'><strong><em>bdeslaciensib)</em></strong></span> <span class='ocrx_word' id='word_1_14' title='bbox 727 1154 925 1231; x_wconf 69' lang='lat' dir='ltr'><strong><em>cacantbus,</em></strong></span> <span class='ocrx_word' id='word_1_15' title='bbox 945 1162 1042 1240; x_wconf 86' lang='lat' dir='ltr'><strong><em>prout</em></strong></span> <span class='ocrx_word' id='word_1_16' title='bbox 1064 1158 1100 1222; x_wconf 88' lang='lat' dir='ltr'><strong><em>in</em></strong></span> <span class='ocrx_word' id='word_1_17' title='bbox 1120 1179 1205 1222; x_wconf 89' lang='lat' dir='ltr'><strong><em>num.</em></strong></span> <span class='ocrx_word' id='word_1_18' title='bbox 1229 1161 1293 1224; x_wconf 89' lang='grc'><strong><em>511</em></strong></span> <span class='ocrx_word' id='word_1_19' title='bbox 1316 1159 1530 1243; x_wconf 74' lang='lat' dir='ltr'><strong><em>supplicatum</em></strong></span> <span class='ocrx_word' id='word_1_20' title='bbox 1552 1163 1696 1244; x_wconf 58' lang='lat' dir='ltr'><strong><em>ectdw)</em></strong></span> <span class='ocrx_word' id='word_1_21' title='bbox 1719 1165 1762 1228; x_wconf 90' lang='lat' dir='ltr'><strong><em>D.</em></strong></span> <span class='ocrx_word' id='word_1_22' title='bbox 1785 1149 1953 1229; x_wconf 64' lang='lat' dir='ltr'><strong><em>Auinione‘</em></strong></span> 
     </span>
    </p>

    <p class='ocr_par' dir='ltr' id='par_1_4' title="bbox 458 1255 1941 1348">
     <span class='ocr_line' id='line_1_4' title="bbox 458 1255 1941 1348; baseline 0.008 -28"><span class='ocrx_word' id='word_1_23' title='bbox 458 1258 488 1322; x_wconf 89' lang='grc'><strong><em>11</em></strong></span> <span class='ocrx_word' id='word_1_24' title='bbox 501 1276 566 1323; x_wconf 80' lang='lat' dir='ltr'><strong><em>non.</em></strong></span> <span class='ocrx_word' id='word_1_25' title='bbox 588 1255 728 1338; x_wconf 65' lang='lat' dir='ltr'><strong><em>aaran</em></strong></span> <span class='ocrx_word' id='word_1_26' title='bbox 750 1279 781 1322; x_wconf 83' lang='lat' dir='ltr'><strong><em>a</em></strong></span> <span class='ocrx_word' id='word_1_27' title='bbox 795 1264 938 1341; x_wconf 62' lang='lat' dir='ltr'><strong><em>-puartot</em></strong></span> <span class='ocrx_word' id='word_1_28' title='bbox 961 1297 1004 1308; x_wconf 94' lang='lat'><em>-</em></span> <span class='ocrx_word' id='word_1_29' title='bbox 1027 1264 1067 1326; x_wconf 87' lang='lat' dir='ltr'><strong><em>In</em></strong></span> <span class='ocrx_word' id='word_1_30' title='bbox 1087 1284 1114 1327; x_wconf 81' lang='lat' dir='ltr'><strong><em>e.</em></strong></span> <span class='ocrx_word' id='word_1_31' title='bbox 1137 1282 1178 1326; x_wconf 86' lang='lat' dir='ltr'><strong><em>m.</em></strong></span> <span class='ocrx_word' id='word_1_32' title='bbox 1201 1262 1311 1328; x_wconf 84' lang='lat' dir='ltr'><strong><em>abbati</em></strong></span> <span class='ocrx_word' id='word_1_33' title='bbox 1339 1265 1524 1328; x_wconf 85' lang='lat' dir='ltr'><strong><em>monasterii</em></strong></span> <span class='ocrx_word' id='word_1_34' title='bbox 1545 1266 1794 1345; x_wconf 70' lang='lat' dir='ltr'><strong><em>carnutensis,</em></strong></span> <span class='ocrx_word' id='word_1_35' title='bbox 1810 1270 1835 1348; x_wconf 74' lang='lat'><strong><em>⁰)</em></strong></span> <span class='ocrx_word' id='word_1_36' title='bbox 1859 1268 1941 1331; x_wconf 82' lang='lat' dir='ltr'><strong><em>Pra-</em></strong></span> 
     </span>
    </p>

    <p class='ocr_par' dir='ltr' id='par_1_5' title="bbox 455 1360 1943 1538">
     <span class='ocr_line' id='line_1_5' title="bbox 455 1360 1943 1450; baseline 0.008 -25"><span class='ocrx_word' id='word_1_37' title='bbox 455 1361 541 1440; x_wconf 73' lang='lat' dir='ltr'><strong><em>runs</em></strong></span> <span class='ocrx_word' id='word_1_38' title='bbox 562 1360 706 1437; x_wconf 63' lang='lat' dir='ltr'><strong><em>dume,</em></strong></span> <span class='ocrx_word' id='word_1_39' title='bbox 729 1365 760 1425; x_wconf 83' lang='lat' dir='ltr'><strong><em>et</em></strong></span> <span class='ocrx_word' id='word_1_40' title='bbox 776 1364 961 1447; x_wconf 83' lang='lat' dir='ltr'><strong><em>praeposito</em></strong></span> <span class='ocrx_word' id='word_1_41' title='bbox 986 1366 1135 1430; x_wconf 85' lang='lat' dir='ltr'><strong><em>Omnium</em></strong></span> <span class='ocrx_word' id='word_1_42' title='bbox 1156 1366 1347 1432; x_wconf 63' lang='lat' dir='ltr'><strong><em>Summum</em></strong></span> <span class='ocrx_word' id='word_1_43' title='bbox 1368 1366 1403 1431; x_wconf 90' lang='lat' dir='ltr'><strong><em>in</em></strong></span> <span class='ocrx_word' id='word_1_44' title='bbox 1417 1372 1523 1432; x_wconf 81' lang='lat' dir='ltr'><strong><em>castro</em></strong></span> <span class='ocrx_word' id='word_1_45' title='bbox 1545 1370 1702 1450; x_wconf 81' lang='lat' dir='ltr'><strong><em>Propemi</em></strong></span> <span class='ocrx_word' id='word_1_46' title='bbox 1725 1389 1764 1436; x_wconf 90' lang='lat' dir='ltr'><strong><em>ac</em></strong></span> <span class='ocrx_word' id='word_1_47' title='bbox 1785 1370 1943 1436; x_wconf 86' lang='lat' dir='ltr'><strong><em>sucrr&#39;stae</em></strong></span> 
     </span>
     <span class='ocr_line' id='line_1_6' title="bbox 765 1464 1609 1538; baseline 0.008 -9"><span class='ocrx_word' id='word_1_48' title='bbox 765 1464 987 1532; x_wconf 80' lang='lat' dir='ltr'><strong><em>Auiuiouensis</em></strong></span> <span class='ocrx_word' id='word_1_49' title='bbox 1009 1468 1223 1534; x_wconf 76' lang='lat' dir='ltr'><strong><em>ecdesiarum.</em></strong></span> <span class='ocrx_word' id='word_1_50' title='bbox 1270 1472 1389 1535; x_wconf 80' lang='lat' dir='ltr'><strong><em>Forma</em></strong></span> <span class='ocrx_word' id='word_1_51' title='bbox 1409 1471 1502 1535; x_wconf 90' lang='lat' dir='ltr'><strong><em>utin</em></strong></span> <span class='ocrx_word' id='word_1_52' title='bbox 1524 1494 1555 1538; x_wconf 88' lang='lat' dir='ltr'><strong><em>n.</em></strong></span> <span class='ocrx_word' id='word_1_53' title='bbox 1578 1474 1609 1538; x_wconf 78' lang='lat'><strong><em>4.</em></strong></span> 
     </span>
    </p>
   </div>
   <div class='ocr_carea' id='block_1_3' title="bbox 490 1677 1896 1776">
    <p class='ocr_par' dir='ltr' id='par_1_6' title="bbox 490 1677 1896 1776">
     <span class='ocr_line' id='line_1_7' title="bbox 490 1677 1896 1776; baseline -0.014 -12"><span class='ocrx_word' id='word_1_54' title='bbox 490 1689 530 1776; x_wconf 77' lang='grc' dir='ltr'><strong><em>,ῐ</em></strong></span> <span class='ocrx_word' id='word_1_55' title='bbox 543 1688 590 1776; x_wconf 76' lang='grc' dir='ltr'><strong><em>ῑ,</em></strong></span> <span class='ocrx_word' id='word_1_56' title='bbox 1408 1677 1573 1756; x_wconf 69' lang='lat' dir='ltr'><strong><em>aarum,</em></strong></span> <span class='ocrx_word' id='word_1_57' title='bbox 1600 1684 1683 1747; x_wconf 72' lang='lat'><strong><em>1345</em></strong></span> <span class='ocrx_word' id='word_1_58' title='bbox 1705 1680 1844 1763; x_wconf 67' lang='lat' dir='ltr'><strong><em>amun</em></strong></span> <span class='ocrx_word' id='word_1_59' title='bbox 1865 1684 1896 1745; x_wconf 77' lang='lat' dir='ltr'><strong><em>r.</em></strong></span> 
     </span>
    </p>
   </div>
   <div class='ocr_carea' id='block_1_4' title="bbox 541 1894 1938 1970">
    <p class='ocr_par' dir='ltr' id='par_1_7' title="bbox 541 1894 1938 1970">
     <span class='ocr_line' id='line_1_8' title="bbox 541 1894 1938 1970; baseline 0.007 -21"><span class='ocrx_word' id='word_1_60' title='bbox 541 1894 689 1950; x_wconf 67' lang='lat' dir='ltr'><strong><em>tinnientis</em></strong></span> <span class='ocrx_word' id='word_1_61' title='bbox 700 1896 738 1950; x_wconf 83' lang='lat' dir='ltr'><strong><em>vl</em></strong></span> <span class='ocrx_word' id='word_1_62' title='bbox 751 1898 783 1949; x_wconf 81' lang='grc' dir='ltr'><strong><em>Α.</em></strong></span> <span class='ocrx_word' id='word_1_63' title='bbox 797 1896 860 1966; x_wconf 80' lang='lat' dir='ltr'><strong><em>lvp</em></strong></span> <span class='ocrx_word' id='word_1_64' title='bbox 875 1900 931 1966; x_wconf 75' lang='lat'>(82)</span> <span class='ocrx_word' id='word_1_65' title='bbox 951 1899 969 1951; x_wconf 88' lang='grc'><strong><em>1.</em></strong></span> <span class='ocrx_word' id='word_1_66' title='bbox 982 1902 1052 1964; x_wconf 81' lang='lat'><strong><em>303&#39;,</em></strong></span> <span class='ocrx_word' id='word_1_67' title='bbox 1071 1899 1105 1953; x_wconf 88' lang='lat' dir='ltr'><strong><em>de</em></strong></span> <span class='ocrx_word' id='word_1_68' title='bbox 1124 1899 1264 1954; x_wconf 85' lang='lat' dir='ltr'><strong><em>beneficiis</em></strong></span> <span class='ocrx_word' id='word_1_69' title='bbox 1280 1902 1439 1956; x_wconf 70' lang='lat' dir='ltr'><strong><em>iuuantibus</em></strong></span> <span class='ocrx_word' id='word_1_70' title='bbox 1458 1919 1504 1970; x_wconf 89' lang='lat' dir='ltr'><strong><em>qu.</em></strong></span> <span class='ocrx_word' id='word_1_71' title='bbox 1517 1910 1532 1957; x_wconf 82' lang='grc'><strong>7</strong></span> <span class='ocrx_word' id='word_1_72' title='bbox 1545 1924 1578 1957; x_wconf 90' lang='lat'>:</span> <span class='ocrx_word' id='word_1_73' title='bbox 1588 1904 1620 1958; x_wconf 91' lang='lat' dir='ltr'><strong><em>V.</em></strong></span> <span class='ocrx_word' id='word_1_74' title='bbox 1635 1910 1684 1958; x_wconf 76' lang='lat'><strong><em>170</em></strong></span> <span class='ocrx_word' id='word_1_75' title='bbox 1696 1905 1714 1959; x_wconf 91' lang='grc'><strong><em>1.</em></strong></span> <span class='ocrx_word' id='word_1_76' title='bbox 1729 1911 1778 1959; x_wconf 82' lang='grc'><strong><em>193</em></strong></span> <span class='ocrx_word' id='word_1_77' title='bbox 1791 1921 1817 1959; x_wconf 92' lang='lat' dir='ltr'><strong><em>n.</em></strong></span> <span class='ocrx_word' id='word_1_78' title='bbox 1830 1911 1888 1959; x_wconf 77' lang='lat'>260.</span> <span class='ocrx_word' id='word_1_79' title='bbox 1905 1935 1938 1946; x_wconf 87' lang='lat'><em>-</em></span> 
     </span>
    </p>
   </div>
   <div class='ocr_carea' id='block_1_5' title="bbox 457 1981 1940 2126">
    <p class='ocr_par' dir='ltr' id='par_1_8' title="bbox 457 1981 1940 2126">
     <span class='ocr_line' id='line_1_9' title="bbox 458 1981 1940 2063; baseline 0.007 -29"><span class='ocrx_word' id='word_1_80' title='bbox 458 1983 478 2046; x_wconf 83' lang='lat'><strong><em>¹)</em></strong></span> <span class='ocrx_word' id='word_1_81' title='bbox 493 1981 668 2047; x_wconf 76' lang='lat' dir='ltr'><strong><em>,Fnikenoue‘</em></strong></span> <span class='ocrx_word' id='word_1_82' title='bbox 686 1984 719 2035; x_wconf 84' lang='lat' dir='ltr'><strong><em>A.</em></strong></span> <span class='ocrx_word' id='word_1_83' title='bbox 746 1983 770 2049; x_wconf 67' lang='lat'><strong><em>¹³)</em></strong></span> <span class='ocrx_word' id='word_1_84' title='bbox 789 1984 1017 2051; x_wconf 81' lang='lat' dir='ltr'><strong><em>,Bolislnuiensis‘</em></strong></span> <span class='ocrx_word' id='word_1_85' title='bbox 1035 1987 1067 2039; x_wconf 79' lang='grc' dir='ltr'><strong><em>Α.</em></strong></span> <span class='ocrx_word' id='word_1_86' title='bbox 1095 1987 1121 2053; x_wconf 74' lang='lat'><strong><em>⁰)</em></strong></span> <span class='ocrx_word' id='word_1_87' title='bbox 1146 1986 1385 2063; x_wconf 79' lang='lat' dir='ltr'><strong><em>,Breunouiensis‘</em></strong></span> <span class='ocrx_word' id='word_1_88' title='bbox 1403 1992 1437 2043; x_wconf 83' lang='lat' dir='ltr'><strong><em>A.</em></strong></span> <span class='ocrx_word' id='word_1_89' title='bbox 1457 2020 1489 2030; x_wconf 85' lang='lat'><em>-</em></span> <span class='ocrx_word' id='word_1_90' title='bbox 1515 1994 1534 2057; x_wconf 89' lang='lat'><strong><em>¹)</em></strong></span> <span class='ocrx_word' id='word_1_91' title='bbox 1554 1992 1588 2046; x_wconf 87' lang='lat' dir='ltr'><strong><em>ds</em></strong></span> <span class='ocrx_word' id='word_1_92' title='bbox 1613 1991 1816 2061; x_wconf 77' lang='lat' dir='ltr'><strong><em>supplicatione</em></strong></span> <span class='ocrx_word' id='word_1_93' title='bbox 1839 1992 1888 2047; x_wconf 80' lang='lat' dir='ltr'><strong><em>ille</em></strong></span> <span class='ocrx_word' id='word_1_94' title='bbox 1912 1991 1940 2045; x_wconf 92' lang='lat' dir='ltr'><strong><em>iu</em></strong></span> 
     </span>
     <span class='ocr_line' id='line_1_10' title="bbox 457 2065 867 2126; baseline 0.01 -7"><span class='ocrx_word' id='word_1_95' title='bbox 457 2065 496 2121; x_wconf 81' lang='lat' dir='ltr'><strong><em>bac</em></strong></span> <span class='ocrx_word' id='word_1_96' title='bbox 510 2067 597 2123; x_wconf 75' lang='lat' dir='ltr'><strong><em>litters</em></strong></span> <span class='ocrx_word' id='word_1_97' title='bbox 615 2069 691 2125; x_wconf 82' lang='lat' dir='ltr'><strong><em>nullu</em></strong></span> <span class='ocrx_word' id='word_1_98' title='bbox 709 2071 740 2126; x_wconf 87' lang='lat' dir='ltr'><strong><em>iit</em></strong></span> <span class='ocrx_word' id='word_1_99' title='bbox 757 2071 867 2125; x_wconf 79' lang='lat' dir='ltr'><strong><em>mentia</em></strong></span> 
     </span>
    </p>
   </div>
   <div class='ocr_carea' id='block_1_6' title="bbox 1085 2277 1290 2287">
    <p class='ocr_par' dir='ltr' id='par_1_9' title="bbox 1085 2277 1290 2287">
     <span class='ocr_line' id='line_1_11' title="bbox 1085 2277 1290 2287; baseline 0.015 -3"><span class='ocrx_word' id='word_1_100' title='bbox 1085 2277 1290 2287; x_wconf 81' lang='lat'>———-</span> 
     </span>
    </p>
   </div>
   <div class='ocr_carea' id='block_1_7' title="bbox 449 2580 1942 3397">
    <p class='ocr_par' dir='ltr' id='par_1_10' title="bbox 449 2580 1942 3397">
     <span class='ocr_line' id='line_1_12' title="bbox 454 2580 1941 2670; baseline 0.005 -26"><span class='ocrx_word' id='word_1_101' title='bbox 454 2580 531 2648; x_wconf 86' lang='grc'><strong><em>513.</em></strong></span> <span class='ocrx_word' id='word_1_102' title='bbox 563 2581 780 2663; x_wconf 73' lang='lat' dir='ltr'><strong><em>Eupelbertus,</em></strong></span> <span class='ocrx_word' id='word_1_103' title='bbox 811 2584 974 2668; x_wconf 84' lang='lat' dir='ltr'><strong><em>episcopus</em></strong></span> <span class='ocrx_word' id='word_1_104' title='bbox 998 2586 1190 2661; x_wconf 87' lang='lat' dir='ltr'><strong><em>Leodiensis,</em></strong></span> <span class='ocrx_word' id='word_1_105' title='bbox 1212 2586 1384 2670; x_wconf 73' lang='lat' dir='ltr'><strong><em>supplicat,</em></strong></span> <span class='ocrx_word' id='word_1_106' title='bbox 1415 2590 1570 2668; x_wconf 79' lang='lat' dir='ltr'><strong><em>quaterrus</em></strong></span> <span class='ocrx_word' id='word_1_107' title='bbox 1586 2587 1817 2669; x_wconf 85' lang='lat' dir='ltr'><strong><em>prormntiutio,</em></strong></span> <span class='ocrx_word' id='word_1_108' title='bbox 1842 2592 1941 2666; x_wconf 87' lang='lat' dir='ltr'><strong><em>fucta</em></strong></span> 
     </span>
     <span class='ocr_line' id='line_1_13' title="bbox 453 2683 1942 2774; baseline 0.005 -28"><span class='ocrx_word' id='word_1_109' title='bbox 453 2683 639 2768; x_wconf 80' lang='lat' dir='ltr'><strong><em>anilrppo,</em></strong></span> <span class='ocrx_word' id='word_1_110' title='bbox 662 2707 733 2768; x_wconf 82' lang='lat' dir='ltr'><strong><em>repe</em></strong></span> <span class='ocrx_word' id='word_1_111' title='bbox 756 2688 924 2768; x_wconf 78' lang='lat' dir='ltr'><strong><em>Francius,</em></strong></span> <span class='ocrx_word' id='word_1_112' title='bbox 947 2691 981 2753; x_wconf 86' lang='lat' dir='ltr'><strong><em>in</em></strong></span> <span class='ocrx_word' id='word_1_113' title='bbox 1004 2710 1111 2769; x_wconf 88' lang='lat' dir='ltr'><strong><em>causa,</em></strong></span> <span class='ocrx_word' id='word_1_114' title='bbox 1128 2710 1209 2771; x_wconf 78' lang='lat' dir='ltr'><strong><em>qrrue</em></strong></span> <span class='ocrx_word' id='word_1_115' title='bbox 1230 2690 1306 2755; x_wconf 90' lang='lat' dir='ltr'><strong><em>olim</em></strong></span> <span class='ocrx_word' id='word_1_116' title='bbox 1327 2690 1410 2754; x_wconf 89' lang='lat' dir='ltr'><strong><em>iuter</em></strong></span> <span class='ocrx_word' id='word_1_117' title='bbox 1431 2690 1536 2774; x_wconf 60' lang='grc'><strong><em>153515</em></strong></span> <span class='ocrx_word' id='word_1_118' title='bbox 1559 2689 1780 2771; x_wconf 80' lang='lat' dir='ltr'><strong><em>Enpelbertum</em></strong></span> <span class='ocrx_word' id='word_1_119' title='bbox 1793 2695 1825 2756; x_wconf 88' lang='lat' dir='ltr'><strong><em>et</em></strong></span> <span class='ocrx_word' id='word_1_120' title='bbox 1838 2711 1942 2772; x_wconf 78' lang='lat' dir='ltr'><strong><em>repam</em></strong></span> 
     </span>
     <span class='ocr_line' id='line_1_14' title="bbox 454 2786 1940 2875; baseline 0.006 -25"><span class='ocrx_word' id='word_1_121' title='bbox 454 2786 607 2852; x_wconf 79' lang='lat' dir='ltr'><strong><em>boiemiae</em></strong></span> <span class='ocrx_word' id='word_1_122' title='bbox 628 2793 658 2853; x_wconf 86' lang='lat' dir='ltr'><strong><em>ct</em></strong></span> <span class='ocrx_word' id='word_1_123' title='bbox 682 2790 951 2875; x_wconf 75' lang='lat' dir='ltr'><strong><em>ardriepiscopum</em></strong></span> <span class='ocrx_word' id='word_1_124' title='bbox 968 2792 1177 2858; x_wconf 80' lang='lat' dir='ltr'><strong><em>Colonirusem</em></strong></span> <span class='ocrx_word' id='word_1_125' title='bbox 1199 2815 1239 2858; x_wconf 79' lang='lat' dir='ltr'><strong><em>en</em></strong></span> <span class='ocrx_word' id='word_1_126' title='bbox 1259 2816 1325 2859; x_wconf 89' lang='lat' dir='ltr'><strong><em>una</em></strong></span> <span class='ocrx_word' id='word_1_127' title='bbox 1343 2799 1374 2858; x_wconf 88' lang='lat' dir='ltr'><strong><em>et</em></strong></span> <span class='ocrx_word' id='word_1_128' title='bbox 1388 2793 1576 2868; x_wconf 86' lang='lat' dir='ltr'><strong><em>Jobonnem,</em></strong></span> <span class='ocrx_word' id='word_1_129' title='bbox 1600 2794 1708 2860; x_wconf 85' lang='lat' dir='ltr'><strong><em>ducem</em></strong></span> <span class='ocrx_word' id='word_1_130' title='bbox 1732 2794 1940 2873; x_wconf 85' lang='lat' dir='ltr'><strong><em>Brabuutioe‚</em></strong></span> 
     </span>
     <span class='ocr_line' id='line_1_15' title="bbox 449 2891 1941 2982; baseline 0.005 -27"><span class='ocrx_word' id='word_1_131' title='bbox 449 2893 530 2970; x_wconf 79' lang='lat' dir='ltr'><strong><em>parte</em></strong></span> <span class='ocrx_word' id='word_1_132' title='bbox 548 2912 589 2956; x_wconf 81' lang='lat' dir='ltr'><strong><em>ec</em></strong></span> <span class='ocrx_word' id='word_1_133' title='bbox 610 2891 717 2957; x_wconf 81' lang='lat' dir='ltr'><strong><em>altera</em></strong></span> <span class='ocrx_word' id='word_1_134' title='bbox 737 2893 934 2970; x_wconf 82' lang='lat' dir='ltr'><strong><em>versabatur,</em></strong></span> <span class='ocrx_word' id='word_1_135' title='bbox 965 2895 1000 2959; x_wconf 91' lang='lat' dir='ltr'><strong><em>in</em></strong></span> <span class='ocrx_word' id='word_1_136' title='bbox 1021 2902 1175 2977; x_wconf 71' lang='lat' dir='ltr'><strong><em>quartum</em></strong></span> <span class='ocrx_word' id='word_1_137' title='bbox 1204 2899 1310 2980; x_wconf 81' lang='lat' dir='ltr'><strong><em>tanpit</em></strong></span> <span class='ocrx_word' id='word_1_138' title='bbox 1335 2899 1523 2982; x_wconf 85' lang='lat' dir='ltr'><strong><em>episcopum,</em></strong></span> <span class='ocrx_word' id='word_1_139' title='bbox 1554 2898 1717 2963; x_wconf 86' lang='lat' dir='ltr'><strong><em>ecclesiam</em></strong></span> <span class='ocrx_word' id='word_1_140' title='bbox 1739 2897 1941 2963; x_wconf 84' lang='lat' dir='ltr'><strong><em>Leodieusem</em></strong></span> 
     </span>
     <span class='ocr_line' id='line_1_16' title="bbox 452 2994 1939 3085; baseline 0.006 -30"><span class='ocrx_word' id='word_1_141' title='bbox 452 2994 595 3061; x_wconf 73' lang='lat' dir='ltr'><strong><em>oducem</em></strong></span> <span class='ocrx_word' id='word_1_142' title='bbox 624 2996 836 3079; x_wconf 79' lang='lat' dir='ltr'><strong><em>nrpradietos,</em></strong></span> <span class='ocrx_word' id='word_1_143' title='bbox 871 2999 1071 3081; x_wconf 80' lang='lat' dir='ltr'><strong><em>corrfirnretur</em></strong></span> <span class='ocrx_word' id='word_1_144' title='bbox 1099 3004 1130 3064; x_wconf 83' lang='lat' dir='ltr'><strong><em>et</em></strong></span> <span class='ocrx_word' id='word_1_145' title='bbox 1158 3001 1221 3066; x_wconf 89' lang='lat' dir='ltr'><strong><em>sibi</em></strong></span> <span class='ocrx_word' id='word_1_146' title='bbox 1250 3006 1482 3067; x_wconf 70' lang='lat' dir='ltr'><strong><em>conservatores</em></strong></span> <span class='ocrx_word' id='word_1_147' title='bbox 1511 3022 1606 3085; x_wconf 87' lang='lat' dir='ltr'><strong><em>super</em></strong></span> <span class='ocrx_word' id='word_1_148' title='bbox 1634 3000 1692 3066; x_wconf 87' lang='lat' dir='ltr'><strong><em>boc</em></strong></span> <span class='ocrx_word' id='word_1_149' title='bbox 1721 3001 1939 3067; x_wconf 67' lang='lat' dir='ltr'><strong><em>mundantur.</em></strong></span> 
     </span>
     <span class='ocr_line' id='line_1_17' title="bbox 452 3096 1941 3189; baseline 0.001 -21"><span class='ocrx_word' id='word_1_150' title='bbox 452 3096 604 3168; x_wconf 72' lang='lat' dir='ltr'><strong><em>,baum</em></strong></span> <span class='ocrx_word' id='word_1_151' title='bbox 625 3100 661 3165; x_wconf 86' lang='lat' dir='ltr'><strong><em>in</em></strong></span> <span class='ocrx_word' id='word_1_152' title='bbox 682 3100 879 3167; x_wconf 87' lang='lat' dir='ltr'><strong><em>cancellario</em></strong></span> <span class='ocrx_word' id='word_1_153' title='bbox 903 3105 1131 3186; x_wconf 75' lang='lat' dir='ltr'><strong><em>pronunciatio</em></strong></span> <span class='ocrx_word' id='word_1_154' title='bbox 1160 3109 1191 3170; x_wconf 87' lang='lat' dir='ltr'><strong><em>ct</em></strong></span> <span class='ocrx_word' id='word_1_155' title='bbox 1212 3106 1433 3188; x_wconf 71' lang='lat' dir='ltr'><strong><em>confirmentur</em></strong></span> <span class='ocrx_word' id='word_1_156' title='bbox 1464 3105 1602 3182; x_wconf 78' lang='lat' dir='ltr'><strong><em>articuli,</em></strong></span> <span class='ocrx_word' id='word_1_157' title='bbox 1633 3126 1729 3189; x_wconf 87' lang='lat' dir='ltr'><strong><em>super</em></strong></span> <span class='ocrx_word' id='word_1_158' title='bbox 1758 3105 1871 3188; x_wconf 73' lang='lat' dir='ltr'><strong><em>quibus</em></strong></span> <span class='ocrx_word' id='word_1_159' title='bbox 1894 3108 1941 3169; x_wconf 84' lang='lat' dir='ltr'><strong><em>est</em></strong></span> 
     </span>
     <span class='ocr_line' id='line_1_18' title="bbox 453 3199 1940 3290; baseline 0.005 -24"><span class='ocrx_word' id='word_1_160' title='bbox 453 3199 536 3268; x_wconf 80' lang='lat' dir='ltr'><strong><em>debite</em></strong></span> <span class='ocrx_word' id='word_1_161' title='bbox 559 3205 817 3288; x_wconf 74' lang='lat' dir='ltr'><strong><em>pronunciatum,</em></strong></span> <span class='ocrx_word' id='word_1_162' title='bbox 851 3211 882 3272; x_wconf 86' lang='lat' dir='ltr'><strong><em>et</em></strong></span> <span class='ocrx_word' id='word_1_163' title='bbox 910 3208 966 3289; x_wconf 78' lang='lat' dir='ltr'><strong><em>qui</em></strong></span> <span class='ocrx_word' id='word_1_164' title='bbox 996 3209 1153 3274; x_wconf 82' lang='lat' dir='ltr'><strong><em>continent</em></strong></span> <span class='ocrx_word' id='word_1_165' title='bbox 1183 3209 1410 3290; x_wconf 61' lang='lat' dir='ltr'><strong><em>mrtituffnem,</em></strong></span> <span class='ocrx_word' id='word_1_166' title='bbox 1441 3219 1470 3274; x_wconf 85' lang='lat' dir='ltr'><strong><em>el</em></strong></span> <span class='ocrx_word' id='word_1_167' title='bbox 1500 3209 1615 3274; x_wconf 83' lang='lat' dir='ltr'><strong><em>dentur</em></strong></span> <span class='ocrx_word' id='word_1_168' title='bbox 1644 3214 1878 3275; x_wconf 83' lang='lat' dir='ltr'><strong><em>conservatores</em></strong></span> <span class='ocrx_word' id='word_1_169' title='bbox 1900 3210 1940 3274; x_wconf 82' lang='lat' dir='ltr'><strong><em>It.</em></strong></span> 
     </span>
     <span class='ocr_line' id='line_1_19' title="bbox 814 3310 1562 3397; baseline 0.003 -23"><span class='ocrx_word' id='word_1_170' title='bbox 814 3312 857 3375; x_wconf 89' lang='lat' dir='ltr'><strong><em>D.</em></strong></span> <span class='ocrx_word' id='word_1_171' title='bbox 881 3310 1039 3377; x_wconf 82' lang='lat' dir='ltr'><strong><em>Aninione</em></strong></span> <span class='ocrx_word' id='word_1_172' title='bbox 1062 3314 1101 3377; x_wconf 88' lang='grc' dir='ltr'><strong><em>ΙΙ</em></strong></span> <span class='ocrx_word' id='word_1_173' title='bbox 1119 3333 1189 3379; x_wconf 92' lang='lat' dir='ltr'><strong><em>non.</em></strong></span> <span class='ocrx_word' id='word_1_174' title='bbox 1212 3313 1352 3396; x_wconf 77' lang='lat' dir='ltr'><strong><em>Auprrsli</em></strong></span> <span class='ocrx_word' id='word_1_175' title='bbox 1374 3336 1405 3380; x_wconf 91' lang='lat' dir='ltr'><strong><em>a.</em></strong></span> <span class='ocrx_word' id='word_1_176' title='bbox 1427 3317 1562 3397; x_wconf 69' lang='lat' dir='ltr'><strong><em>quanm</em></strong></span> 
     </span>
    </p>
   </div>
   <div class='ocr_carea' id='block_1_8' title="bbox 540 3500 1894 3657">
    <p class='ocr_par' dir='ltr' id='par_1_11' title="bbox 540 3500 1894 3657">
     <span class='ocr_line' id='line_1_20' title="bbox 1409 3500 1894 3585; baseline -0.004 -16"><span class='ocrx_word' id='word_1_177' title='bbox 1409 3500 1572 3580; x_wconf 83' lang='lat' dir='ltr'><strong><em>Acinione,</em></strong></span> <span class='ocrx_word' id='word_1_178' title='bbox 1596 3503 1682 3569; x_wconf 83' lang='grc'><strong><em>1345</em></strong></span> <span class='ocrx_word' id='word_1_179' title='bbox 1704 3501 1843 3585; x_wconf 79' lang='lat' dir='ltr'><strong><em>Aupusti</em></strong></span> <span class='ocrx_word' id='word_1_180' title='bbox 1862 3504 1894 3568; x_wconf 79' lang='lat'><strong><em>4.</em></strong></span> 
     </span>
     <span class='ocr_line' id='line_1_21' title="bbox 540 3585 1058 3657; baseline 0.006 -18"><span class='ocrx_word' id='word_1_181' title='bbox 540 3585 689 3640; x_wconf 87' lang='lat' dir='ltr'><strong><em>Clementis</em></strong></span> <span class='ocrx_word' id='word_1_182' title='bbox 709 3585 746 3638; x_wconf 90' lang='lat' dir='ltr'><strong><em>VI</em></strong></span> <span class='ocrx_word' id='word_1_183' title='bbox 765 3585 791 3640; x_wconf 85' lang='lat' dir='ltr'><strong><em>S.</em></strong></span> <span class='ocrx_word' id='word_1_184' title='bbox 809 3587 875 3657; x_wconf 64' lang='lat' dir='ltr'><strong><em>lilla</em></strong></span> <span class='ocrx_word' id='word_1_185' title='bbox 894 3594 931 3655; x_wconf 81' lang='grc'><strong><em>(9)</em></strong></span> <span class='ocrx_word' id='word_1_186' title='bbox 952 3587 971 3643; x_wconf 95' lang='grc'><strong><em>1.</em></strong></span> <span class='ocrx_word' id='word_1_187' title='bbox 990 3591 1058 3642; x_wconf 77' lang='lat'>125&#39;.</span> 
     </span>
    </p>
   </div>
   <div class='ocr_carea' id='block_1_9' title="bbox 1084 3789 1289 3802">
    <p class='ocr_par' dir='ltr' id='par_1_12' title="bbox 1084 3789 1289 3802">
     <span class='ocr_line' id='line_1_22' title="bbox 1084 3789 1289 3802; baseline -0.015 0"><span class='ocrx_word' id='word_1_188' title='bbox 1084 3789 1289 3802; x_wconf 81' lang='lat'><strong><em>———</em></strong></span> 
     </span>
    </p>
   </div>
   <div class='ocr_carea' id='block_1_10' title="bbox 449 4099 1940 4395">
    <p class='ocr_par' dir='ltr' id='par_1_13' title="bbox 449 4099 1940 4395">
     <span class='ocr_line' id='line_1_23' title="bbox 450 4099 1940 4184; baseline -0.001 -20"><span class='ocrx_word' id='word_1_189' title='bbox 450 4099 528 4168; x_wconf 74' lang='grc'><strong><em>514.</em></strong></span> <span class='ocrx_word' id='word_1_190' title='bbox 573 4101 682 4166; x_wconf 69' lang='grc' dir='ltr'><strong><em>Ρήονί</em></strong></span> <span class='ocrx_word' id='word_1_191' title='bbox 711 4102 872 4167; x_wconf 81' lang='lat' dir='ltr'><strong><em>domorum</em></strong></span> <span class='ocrx_word' id='word_1_192' title='bbox 897 4100 1070 4178; x_wconf 77' lang='lat' dir='ltr'><strong><em>Francius,</em></strong></span> <span class='ocrx_word' id='word_1_193' title='bbox 1101 4107 1130 4166; x_wconf 87' lang='lat' dir='ltr'><strong><em>ct</em></strong></span> <span class='ocrx_word' id='word_1_194' title='bbox 1151 4101 1252 4166; x_wconf 85' lang='lat' dir='ltr'><strong><em>simili</em></strong></span> <span class='ocrx_word' id='word_1_195' title='bbox 1275 4102 1365 4165; x_wconf 84' lang='lat' dir='ltr'><strong><em>morlo</em></strong></span> <span class='ocrx_word' id='word_1_196' title='bbox 1396 4100 1491 4166; x_wconf 82' lang='lat' dir='ltr'><strong><em>Gallo</em></strong></span> <span class='ocrx_word' id='word_1_197' title='bbox 1514 4102 1552 4166; x_wconf 75' lang='lat' dir='ltr'><strong><em>ile</em></strong></span> <span class='ocrx_word' id='word_1_198' title='bbox 1574 4100 1732 4182; x_wconf 72' lang='lat' dir='ltr'><strong><em>Lernbmp,</em></strong></span> <span class='ocrx_word' id='word_1_199' title='bbox 1759 4101 1865 4184; x_wconf 88' lang='lat' dir='ltr'><strong><em>priori</em></strong></span> <span class='ocrx_word' id='word_1_200' title='bbox 1887 4099 1940 4163; x_wconf 83' lang='lat' dir='ltr'><strong><em>‹lo-</em></strong></span> 
     </span>
     <span class='ocr_line' id='line_1_24' title="bbox 449 4204 1939 4290; baseline 0.001 -24"><span class='ocrx_word' id='word_1_201' title='bbox 449 4220 555 4269; x_wconf 85' lang='lat' dir='ltr'><strong><em>nmum</em></strong></span> <span class='ocrx_word' id='word_1_202' title='bbox 578 4206 750 4270; x_wconf 85' lang='lat' dir='ltr'><strong><em>Bobemiae</em></strong></span> <span class='ocrx_word' id='word_1_203' title='bbox 771 4206 941 4290; x_wconf 80' lang='lat' dir='ltr'><strong><em>hospitalis</em></strong></span> <span class='ocrx_word' id='word_1_204' title='bbox 971 4208 1075 4272; x_wconf 80' lang='lat' dir='ltr'><strong><em>sarrcti</em></strong></span> <span class='ocrx_word' id='word_1_205' title='bbox 1096 4204 1257 4273; x_wconf 78' lang='lat' dir='ltr'><strong><em>Jobrrnuis</em></strong></span> <span class='ocrx_word' id='word_1_206' title='bbox 1278 4206 1541 4284; x_wconf 85' lang='lat' dir='ltr'><strong><em>Jerosolimituni,</em></strong></span> <span class='ocrx_word' id='word_1_207' title='bbox 1571 4206 1755 4280; x_wconf 81' lang='lat' dir='ltr'><strong><em>ruaudatm,</em></strong></span> <span class='ocrx_word' id='word_1_208' title='bbox 1784 4208 1939 4287; x_wconf 82' lang='lat' dir='ltr'><strong><em>quotenus</em></strong></span> 
     </span>
     <span class='ocr_line' id='line_1_25' title="bbox 511 4309 1879 4395; baseline -0.002 -20"><span class='ocrx_word' id='word_1_209' title='bbox 511 4309 640 4375; x_wconf 85' lang='lat' dir='ltr'><strong><em>concilio</em></strong></span> <span class='ocrx_word' id='word_1_210' title='bbox 662 4310 783 4374; x_wconf 84' lang='lat' dir='ltr'><strong><em>ordinis</em></strong></span> <span class='ocrx_word' id='word_1_211' title='bbox 806 4312 858 4375; x_wconf 88' lang='lat' dir='ltr'><strong><em>sui</em></strong></span> <span class='ocrx_word' id='word_1_212' title='bbox 880 4311 967 4395; x_wconf 82' lang='lat' dir='ltr'><strong><em>apud</em></strong></span> <span class='ocrx_word' id='word_1_213' title='bbox 991 4311 1157 4375; x_wconf 79' lang='lat' dir='ltr'><strong><em>Arelatum</em></strong></span> <span class='ocrx_word' id='word_1_214' title='bbox 1174 4310 1388 4393; x_wconf 78' lang='lat' dir='ltr'><strong><em>personaliter</em></strong></span> <span class='ocrx_word' id='word_1_215' title='bbox 1412 4311 1560 4374; x_wconf 81' lang='lat' dir='ltr'><strong><em>irrteressc</em></strong></span> <span class='ocrx_word' id='word_1_216' title='bbox 1581 4330 1643 4373; x_wconf 89' lang='lat' dir='ltr'><strong><em>non</em></strong></span> <span class='ocrx_word' id='word_1_217' title='bbox 1659 4313 1879 4392; x_wconf 71' lang='lat' dir='ltr'><strong><em>postponam·</em></strong></span> 
     </span>
    </p>
   </div>
   <div class='ocr_carea' id='block_1_11' title="bbox 1389 4497 1895 4579">
    <p class='ocr_par' dir='ltr' id='par_1_14' title="bbox 1389 4497 1895 4579">
     <span class='ocr_line' id='line_1_26' title="bbox 1389 4497 1895 4579; baseline 0 -15"><span class='ocrx_word' id='word_1_218' title='bbox 1389 4500 1552 4579; x_wconf 86' lang='lat' dir='ltr'><strong><em>Avinione,</em></strong></span> <span class='ocrx_word' id='word_1_219' title='bbox 1576 4501 1661 4564; x_wconf 83' lang='grc'><strong><em>1345</em></strong></span> <span class='ocrx_word' id='word_1_220' title='bbox 1683 4497 1821 4579; x_wconf 65' lang='lat' dir='ltr'><strong><em>Amara?</em></strong></span> <span class='ocrx_word' id='word_1_221' title='bbox 1843 4502 1895 4564; x_wconf 82' lang='grc'><strong><em>21.</em></strong></span> 
     </span>
    </p>
   </div>
   <div class='ocr_carea' id='block_1_12' title="bbox 443 4688 1942 5903">
    <p class='ocr_par' dir='ltr' id='par_1_15' title="bbox 443 4688 1942 5823">
     <span class='ocr_line' id='line_1_27' title="bbox 539 4688 1941 4774; baseline -0.004 -16"><span class='ocrx_word' id='word_1_222' title='bbox 539 4695 578 4758; x_wconf 89' lang='lat' dir='ltr'><strong><em>D.</em></strong></span> <span class='ocrx_word' id='word_1_223' title='bbox 602 4694 624 4759; x_wconf 92' lang='grc'><strong><em>1.</em></strong></span> <span class='ocrx_word' id='word_1_224' title='bbox 648 4692 819 4759; x_wconf 87' lang='lat' dir='ltr'><strong><em>Guillelmo</em></strong></span> <span class='ocrx_word' id='word_1_225' title='bbox 850 4694 890 4759; x_wconf 88' lang='lat' dir='ltr'><strong><em>de</em></strong></span> <span class='ocrx_word' id='word_1_226' title='bbox 914 4693 1041 4771; x_wconf 87' lang='lat' dir='ltr'><strong><em>Malleo,</em></strong></span> <span class='ocrx_word' id='word_1_227' title='bbox 1076 4693 1174 4774; x_wconf 85' lang='lat' dir='ltr'><strong><em>priori</em></strong></span> <span class='ocrx_word' id='word_1_228' title='bbox 1205 4692 1367 4756; x_wconf 79' lang='lat' dir='ltr'><strong><em>‹icrnorum</em></strong></span> <span class='ocrx_word' id='word_1_229' title='bbox 1399 4691 1531 4755; x_wconf 85' lang='lat' dir='ltr'><strong><em>Francis</em></strong></span> <span class='ocrx_word' id='word_1_230' title='bbox 1562 4689 1731 4770; x_wconf 84' lang='lat' dir='ltr'><strong><em>hospitalis</em></strong></span> <span class='ocrx_word' id='word_1_231' title='bbox 1761 4690 1863 4753; x_wconf 83' lang='lat' dir='ltr'><strong><em>sancti</em></strong></span> <span class='ocrx_word' id='word_1_232' title='bbox 1885 4688 1941 4753; x_wconf 90' lang='lat' dir='ltr'><strong><em>Jo-</em></strong></span> 
     </span>
     <span class='ocr_line' id='line_1_28' title="bbox 445 4793 1940 4880; baseline -0.002 -21"><span class='ocrx_word' id='word_1_233' title='bbox 445 4795 547 4865; x_wconf 86' lang='lat' dir='ltr'><strong><em>hmnis</em></strong></span> <span class='ocrx_word' id='word_1_234' title='bbox 570 4798 831 4863; x_wconf 82' lang='lat' dir='ltr'><strong><em>Jerosolimitani.</em></strong></span> <span class='ocrx_word' id='word_1_235' title='bbox 866 4800 928 4863; x_wconf 87' lang='lat' dir='ltr'><strong><em>Pro</em></strong></span> <span class='ocrx_word' id='word_1_236' title='bbox 950 4803 1042 4880; x_wconf 81' lang='lat' dir='ltr'><strong><em>parte</em></strong></span> <span class='ocrx_word' id='word_1_237' title='bbox 1065 4797 1117 4862; x_wconf 90' lang='lat' dir='ltr'><strong><em>dd.</em></strong></span> <span class='ocrx_word' id='word_1_238' title='bbox 1140 4798 1171 4863; x_wconf 80' lang='lat' dir='ltr'><strong><em>d.</em></strong></span> <span class='ocrx_word' id='word_1_239' title='bbox 1196 4797 1318 4862; x_wconf 87' lang='lat' dir='ltr'><strong><em>Odonis</em></strong></span> <span class='ocrx_word' id='word_1_240' title='bbox 1340 4796 1380 4860; x_wconf 93' lang='lat' dir='ltr'><strong><em>de</em></strong></span> <span class='ocrx_word' id='word_1_241' title='bbox 1404 4795 1620 4871; x_wconf 81' lang='lat' dir='ltr'><strong><em>Montearuto,</em></strong></span> <span class='ocrx_word' id='word_1_242' title='bbox 1643 4794 1800 4858; x_wconf 85' lang='lat' dir='ltr'><strong><em>Aruernis</em></strong></span> <span class='ocrx_word' id='word_1_243' title='bbox 1822 4793 1940 4857; x_wconf 88' lang='lat' dir='ltr'><strong><em>locum·</em></strong></span> 
     </span>
     <span class='ocr_line' id='line_1_29' title="bbox 444 4896 1940 4984; baseline -0.004 -19"><span class='ocrx_word' id='word_1_244' title='bbox 444 4905 575 4969; x_wconf 66' lang='lat' dir='ltr'><strong><em>urentis</em></strong></span> <span class='ocrx_word' id='word_1_245' title='bbox 598 4902 628 4966; x_wconf 91' lang='lat' dir='ltr'><strong><em>d.</em></strong></span> <span class='ocrx_word' id='word_1_246' title='bbox 653 4903 674 4967; x_wconf 91' lang='grc'><strong><em>1.</em></strong></span> <span class='ocrx_word' id='word_1_247' title='bbox 698 4902 844 4968; x_wconf 89' lang='lat' dir='ltr'><strong><em>Helionis</em></strong></span> <span class='ocrx_word' id='word_1_248' title='bbox 868 4902 908 4967; x_wconf 90' lang='lat' dir='ltr'><strong><em>de</em></strong></span> <span class='ocrx_word' id='word_1_249' title='bbox 922 4903 1102 4980; x_wconf 61' lang='lat' dir='ltr'><strong><em>lillebona,</em></strong></span> <span class='ocrx_word' id='word_1_250' title='bbox 1126 4902 1267 4984; x_wconf 83' lang='lat' dir='ltr'><strong><em>magistri</em></strong></span> <span class='ocrx_word' id='word_1_251' title='bbox 1290 4900 1458 4982; x_wconf 88' lang='lat' dir='ltr'><strong><em>hospitalis</em></strong></span> <span class='ocrx_word' id='word_1_252' title='bbox 1481 4898 1583 4962; x_wconf 83' lang='lat' dir='ltr'><strong><em>saneti</em></strong></span> <span class='ocrx_word' id='word_1_253' title='bbox 1606 4896 1761 4962; x_wconf 85' lang='lat' dir='ltr'><strong><em>lobannis</em></strong></span> <span class='ocrx_word' id='word_1_254' title='bbox 1782 4896 1940 4962; x_wconf 85' lang='lat' dir='ltr'><strong><em>lerosoli·</em></strong></span> 
     </span>
     <span class='ocr_line' id='line_1_30' title="bbox 444 5002 1939 5087; baseline -0.003 -17"><span class='ocrx_word' id='word_1_255' title='bbox 444 5009 554 5087; x_wconf 84' lang='lat' dir='ltr'><strong><em>mitani,</em></strong></span> <span class='ocrx_word' id='word_1_256' title='bbox 578 5014 612 5072; x_wconf 89' lang='lat' dir='ltr'><strong><em>et</em></strong></span> <span class='ocrx_word' id='word_1_257' title='bbox 635 5008 722 5072; x_wconf 86' lang='lat' dir='ltr'><strong><em>Petri</em></strong></span> <span class='ocrx_word' id='word_1_258' title='bbox 745 5007 908 5085; x_wconf 78' lang='lat' dir='ltr'><strong><em>l&#39;lanterii,</em></strong></span> <span class='ocrx_word' id='word_1_259' title='bbox 928 5014 1102 5071; x_wconf 82' lang='lat' dir='ltr'><strong><em>conventus</em></strong></span> <span class='ocrx_word' id='word_1_260' title='bbox 1121 5007 1211 5084; x_wconf 88' lang='lat' dir='ltr'><strong><em>Rodi,</em></strong></span> <span class='ocrx_word' id='word_1_261' title='bbox 1228 5025 1265 5070; x_wconf 86' lang='lat' dir='ltr'><strong><em>ac</em></strong></span> <span class='ocrx_word' id='word_1_262' title='bbox 1280 5005 1404 5070; x_wconf 83' lang='lat' dir='ltr'><strong><em>isnardi</em></strong></span> <span class='ocrx_word' id='word_1_263' title='bbox 1427 5004 1467 5067; x_wconf 85' lang='lat' dir='ltr'><strong><em>de</em></strong></span> <span class='ocrx_word' id='word_1_264' title='bbox 1490 5003 1639 5078; x_wconf 73' lang='lat' dir='ltr'><strong><em>Alburno,</em></strong></span> <span class='ocrx_word' id='word_1_265' title='bbox 1657 5002 1776 5082; x_wconf 79' lang='lat' dir='ltr'><strong><em>Capua,</em></strong></span> <span class='ocrx_word' id='word_1_266' title='bbox 1799 5002 1939 5082; x_wconf 85' lang='lat' dir='ltr'><strong><em>priorum</em></strong></span> 
     </span>
     <span class='ocr_line' id='line_1_31' title="bbox 444 5106 1940 5194; baseline -0.003 -21"><span class='ocrx_word' id='word_1_267' title='bbox 444 5109 598 5179; x_wconf 81' lang='lat' dir='ltr'><strong><em>dumorum</em></strong></span> <span class='ocrx_word' id='word_1_268' title='bbox 620 5111 790 5194; x_wconf 80' lang='lat' dir='ltr'><strong><em>hospitalis</em></strong></span> <span class='ocrx_word' id='word_1_269' title='bbox 812 5112 958 5193; x_wconf 78' lang='lat' dir='ltr'><strong><em>predicti,</em></strong></span> <span class='ocrx_word' id='word_1_270' title='bbox 974 5112 1013 5175; x_wconf 86' lang='lat' dir='ltr'><strong><em>ub</em></strong></span> <span class='ocrx_word' id='word_1_271' title='bbox 1034 5111 1153 5175; x_wconf 84' lang='lat' dir='ltr'><strong><em>eisdem</em></strong></span> <span class='ocrx_word' id='word_1_272' title='bbox 1176 5111 1327 5192; x_wconf 81' lang='lat' dir='ltr'><strong><em>magistro</em></strong></span> <span class='ocrx_word' id='word_1_273' title='bbox 1351 5114 1384 5172; x_wconf 85' lang='lat' dir='ltr'><strong><em>et</em></strong></span> <span class='ocrx_word' id='word_1_274' title='bbox 1406 5113 1561 5173; x_wconf 80' lang='lat' dir='ltr'><strong><em>conventu</em></strong></span> <span class='ocrx_word' id='word_1_275' title='bbox 1585 5106 1785 5170; x_wconf 77' lang='lat' dir='ltr'><strong><em>visitatorum</em></strong></span> <span class='ocrx_word' id='word_1_276' title='bbox 1807 5124 1940 5188; x_wconf 80' lang='lat' dir='ltr'><strong><em>genera·</em></strong></span> 
     </span>
     <span class='ocr_line' id='line_1_32' title="bbox 443 5210 1940 5299; baseline -0.001 -23"><span class='ocrx_word' id='word_1_277' title='bbox 443 5213 511 5282; x_wconf 87' lang='lat' dir='ltr'><strong><em>burn</em></strong></span> <span class='ocrx_word' id='word_1_278' title='bbox 541 5217 765 5299; x_wconf 85' lang='lat' dir='ltr'><strong><em>deputatorum</em></strong></span> <span class='ocrx_word' id='word_1_279' title='bbox 789 5217 988 5298; x_wconf 82' lang='lat' dir='ltr'><strong><em>inpartibus</em></strong></span> <span class='ocrx_word' id='word_1_280' title='bbox 1018 5216 1204 5295; x_wconf 88' lang='lat' dir='ltr'><strong><em>cismarinis,</em></strong></span> <span class='ocrx_word' id='word_1_281' title='bbox 1227 5233 1329 5295; x_wconf 87' lang='lat' dir='ltr'><strong><em>nuper</em></strong></span> <span class='ocrx_word' id='word_1_282' title='bbox 1359 5213 1535 5294; x_wconf 83' lang='lat' dir='ltr'><strong><em>expositum</em></strong></span> <span class='ocrx_word' id='word_1_283' title='bbox 1566 5211 1673 5275; x_wconf 83' lang='lat' dir='ltr'><strong><em>extitit</em></strong></span> <span class='ocrx_word' id='word_1_284' title='bbox 1703 5228 1808 5273; x_wconf 83' lang='lat' dir='ltr'><strong><em>coram</em></strong></span> <span class='ocrx_word' id='word_1_285' title='bbox 1837 5210 1940 5289; x_wconf 84' lang='lat' dir='ltr'><strong><em>nobis,</em></strong></span> 
     </span>
     <span class='ocr_line' id='line_1_33' title="bbox 444 5313 1940 5403; baseline -0.003 -19"><span class='ocrx_word' id='word_1_286' title='bbox 444 5322 518 5400; x_wconf 89' lang='lat' dir='ltr'><strong><em>qnod</em></strong></span> <span class='ocrx_word' id='word_1_287' title='bbox 541 5322 604 5403; x_wconf 91' lang='lat' dir='ltr'><strong><em>ipsi</em></strong></span> <span class='ocrx_word' id='word_1_288' title='bbox 619 5321 728 5385; x_wconf 85' lang='lat' dir='ltr'><strong><em>arduis</em></strong></span> <span class='ocrx_word' id='word_1_289' title='bbox 751 5321 901 5403; x_wconf 83' lang='lat' dir='ltr'><strong><em>negociis,</em></strong></span> <span class='ocrx_word' id='word_1_290' title='bbox 925 5320 987 5384; x_wconf 89' lang='lat' dir='ltr'><strong><em>biis</em></strong></span> <span class='ocrx_word' id='word_1_291' title='bbox 1010 5319 1205 5402; x_wconf 83' lang='lat' dir='ltr'><strong><em>temporibus</em></strong></span> <span class='ocrx_word' id='word_1_292' title='bbox 1227 5316 1379 5399; x_wconf 84' lang='lat' dir='ltr'><strong><em>hospitali</em></strong></span> <span class='ocrx_word' id='word_1_293' title='bbox 1402 5315 1545 5398; x_wconf 87' lang='lat' dir='ltr'><strong><em>predicto</em></strong></span> <span class='ocrx_word' id='word_1_294' title='bbox 1568 5320 1601 5378; x_wconf 85' lang='lat' dir='ltr'><strong><em>et</em></strong></span> <span class='ocrx_word' id='word_1_295' title='bbox 1622 5313 1775 5379; x_wconf 85' lang='lat' dir='ltr'><strong><em>fratribus</em></strong></span> <span class='ocrx_word' id='word_1_296' title='bbox 1797 5314 1940 5379; x_wconf 88' lang='lat' dir='ltr'><strong><em>eiusdem</em></strong></span> 
     </span>
     <span class='ocr_line' id='line_1_34' title="bbox 444 5418 1941 5509; baseline -0.003 -22"><span class='ocrx_word' id='word_1_297' title='bbox 444 5429 500 5491; x_wconf 79' lang='lat' dir='ltr'><strong><em>nm</em></strong></span> <span class='ocrx_word' id='word_1_298' title='bbox 522 5445 581 5509; x_wconf 88' lang='lat' dir='ltr'><strong><em>pro</em></strong></span> <span class='ocrx_word' id='word_1_299' title='bbox 603 5425 789 5491; x_wconf 83' lang='lat' dir='ltr'><strong><em>defensione</em></strong></span> <span class='ocrx_word' id='word_1_300' title='bbox 811 5445 848 5489; x_wconf 86' lang='lat' dir='ltr'><strong><em>ac</em></strong></span> <span class='ocrx_word' id='word_1_301' title='bbox 870 5425 1028 5488; x_wconf 87' lang='lat' dir='ltr'><strong><em>dilacione</em></strong></span> <span class='ocrx_word' id='word_1_302' title='bbox 1055 5423 1128 5487; x_wconf 87' lang='lat' dir='ltr'><strong><em>fidei</em></strong></span> <span class='ocrx_word' id='word_1_303' title='bbox 1151 5422 1306 5487; x_wconf 84' lang='lat' dir='ltr'><strong><em>catholice</em></strong></span> <span class='ocrx_word' id='word_1_304' title='bbox 1336 5440 1430 5503; x_wconf 85' lang='lat' dir='ltr'><strong><em>quarn</em></strong></span> <span class='ocrx_word' id='word_1_305' title='bbox 1453 5419 1561 5484; x_wconf 89' lang='lat' dir='ltr'><strong><em>multis</em></strong></span> <span class='ocrx_word' id='word_1_306' title='bbox 1583 5418 1654 5483; x_wconf 87' lang='lat' dir='ltr'><strong><em>aliis</em></strong></span> <span class='ocrx_word' id='word_1_307' title='bbox 1677 5418 1941 5498; x_wconf 84' lang='lat' dir='ltr'><strong><em>incumbentibus,</em></strong></span> 
     </span>
     <span class='ocr_line' id='line_1_35' title="bbox 445 5522 1941 5614; baseline -0.003 -22"><span class='ocrx_word' id='word_1_308' title='bbox 445 5528 604 5614; x_wconf 80' lang='lat' dir='ltr'><strong><em>ddigenter</em></strong></span> <span class='ocrx_word' id='word_1_309' title='bbox 626 5531 760 5595; x_wconf 82' lang='lat' dir='ltr'><strong><em>attentis</em></strong></span> <span class='ocrx_word' id='word_1_310' title='bbox 783 5535 816 5593; x_wconf 93' lang='lat' dir='ltr'><strong><em>et</em></strong></span> <span class='ocrx_word' id='word_1_311' title='bbox 831 5529 999 5612; x_wconf 81' lang='lat' dir='ltr'><strong><em>prebubits</em></strong></span> <span class='ocrx_word' id='word_1_312' title='bbox 1020 5548 1092 5593; x_wconf 89' lang='lat' dir='ltr'><strong><em>cum</em></strong></span> <span class='ocrx_word' id='word_1_313' title='bbox 1113 5528 1222 5591; x_wconf 88' lang='lat' dir='ltr'><strong><em>multis</em></strong></span> <span class='ocrx_word' id='word_1_314' title='bbox 1244 5527 1403 5608; x_wconf 87' lang='lat' dir='ltr'><strong><em>prioribus</em></strong></span> <span class='ocrx_word' id='word_1_315' title='bbox 1418 5531 1452 5589; x_wconf 90' lang='lat' dir='ltr'><strong><em>et</em></strong></span> <span class='ocrx_word' id='word_1_316' title='bbox 1467 5524 1651 5607; x_wconf 82' lang='lat' dir='ltr'><strong><em>proceribus</em></strong></span> <span class='ocrx_word' id='word_1_317' title='bbox 1673 5522 1808 5603; x_wconf 87' lang='lat' dir='ltr'><strong><em>aliisque</em></strong></span> <span class='ocrx_word' id='word_1_318' title='bbox 1830 5523 1941 5587; x_wconf 85' lang='lat' dir='ltr'><strong><em>amicis</em></strong></span> 
     </span>
     <span class='ocr_line' id='line_1_36' title="bbox 445 5626 1941 5716; baseline -0.003 -20"><span class='ocrx_word' id='word_1_319' title='bbox 445 5636 615 5700; x_wconf 81' lang='lat' dir='ltr'><strong><em>etderotis</em></strong></span> <span class='ocrx_word' id='word_1_320' title='bbox 644 5634 813 5716; x_wconf 87' lang='lat' dir='ltr'><strong><em>hospitalis</em></strong></span> <span class='ocrx_word' id='word_1_321' title='bbox 842 5633 984 5697; x_wconf 84' lang='lat' dir='ltr'><strong><em>eiusdem</em></strong></span> <span class='ocrx_word' id='word_1_322' title='bbox 1015 5633 1249 5698; x_wconf 79' lang='lat' dir='ltr'><strong><em>deliberacione</em></strong></span> <span class='ocrx_word' id='word_1_323' title='bbox 1278 5629 1412 5714; x_wconf 81' lang='lat' dir='ltr'><strong><em>provida</em></strong></span> <span class='ocrx_word' id='word_1_324' title='bbox 1440 5637 1474 5694; x_wconf 87' lang='lat' dir='ltr'><strong><em>et</em></strong></span> <span class='ocrx_word' id='word_1_325' title='bbox 1495 5635 1620 5694; x_wconf 87' lang='lat' dir='ltr'><strong><em>matura</em></strong></span> <span class='ocrx_word' id='word_1_326' title='bbox 1648 5626 1840 5707; x_wconf 83' lang='lat' dir='ltr'><strong><em>tandemque</em></strong></span> <span class='ocrx_word' id='word_1_327' title='bbox 1869 5646 1941 5708; x_wconf 91' lang='lat' dir='ltr'><strong><em>pre-</em></strong></span> 
     </span>
     <span class='ocr_line' id='line_1_37' title="bbox 446 5730 1942 5823; baseline -0.003 -22"><span class='ocrx_word' id='word_1_328' title='bbox 446 5740 540 5805; x_wconf 84' lang='lat' dir='ltr'><strong><em>missis</em></strong></span> <span class='ocrx_word' id='word_1_329' title='bbox 563 5741 656 5805; x_wconf 85' lang='lat' dir='ltr'><strong><em>nobis</em></strong></span> <span class='ocrx_word' id='word_1_330' title='bbox 678 5758 738 5823; x_wconf 88' lang='lat' dir='ltr'><strong><em>per</em></strong></span> <span class='ocrx_word' id='word_1_331' title='bbox 760 5740 846 5823; x_wconf 89' lang='lat' dir='ltr'><strong><em>ipsos</em></strong></span> <span class='ocrx_word' id='word_1_332' title='bbox 869 5739 1023 5820; x_wconf 87' lang='lat' dir='ltr'><strong><em>expositis</em></strong></span> <span class='ocrx_word' id='word_1_333' title='bbox 1046 5757 1103 5821; x_wconf 91' lang='lat' dir='ltr'><strong><em>pro</em></strong></span> <span class='ocrx_word' id='word_1_334' title='bbox 1125 5737 1248 5801; x_wconf 89' lang='lat' dir='ltr'><strong><em>meliori</em></strong></span> <span class='ocrx_word' id='word_1_335' title='bbox 1272 5742 1305 5800; x_wconf 86' lang='lat' dir='ltr'><strong><em>et</em></strong></span> <span class='ocrx_word' id='word_1_336' title='bbox 1327 5735 1446 5800; x_wconf 88' lang='lat' dir='ltr'><strong><em>utiliori</em></strong></span> <span class='ocrx_word' id='word_1_337' title='bbox 1474 5733 1665 5798; x_wconf 82' lang='lat' dir='ltr'><strong><em>unanimiter</em></strong></span> <span class='ocrx_word' id='word_1_338' title='bbox 1687 5735 1722 5795; x_wconf 83' lang='lat' dir='ltr'><strong><em>et</em></strong></span> <span class='ocrx_word' id='word_1_339' title='bbox 1744 5730 1942 5796; x_wconf 86' lang='lat' dir='ltr'><strong><em>concorditer</em></strong></span> 
     </span>
    </p>

    <p class='ocr_par' dir='ltr' id='par_1_16' title="bbox 1797 5855 1832 5903">
     <span class='ocr_line' id='line_1_38' title="bbox 1797 5855 1832 5903; baseline 0.029 -1"><span class='ocrx_word' id='word_1_340' title='bbox 1797 5855 1832 5903; x_wconf 78' lang='lat' dir='ltr'><strong><em>ao</em></strong></span> 
     </span>
    </p>
   </div>
   <div class='ocr_carea' id='block_1_13' title="bbox 0 0 2599 7044">
    <p class='ocr_par' dir='ltr' id='par_1_17' title="bbox 0 0 2599 7044">
     <span class='ocr_line' id='line_1_39' title="bbox 0 0 2599 7044; baseline 0 0"><span class='ocrx_word' id='word_1_341' title='bbox 0 0 2599 7044; x_wconf 95' lang='lat' dir='ltr'><strong><em> </em></strong></span> 
     </span>
    </p>
   </div>
  </div>
 </body>
</html>
