5184 7050
542 844 612 910 370

542 1054 714 1131 sequenter
747 1049 965 1113 canonicatum
1000 1053 1033 1111 et
1062 1049 1254 1130 prebendam
1287 1049 1424 1114 ecclesie
1459 1051 1489 1114 iu
1521 1050 1631 1115 Monte
1665 1050 1924 1133 wissegradensi
1953 1070 2035 1133 prope

543 1154 687 1235 Pragam,
722 1158 798 1218 tuuc
820 1158 972 1217 vacantes
998 1153 1121 1233 tibique
1151 1153 1231 1217 alias
1255 1154 1406 1218 canonice
1430 1154 1571 1234 colinton,
1606 1153 1738 1237 praoilice
1762 1160 1932 1221 assecutus
1952 1155 2035 1234 luisti,

543 1277 623 1339 quos
657 1257 786 1338 quideur
822 1258 988 1322 ecclesium
1023 1258 1055 1321 iu
1088 1257 1288 1336 Valleviridi
1310 1264 1343 1323 et
1374 1259 1591 1323 canonicatum
1626 1263 1659 1323 et
1682 1259 1886 1340 prebendam,
1922 1278 2036 1340 quorun

544 1363 687 1427 redditus
711 1368 744 1426 et
767 1368 938 1444 proventus
960 1362 1226 1444 trigintaduorum
1256 1360 1446 1426 llorenorum
1476 1363 1545 1427 auri
1575 1363 1715 1428 valorem
1745 1382 1886 1428 annuum
1916 1383 1975 1428 nou
1994 1383 2037 1427 er·

544 1468 670 1545 cedunt,
695 1473 811 1542 extunc
833 1487 894 1531 nou
917 1468 985 1531 sine
1008 1472 1062 1531 tue
1086 1467 1283 1530 consciencie
1306 1466 1426 1531 lesione
1449 1466 1541 1531 siuml
1565 1467 1634 1531 siue
1653 1467 1899 1548 dispensacione
1920 1469 2036 1532 tenuisti

545 1578 578 1637 ct
601 1571 770 1653 possedisti
793 1575 826 1635 ot
849 1570 952 1635 adbuc
984 1577 1075 1635 tenes
1105 1576 1139 1635 ct
1168 1571 1314 1652 possides
1343 1570 1475 1653 pacilice
1506 1576 1538 1634 ct
1568 1572 1687 1652 quiete,
1717 1571 1841 1636 fructus
1873 1572 2037 1653 percipiens

546 1695 585 1740 ex
609 1676 746 1753 cisden1;
778 1695 875 1756 quare
899 1695 956 1756 pro
980 1680 1070 1757 parte
1100 1680 1156 1740 tua
1185 1676 1313 1755 nobis·)
1344 1676 1450 1740 ostitit
1479 1675 1640 1740 humiliter
1671 1674 1897 1756 supplicatum,
1931 1680 1966 1740 ut
1990 1677 2037 1741 tibi

544 1786 663 1861 tuoque
697 1780 795 1844 statui
830 1798 926 1860 super
959 1781 1123 1859 premissis
1158 1780 1197 1844 de
1221 1784 1376 1861 oportuno
1407 1779 1546 1844 remedio
1579 1780 1748 1862 providere
1782 1778 1823 1842 de
1856 1779 2036 1864 benignitate

545 1885 719 1966 apostolica
742 1883 954 1965 dignaremur.
1000 1884 1066 1948 Nos
1089 1885 1206 1964 itaquo,
1242 1883 1384 1947 volentes
1408 1901 1575 1964 porsonam
1600 1888 1687 1948 tuam
1710 1884 1939 1965 premissorum
1960 1884 2037 1947 meri·

544 1994 649 2053 torum
671 1989 804 2052 obtentu
826 1988 976 2069 prosequi
998 1987 1215 2053 favorabiliter
1239 1988 1269 2051 iu
1293 1987 1353 2051 hac
1376 1992 1477 2068 parte,
1508 1989 1573 2052 tuis
1597 1987 1890 2070 supplicacionibus
1912 1988 2034 2052 inclinati

545 2112 668 2157 omnem
692 2092 898 2156 inhabilitatis
921 2091 1076 2156 maculam
1100 2092 1166 2155 sive
1189 2096 1305 2169 notaui,
1329 2092 1360 2155 in
1383 2096 1416 2155 to
1439 2111 1477 2156 ex
1501 2092 1666 2173 premissis
1689 2093 1843 2172 obortam,
1860 2093 2034 2159 auctoritate

546 2196 720 2278 apostolica
750 2196 876 2276 penitus
910 2196 1072 2260 alrolemus
1105 2216 1142 2260 ac
1175 2195 1396 2260 nichilominus
1430 2201 1547 2270 tecum,
1580 2201 1616 2261 ut
1648 2197 1813 2279 premissis
1847 2198 1986 2261 omuibus
2011 2202 2032 2259 et

547 2301 786 2382 quibuscunque
821 2300 1102 2364 constitutionibus
1144 2301 1310 2364 contrariis
1351 2319 1552 2382 nequaquam
1586 2301 1786 2366 obstantibus
1820 2301 1981 2366 ecclesium
2010 2301 2030 2363 iu

546 2405 732 2470 Valloviridi
755 2409 788 2469 ot
811 2405 1028 2469 canonicatum
1052 2410 1085 2468 et
1107 2404 1302 2485 prebendam
1325 2403 1494 2485 predictos,
1519 2405 1546 2470 si
1565 2405 1624 2471 tibi
1646 2404 1717 2469 illos
1741 2406 1899 2470 canonice
1918 2404 2029 2469 conferri

547 2509 716 2590 contingat,
739 2508 839 2572 libere
860 2509 1004 2590 recipcre
1027 2512 1060 2572 et
1083 2508 1170 2573 licite
1194 2507 1332 2572 retinere
1354 2510 1468 2590 possis,
1492 2510 1685 2574 auctoritate
1706 2509 1855 2591 predicta
1884 2509 1925 2574 de
1945 2508 2028 2572 uberi·

547 2612 612 2677 oris
635 2613 716 2676 dono
739 2612 844 2693 gracie
868 2612 1098 2692 dispensamus,
1121 2616 1218 2692 teque
1236 2611 1367 2694 iusuper
1382 2612 1527 2695 ampliori
1543 2614 1650 2695 gracia
1667 2618 1910 2696 prosequentes,
1931 2612 2028 2677 imctus

546 2717 716 2799 predictos,
740 2734 797 2798 per
818 2721 851 2779 tc
873 2720 910 2780 ut
932 2715 1093 2797 prefertur
1114 2716 1268 2780 hacteuus
1284 2716 1324 2780 do
1339 2716 1424 2781 facto
1443 2723 1613 2799 perceptos
1627 2737 1667 2783 ex
1682 2716 1847 2784 beneficiis
1871 2717 2025 2787 antedictis,

547 2822 737 2886 auctoritate
759 2821 903 2902 prodicta
926 2821 1069 2902 graciose
1091 2821 1149 2885 tibi
1172 2821 1364 2885 remittimus
1387 2825 1420 2884 et
1442 2822 1604 2886 donamus
1651 2822 1805 2888 Volumus
1828 2827 1942 2900 autem,
1963 2818 2025 2901 quod

546 2925 775 3007 parrochialem
805 2924 971 2989 ecelesiam
1002 2925 1033 2988 in
1063 2924 1252 2989 Vallcuiridi
1282 2944 1320 2989 ac
1351 2926 1569 2990 canonicatum
1599 2932 1632 2990 et
1657 2926 1852 3008 prebendam
1882 2926 2023 3008 predictos,

548 3047 628 3108 quos
651 3033 686 3093 ut
709 3029 867 3110 prefertur
890 3028 930 3092 dc
953 3028 1038 3094 lacto
1060 3033 1151 3092 tenos
1174 3033 1207 3093 ct
1229 3030 1385 3109 possides,
1409 3049 1532 3094 ornrmc
1555 3031 1684 3095 realiter
1703 3035 1736 3095 ct
1751 3032 1878 3095 omuino
1898 3030 2022 3095 dimittas.

548 3133 636 3197 Nulli
659 3152 733 3214 crgo
749 3138 809 3196 otc.
825 3137 933 3196 nostre
950 3131 1144 3212 airoliciouis,
1168 3133 1428 3215 dispensacionis,
1452 3135 1656 3214 remissionis,
1680 3135 1866 3200 donacionis
1888 3140 1920 3198 et
1940 3133 2021 3199 volun·

552 3237 629 3301 tatis
652 3235 822 3318 infringere
846 3241 906 3301 cte.
930 3238 969 3301 Ι).
993 3237 1150 3302 Aniniouo
1173 3238 1240 3302 IIII
1263 3238 1326 3302 kal.
1351 3238 1430 3302 Maii
1457 3257 1485 3317 a.
1509 3243 1632 3322 quarto.

653 3450 800 3505 Clementis
818 3450 855 3505 Vl
873 3453 906 3504 Α.
926 3450 992 3520 lvio
1007 3455 1062 3520 (84)
1074 3451 1093 3506 i.
1106 3452 1157 3517 ll',
1177 3451 1210 3505 de
1224 3450 1346 3517 indultis,
1364 3451 1514 3521 privilegiis
1527 3459 1555 3508 ct
1568 3453 1826 3524 dispensacionibus
1845 3470 1888 3524 qu.
1902 3459 1924 3520 6,
1938 3450 2017 3505 rubrica

549 3539 885 3593 sola:V.1rsf.uco'
910 3538 1142 3594 n.7691ittorao.
1170 3571 1202 3578 —
1230 3542 1253 3605 ⁸)
1273 3539 1361 3606 ,uobis
1385 3540 1473 3595 uobis‘
1492 3542 1523 3596 V.
1553 3574 1585 3581 —
1612 3544 1631 3609 ¹)
1650 3542 1719 3596 haec
1743 3542 1909 3611 supplicatio
1931 3544 2017 3594 nonest

547 3633 666 3694 reperta.

548 4159 641 4224 621.
673 4156 833 4221 bulicibus
863 4157 1046 4235 autumatur,
1081 4162 1235 4239 quotenus
1271 4160 1304 4223 U
1306 4158 1384 4223 traco
1416 4157 1557 4224 Conrodi
1586 4158 1624 4223 de
1644 4157 1859 4240 Neueuburpa
1889 4152 2016 4221 ecardum

543 4261 781 4345 parrochialem
803 4262 838 4325 iu
868 4261 1061 4337 l'cllccirc'di,
1086 4263 1123 4326 dc
1153 4263 1223 4326 iocre
1252 4267 1427 4341 vocantem,
1462 4269 1606 4343 coruscare
1628 4266 1658 4326 ct
1687 4262 1856 4345 assignare
1872 4258 2017 4346 procuret

1133 4369 1249 4430 lbrrna
1264 4372 1300 4430 at
1315 4368 1349 4430 ia
1364 4389 1394 4432 n.
1412 4370 1462 4432 78.

1511 4479 1674 4556 Asiaticae,
1696 4481 1784 4545 1346
1807 4477 1930 4564 Aprilis
1950 4479 1989 4543 28.

653 4697 714 4760 bu.
738 4697 818 4762 ll...
844 4697 962 4761 ciccano
985 4698 1256 4779 wissegradensis
1286 4718 1385 4781 propo
1416 4700 1550 4781 Pragam
1581 4703 1614 4762 et
1636 4748 1668 4763 ..
1692 4697 1862 4764 scolastico
1884 4692 2024 4779 bagonos
2049 4749 2053 4758 .

549 4824 587 4867 ac
611 4854 618 4867 .
643 4803 807 4866 ‚sacriste
831 4801 1055 4866 duiuiouensis
1078 4802 1283 4867 ecclesiarum
1307 4821 1331 4867 s.
1356 4810 1415 4868 etc.
1440 4802 1630 4868 Laudabilia
1653 4803 1822 4884 probitatis
1845 4807 1878 4867 et
1900 4803 2025 4866 virtutum

549 4909 662 4972 merita
685 4906 714 4972 d.
739 4907 759 4971 l.
783 4907 891 4984 Vlrici,
925 4908 992 4970 nati
1024 4907 1053 4970 d.
1077 4905 1098 4970 f.
1123 4906 1258 4971 Gomadi
1290 4908 1329 4971 do
1352 4907 1555 4988 Nouuburga,
1590 4907 1769 4988 presbyteri
1793 4907 1960 4988 Prageusis
1977 4903 2027 4967 dio

549 5012 641 5088 cesis,
676 5029 773 5091 super
795 5011 910 5092 quibus
933 5011 1018 5091 apud
1048 5030 1105 5075 nos
1136 5010 1293 5093 tidedigno
1317 5012 1554 5075 commendatur
1584 5010 1775 5089 testimonio,
1810 5030 1868 5076 uos
1892 5010 2028 5079 inducunt

549 5120 585 5180 ut
608 5134 773 5197 personam
797 5133 886 5178 suam
910 5114 1083 5197 apostolice
1105 5114 1323 5179 muuiliceucie
1354 5116 1460 5196 gracia
1489 5133 1749 5197 prosequamur·
1773 5114 1857 5181 Sane
1880 5115 1968 5180 hodie
1986 5127 2029 5194 pro

549 5225 639 5303 parto
663 5221 739 5284 dicti
761 5219 860 5284 Viriei
883 5220 974 5283 uobis
1005 5219 1159 5300 exposito,
1175 5217 1198 5299 ¹)
1234 5219 1319 5299 quod
1342 5219 1460 5282 (ludum
1490 5237 1587 5300 super
1612 5218 1739 5284 defectu
1761 5219 1927 5297 natalium,
1958 5234 2031 5299 queu

549 5326 671 5407 patitur
693 5325 732 5387 do
756 5324 858 5388 soluto
882 5324 1010 5406 genitus
1034 5329 1067 5386 et
1089 5324 1268 5404 coniugata,
1292 5327 1328 5387 ut
1351 5323 1461 5387 codem
1484 5342 1544 5387 non
1567 5324 1712 5388 obstante
1737 5322 1866 5389 delectu
1890 5325 1929 5389 ad
1944 5336 2033 5388 omnes

550 5446 658 5493 sacros
681 5428 808 5492 ordines
832 5427 1007 5508 promoveri
1043 5431 1076 5490 et
1098 5425 1284 5491 beneficium
1315 5426 1565 5492 ecclesiasticum
1595 5446 1666 5492 cum
1696 5446 1773 5493 cura
1803 5427 1853 5493 rel
1884 5430 1952 5493 sine
1975 5441 2033 5489 cura

548 5533 691 5596 obtinere
715 5532 844 5608 valeret,
869 5549 975 5593 sectum
998 5530 1103 5593 furerat
1125 5549 1183 5611 per
1198 5530 1305 5594 seclum
1326 5530 1531 5612 apostolicam
1556 5532 1772 5613 dispensatum
1790 5582 1797 5596 .
1815 5583 1822 5596 .
1841 5582 1848 5597 .
1866 5582 1874 5597 .
1891 5531 2034 5596 Volumus

549 5637 660 5713 eciaru,
684 5635 767 5716 ‹purcul
791 5637 859 5716 ipso
883 5634 1051 5698 (ecclesiam
1075 5635 1105 5697 in
1123 5634 1309 5698 Vallouiridi
1326 5641 1358 5697 ot
1374 5637 1593 5700 canonicatum
1617 5640 1650 5699 ct
1672 5636 1868 5715 prebendam
1886 5636 2035 5718 predictus

549 5759 628 5822 quos
652 5745 688 5804 ut
709 5739 872 5822 prefertur
895 5739 934 5803 de
957 5739 1041 5803 lacto
1063 5738 1194 5803 tenebat
1217 5742 1250 5801 ct
1273 5739 1467 5819 possidebat,
1502 5744 1618 5805 extunc
1649 5739 1779 5805 realiter
1801 5747 1836 5806 et
1857 5741 1978 5806 omnino
1999 5737 2034 5801 di·
