5184 7050
669 834 734 901 506

670 1042 877 1108 communiter
900 1040 949 1107 vel
974 1041 1099 1106 divisim
1118 1040 1159 1104 ad
1176 1039 1389 1119 collacionem,
1410 1041 1633 1123 provisionem,
1658 1042 1935 1123 presentationem
1962 1062 2023 1109 seu
2045 1044 2183 1125 quamtis

672 1147 765 1213 aliam
789 1148 1031 1229 disposicionem
1054 1145 1293 1228 archiepiscopi,
1317 1145 1483 1226 prepositi,
1507 1146 1618 1210 (lecani
1642 1151 1674 1210 et
1694 1146 1826 1227 capituli
1849 1146 1992 1212 ecclesie
2017 1148 2181 1230 Pragensis

671 1270 728 1318 seu
752 1252 967 1334 cuiuscunque
989 1251 1120 1316 alterius
1151 1266 1285 1331 persone
1318 1249 1535 1314 ecclesiastice
1566 1266 1622 1314 seu
1654 1248 1779 1331 collegii
1802 1250 1948 1315 civitatis
1972 1250 2024 1315 vel
2049 1251 2181 1316 diocesis

670 1357 848 1439 Pragensis,
880 1356 905 1420 si
939 1375 1000 1438 que
1032 1360 1148 1419 vacant
1179 1354 1219 1417 ad
1249 1372 1391 1436 presens,
1414 1353 1466 1418 vel
1491 1373 1561 1419 cum
1584 1355 1776 1434 vacaverint,
1800 1354 1895 1419 simul
1919 1354 1974 1419 vel
1997 1356 2179 1423 successive.

671 1461 862 1525 conterenda
892 1460 995 1525 cidem
1026 1458 1192 1524 donationi
1223 1458 1397 1540 apostolice
1428 1458 1600 1540 dignemini
1634 1477 1808 1539 reservare,
1841 1478 1913 1523 curu
1950 1460 2178 1542 acceptacione,

671 1564 873 1642 inhibitione,
890 1565 1019 1629 ‹lecrete
1035 1568 1068 1628 et
1084 1562 1226 1627 clausula
1248 1563 1400 1627 anteferri
1421 1567 1454 1626 ct
1470 1582 1539 1627 cunr
1563 1564 1708 1628 omnibus
1730 1582 1792 1627 non
1815 1564 2022 1629 obstantibus
2045 1570 2080 1628 et
2103 1564 2178 1629 clau·

671 1670 748 1734 sulis
770 1671 935 1750 oportunis
958 1674 991 1733 et
1013 1668 1244 1732 executoribus

771 1772 844 1837 Fiat
867 1773 906 1837 ad
930 1774 1134 1838 collationem
1158 1771 1389 1853 archicpiscopi
1413 1776 1446 1835 et
1469 1771 1602 1853 capituli
1625 1772 1796 1853 Pragonsis
1828 1774 2042 1837 communiter
2065 1773 2117 1838 vel
2138 1774 2177 1838 di·

671 1877 772 1952 visim,
805 1878 903 1941 eciam
935 1878 961 1941 si
995 1877 1026 1940 in
1058 1876 1193 1941 ecclesia
1223 1873 1407 1953 cathedrali,
1440 1893 1542 1957 usque
1572 1875 1613 1939 ad
1643 1875 1811 1956 sexaginte
1833 1876 1984 1940 rnarclras
2007 1896 2079 1941 cum
2102 1896 2176 1951 curn,

670 1980 728 2046 XL
750 1982 818 2045 sine
842 2000 918 2045 cura
941 1981 978 2046 R.
1013 1982 1056 2046 Et
1079 1999 1107 2062 q.
1132 1985 1155 2044 t.
1189 1998 1213 2043 s.
1239 1998 1267 2043 a.
1292 1979 1312 2042 l.
1347 1978 1421 2043 Fiat
1444 1979 1481 2044 R.
1525 1980 1563 2043 D.
1589 1979 1745 2043 Aninione
1769 1998 1840 2043 non.
1866 1979 1992 2063 Aprilis
2015 1999 2044 2046 a.
2068 1982 2176 2064 quinte.

777 2168 926 2223 Clementis
944 2169 981 2221 Vl
1000 2168 1028 2222 S.
1046 2169 1096 2235 Vll
1118 2172 1173 2235 (16)
1192 2169 1210 2220 1.
1231 2173 1277 2220 121

672 2725 1012 2808 6661666666
1036 2724 1194 2804 Oleastro,
1219 2724 1331 2789 clerico
1354 2725 1584 2789 Lemonieensis
1615 2726 1756 2806 diocesis,
1790 2731 1978 2791 reservatur
2000 2727 2047 2791 ad
2068 2725 2175 2810 snppli-

671 2833 825 2898 cationem
848 2829 964 2905 Clereli,
987 2831 1080 2910 repis,
1104 2834 1134 2892 et
1157 2829 1312 2908 Blencae,
1326 2828 1350 2903 ¹)
1381 2830 1510 2911 rapinae
1543 2832 1755 2894 Itomenernm
1785 2836 1816 2894 ct
1841 2831 2024 2907 Belemina,
2057 2852 2175 2912 666666

670 2937 803 3002 servitor
835 2936 953 3008 existit,
987 2934 1167 3016 beneficiam
1197 2954 1266 2998 curn
1295 2933 1343 2997 cel
1373 2935 1441 2998 sine
1471 2954 1559 3009 erne,
1593 2935 1690 2998 etiam
1720 2935 1750 2998 si
1778 2935 1813 3000 in
1841 2935 1977 3000 eeclesia
2009 2933 2177 2999 cetdedrnli

671 3041 799 3114 existat,
831 3040 921 3104 cuins
944 3042 1076 3119 srnctns
1105 3041 1148 3104 60
1178 3059 1258 3121 resp.
1289 3041 1334 3103 40
1364 3059 1547 3103 stercorum
1578 3038 1749 3119 arpentis.
1772 3042 1795 3105 t.
1819 3039 1849 3104 d.
1872 3039 2016 3103 celerem
2048 3059 2176 3103 ananan

672 3145 915 3218 noncacedant,
939 3143 1073 3224 siquod
1104 3143 1147 3206 ad
1178 3143 1375 3207 collationem
1406 3142 1637 3226 archicpiscopi
1667 3147 1697 3206 et
1719 3143 1854 3226 capitali
1884 3145 2064 3226 Propensis
2084 3145 2175 3209 secet.

671 3250 719 3315 vel
741 3271 811 3313 curn
833 3249 1002 3313 vircerrerit.
1027 3249 1080 3322 ,D.
1097 3247 1252 3311 Aninione
1274 3267 1345 3310 non.
1369 3246 1495 3330 Aprilis
1519 3268 1549 3311 6.
1571 3247 1699 3328 661616.ι
1716 3286 1750 3294 -
1767 3250 1806 3312 16
1828 3270 1854 3313 6.
1877 3269 1920 3313 m.
1946 3249 2059 3313 abbati
2079 3269 2174 3312 mone·

671 3354 762 3417 stcrii
783 3353 1067 3430 Biennoaiensis‚·)
1098 3352 1270 3432 I'repensis
1301 3351 1443 3429 diocesis,
1475 3354 1506 3414 et
1536 3351 1653 3416 deceno
1682 3352 1787 3416 666611
1813 3351 1972 3435 Stephani
1994 3353 2035 3416 de
2062 3355 2173 3427 'lescen

716 3455 959 3536 Montiselbane,
983 3476 1021 3519 ec
1043 3455 1267 3519 archidiacono
1290 3455 1512 3520 Acinienensis
1534 3456 1748 3521 ecclesiaram.
1780 3458 1895 3521 nemra
1918 3460 1957 3521 at
1978 3458 2015 3521 in
2037 3478 2068 3523 n.
2092 3459 2137 3521 l'b'.

717 3667 761 3771 ,ἶ
776 3649 825 3770 ξ,
1662 3657 1826 3739 annom,
1849 3660 1939 3723 1347
1962 3658 2090 3741 Apros
2110 3660 2136 3721 a.

777 3872 925 3927 Clementis
944 3872 981 3925 Vl
1000 3874 1034 3925 Α.
1052 3873 1104 3940 Vll
1124 3873 1180 3940 (91)
1199 3872 1218 3927 f.
1238 3874 1295 3927 197'
1315 3889 1342 3926 n.
1360 3877 1420 3938 261,
1439 3870 1474 3925 de
1493 3870 1633 3927 benefieiis
1650 3871 1787 3927 vacaturis
1815 3887 1862 3939 qu.
1881 3876 1945 3925 7:
1959 3872 1991 3927 V.
2020 3879 2070 3926 116
2086 3872 2104 3926 f.
2123 3872 2171 3923 116Ι

673 3976 691 4014 ιι
717 3963 778 4012 sm.
796 3989 828 3998 -
857 3964 880 4021 ⁸)
898 3958 1116 4025 ,Brunouiensis‘
1135 3960 1167 4011 Α.
1190 3990 1219 3998 -
1241 3960 1261 4025 ¹)
1281 3957 1315 4011 de
1335 3957 1536 4026 supplicatione
1556 3958 1675 4013 Blancae
1694 3961 1723 4013 iu
1741 3973 1815 4012 uum.
1835 3962 1886 4011 863
1905 3958 1978 4012 nihil
1996 3957 2108 4028 legitur!

673 4552 766 4619 866.
788 4549 941 4630 Jolranni,
966 4550 1201 4633 archiepiscopo
1224 4550 1464 4629 Mediolanensi,
1488 4550 1598 4629 fratri
1619 4550 1686 4613 circs
1709 4547 1852 4614 Laedino
1882 4547 1921 4612 dc
1952 4546 2172 4615 Vicecemitibns

674 4660 704 4720 ct
723 4654 808 4732 eliis,
821 4655 877 4737 qni
889 4656 979 4734 infre
991 4658 1282 4733 commonerentur,
1295 4654 1479 4733 mandetur,
1494 4658 1647 4737 qnatenus
1662 4653 1783 4731 Cereio,
1796 4654 1831 4716 in
1844 4673 1949 4732 repam
1963 4653 2172 4725 Romanorumn,

669 4760 916 4844 promerendam
938 4760 973 4823 in
995 4759 1226 4842 imperatorem,
1258 4758 1361 4837 eiecto,
1388 4764 1530 4841 parcent
1556 4762 1586 4821 ct
1607 4758 1762 4838 rnepistro
1794 4754 1934 4820 Geralde
1957 4755 1997 4819 dc
2021 4759 2173 4837 Maeniam,

675 4864 975 4947 apostolicaesedis
999 4862 1042 4927 ad
1063 4863 1194 4927 eundem
1217 4884 1320 4944 repam
1344 4863 1461 4938 nantia,
1479 4863 1516 4926 de
1531 4882 1638 4926 securo
1653 4862 1807 4926 conducta
1822 4860 1990 4942 procident
2008 4860 2173 4944 prowm.

1665 5033 1828 5109 Aninione,
1854 5035 1941 5099 1347
1963 5034 2090 5119 Aprilis
2110 5036 2138 5097 5.

776 5210 813 5276 V.
839 5211 859 5275 i.
883 5209 1033 5288 Johanni,
1065 5210 1304 5292 archiepiscope
1337 5209 1579 5289 Mediolanensi,
1611 5213 1644 5274 et
1667 5208 1697 5271 d.
1721 5208 1742 5273 i.
1765 5207 1863 5272 nobili
1886 5207 1955 5271 uiro
1980 5206 2121 5273 Luchino
2141 5204 2173 5267 dc

675 5314 923 5380 vicecomitibus
954 5314 993 5378 de
1024 5314 1213 5392 Mediolano,
1246 5315 1364 5380 nostris
1395 5320 1428 5378 et
1459 5315 1594 5380 ecclesie
1632 5314 1772 5377 Romane
1806 5309 1955 5376 fidelibus
1990 5317 2026 5376 et
2055 5309 2173 5376 devotis.

675 5419 764 5486 Sicut
787 5419 826 5482 ad
849 5423 988 5483 nostram
1019 5423 1052 5482 et
1082 5437 1277 5483 communem
1309 5418 1442 5483 aliorum
1473 5420 1621 5483 noticiam
1652 5416 1809 5481 credimus
1839 5416 2038 5497 pervenisse,
2068 5413 2173 5479 duduu

676 5528 863 5604 presentata
886 5524 975 5587 nobis
999 5529 1033 5587 et
1054 5522 1207 5588 iratribus
1230 5524 1358 5602 nostris,
1376 5527 1487 5587 sancte
1502 5523 1644 5586 Romane
1665 5521 1799 5586 ecclesie
1823 5519 2050 5599 cardinalibus
2073 5517 2173 5583 elecci-

676 5646 737 5693 one
760 5628 800 5691 de
817 5646 953 5709 persona
977 5649 1002 5692 c.
1020 5628 1052 5692 in
1071 5626 1126 5692 Cb.
1151 5627 1172 5691 1.
1195 5626 1362 5707 u.(la1·01i,
1386 5628 1470 5711 regis
1494 5628 1703 5692 Romanorum
1726 5624 1871 5704 illustris,
1894 5626 1928 5690 iu
1949 5644 2057 5708 regem
2073 5624 2174 5689 liema-

675 5752 787 5798 norum
811 5732 1055 5813 promovendum
1079 5732 1110 5797 in
1133 5733 1358 5814 imperatorem
1375 5751 1432 5814 per
1448 5732 1604 5798 electores
1626 5730 1760 5812 imperii,
1776 5730 1831 5812 qui
1847 5733 2022 5811 potuerunt
2040 5735 2073 5795 et
2087 5728 2173 5793 debu·
