5184 7050
545 853 607 918 748

543 1057 686 1123 defensio
719 1058 751 1122 in
782 1056 995 1140 predictarum
1026 1057 1231 1122 ecclesiarum
1258 1062 1291 1122 et
1314 1059 1604 1123 ecclesiasticarum
1626 1075 1838 1141 personarum
1865 1058 1899 1121 in
1924 1059 1973 1122 eis
1994 1076 2056 1121 con·

543 1162 728 1227 sistencium
751 1161 924 1225 tuicionem
947 1165 980 1224 et
1003 1162 1198 1228 commodum
1220 1162 1420 1241 redundavit,
1436 1183 1474 1228 ac
1490 1165 1657 1244 cupientes
1679 1167 1744 1226 tam
1762 1161 1907 1227 ecclesie
1923 1161 2054 1227 Romane

542 1285 637 1349 quam
661 1264 767 1330 Caroli
791 1265 874 1346 regis
899 1264 1113 1345 predictorum
1135 1267 1383 1331 necessitatibus
1407 1266 1598 1348 supradictis
1620 1285 1678 1350 per
1702 1267 1960 1333 subvencionem
1981 1265 2055 1330 deci·

544 1370 661 1434 malem
693 1368 876 1434 huiusmodi
908 1369 1091 1450 aliqualiter
1125 1371 1301 1452 providere,
1336 1370 1569 1436 deliberacione
1599 1389 1696 1454 super
1726 1371 1789 1435 hoc
1812 1389 1889 1435 curn
1914 1370 2056 1435 fratribus

544 1474 663 1539 nostris
687 1473 855 1557 prehabito
878 1473 1033 1555 diligenti,
1058 1475 1211 1539 decimam
1234 1474 1373 1541 omnium
1395 1475 1576 1540 reddituum
1600 1482 1633 1540 et
1666 1479 1886 1558 proventuum
1915 1473 2056 1539 ecclesia·

547 1579 709 1655 sticorum,
732 1577 765 1641 in
788 1595 897 1659 regno,
914 1579 1064 1643 comitatu
1082 1583 1115 1643 et
1136 1578 1208 1644 aliis
1230 1581 1326 1644 tenis
1349 1580 1502 1661 predictis
1527 1579 1782 1656 consistencium,
1807 1598 1870 1661 per
1893 1578 2056 1644 trienninm

545 1702 565 1747 a
588 1682 670 1746 festo
695 1681 923 1746 Pentbecostes
946 1683 1088 1763 proxime
1111 1683 1217 1747 futuro
1240 1683 1370 1748 inantea
1393 1683 1638 1765 computandum
1654 1683 1694 1748 ab
1710 1683 1861 1749 omnibus
1878 1687 1916 1747 et
1931 1682 2055 1764 singulis

545 1785 804 1867 archiepiscopis,
828 1785 987 1867 episcopis
1010 1791 1042 1850 et
1065 1787 1198 1868 prelatis
1221 1807 1259 1851 ac
1282 1786 1354 1852 aliis
1377 1789 1521 1870 personis
1545 1787 1772 1852 ecclesiasticis
1803 1787 2057 1870 quibuscunque,

545 1890 745 1955 secularibus
767 1894 800 1952 et
821 1888 1032 1972 regularibus,
1056 1892 1213 1973 exemptis
1235 1897 1269 1956 et
1290 1911 1354 1957 non
1377 1892 1543 1975 exemptis,
1568 1892 1600 1956 in
1622 1911 1729 1974 regno,
1754 1892 1918 1956 comitatu
1942 1895 1976 1955 et
1994 1890 2057 1954 aliis

545 1995 641 2059 terris
675 1992 868 2074 supradictis
902 1993 1047 2058 redditus
1080 2001 1114 2059 et
1147 2002 1320 2078 proventus
1357 1996 1537 2061 huiusmodi
1574 1995 1805 2074 obtinentibus,
1845 1996 2057 2076 cuiuscunque

546 2099 723 2182 dignitatis,
747 2102 860 2176 status,
884 2097 1004 2162 ordinis
1026 2099 1077 2163 vel
1100 2099 1294 2164 condicionis
1318 2101 1465 2178 existant,
1490 2101 1605 2182 quibus
1629 2106 1685 2164 aut
1708 2118 1821 2164 eorum
1845 2099 1948 2164 alicui
1982 2098 2058 2164 nulla

545 2202 715 2286 privilegia
737 2201 788 2266 vel
811 2201 1030 2284 indulgentias
1052 2203 1111 2268 sub
1134 2221 1325 2286 quacunque
1347 2206 1514 2271 verborum
1538 2204 1640 2269 forma
1667 2203 1718 2268 vel
1748 2203 1965 2285 expressione
1994 2221 2057 2266 con·

546 2325 655 2374 cessas
670 2307 775 2388 quoad
789 2306 848 2370 hoc
865 2305 1010 2371 volumus
1026 2305 1202 2389 suflragari,
1219 2314 1425 2390 preterquam
1446 2309 1485 2372 ab
1502 2308 1622 2373 eisdem
1637 2307 1791 2372 fratribus
1807 2307 1942 2385 nostris,
1958 2314 2057 2371 sancte

546 2411 688 2477 Romane
711 2411 847 2476 ecclesie
870 2410 1094 2489 cardinalibus,
1118 2413 1322 2491 monasteria,
1345 2412 1518 2495 prioratus,
1541 2416 1732 2495 personatus
1748 2416 1783 2477 et
1798 2409 1922 2489 officia,
1939 2411 2058 2476 canoni·

549 2520 640 2579 catus
655 2521 689 2579 et
705 2513 893 2594 prebendas,
915 2514 1087 2597 dignitates
1110 2533 1167 2580 seu
1190 2515 1254 2581 alia
1276 2514 1432 2581 beneficia
1455 2517 1673 2581 ecclesiastica
1691 2534 1888 2597 quecunque
1905 2535 1976 2579 cum
1992 2533 2059 2579 eura

549 2625 582 2683 et
604 2619 674 2683 sine
697 2638 773 2683 cura
797 2635 854 2682 seu
878 2636 1082 2700 quoscunque
1105 2619 1248 2683 redditus
1272 2624 1305 2684 et
1328 2626 1499 2701 proventus
1522 2621 1555 2685 in
1579 2620 1700 2686 eisdem
1723 2638 1832 2702 regno,
1860 2619 2014 2684 comitatu
2031 2624 2060 2682 et

549 2723 622 2788 aliis
656 2722 753 2787 terris
786 2721 940 2804 predictis
974 2722 1191 2788 obtinentibus
1225 2731 1257 2788 et
1291 2724 1469 2789 obtenturis
1504 2725 1719 2806 imposterum,
1751 2725 1866 2805 quiin
1892 2722 2059 2805 apostolice

550 2826 763 2893 solicitudinis
779 2831 901 2907 partem
919 2828 1073 2907 assumpti
1091 2828 1253 2895 nobiscum
1269 2828 1460 2892 universalis
1475 2828 1611 2893 ecclesie
1627 2846 1724 2893 onera
1736 2828 1934 2904 sortiuntur,
1947 2845 2059 2891 necnon

550 2930 719 2996 adilectis
749 2929 822 2994 filiis
851 2929 1014 3013 magistro,
1045 2931 1214 3011 prioribus,
1246 2934 1485 3014 preceptoribus
1516 2937 1548 2995 et
1577 2932 1730 2997 fratribus
1759 2932 1937 3014 hospitalis
1967 2930 2059 2998 sancti

548 3034 704 3101 Johannis
727 3033 987 3112 ierosolimitani,
1011 3035 1064 3115 qui
1088 3040 1197 3099 contra
1220 3036 1330 3101 hostes
1353 3034 1427 3100 fidei
1452 3036 1623 3100 christiano
1647 3040 1811 3118 exponunt
1833 3036 1958 3117 iugiter
1980 3053 2014 3098 se
2031 3040 2058 3097 et

550 3158 618 3217 sua,
642 3156 722 3221 quos
746 3137 872 3219 quidem
896 3138 1084 3214 cardinales
1108 3139 1305 3221 magistrum,
1329 3141 1462 3223 priores
1485 3146 1690 3222 preceptores
1714 3145 1746 3204 et
1761 3139 1883 3204 fratres
1899 3138 2059 3221 hospitalis

549 3242 693 3310 eiusdem
724 3242 763 3307 ab
793 3241 974 3307 huiusmodi
1005 3243 1205 3323 prestacione
1236 3243 1358 3308 decime
1390 3251 1554 3326 exemptos
1578 3243 1818 3308 essevolumus
1842 3248 1879 3307 et
1902 3244 2059 3320 immunes,

551 3347 738 3429 exigendam
762 3351 795 3411 et
818 3346 1026 3429 colligendam
1049 3352 1091 3423 et,
1115 3366 1186 3412 curu
1209 3352 1320 3412 exacta
1343 3349 1440 3412 fuerit
1462 3353 1495 3411 et
1517 3347 1660 3425 collecta,
1685 3350 1768 3412 iuter
1791 3366 1852 3411 nos
1877 3368 1936 3431 pro
1967 3347 2060 3430 ipsius

550 3450 687 3517 ecclesie
710 3448 853 3515 Romane
867 3449 892 3530 r)
916 3469 975 3533 pro
999 3452 1099 3515 tercia
1122 3455 1155 3515 et
1177 3450 1335 3530 Carolum,
1360 3471 1465 3534 regem
1489 3452 1676 3533 predictum,
1702 3471 1757 3533 pro
1789 3454 1860 3516 suis
1893 3453 2061 3518 necessita·

552 3556 639 3622 tibus
670 3559 703 3618 et
732 3555 882 3620 oneribus
913 3555 1092 3620 huiusmodi
1122 3556 1302 3620 relevandis
1332 3576 1388 3639 pro
1416 3555 1549 3637 reliquis
1572 3557 1694 3621 duabus
1718 3556 1879 3638 partibus,
1905 3564 2000 3639 prout
2021 3559 2060 3621 iu·

549 3661 650 3727 ferius
673 3659 870 3741 exprimitur,
894 3659 1095 3724 dividendam
1118 3660 1158 3724 de
1182 3661 1337 3726 dictorum
1360 3661 1494 3724 fratrum
1517 3666 1697 3725 nostrorum
1723 3661 1857 3725 consilio
1875 3663 2060 3726 anctoritate

551 3764 727 3848 apostolica
749 3763 940 3844 imponimus
963 3782 1021 3845 per
1043 3770 1219 3845 presentes,
1244 3765 1398 3844 volentes,
1422 3766 1506 3846 quod
1529 3764 1708 3828 huiusmodi
1732 3762 1859 3828 decima
1884 3785 1945 3847 per
1966 3762 2060 3828 vac.

551 3888 603 3934 nn.
627 3918 660 3932 ..
685 3866 959 3949 archiepiscopum
981 3867 1171 3951 Pragensem
1195 3887 1232 3932 ac
1256 3867 1499 3934 Olomucensem
1522 3875 1555 3933 et
1571 3866 1874 3933 huthomuslensem
1899 3869 2060 3950 episcopos

551 3973 584 4039 in
614 3990 712 4054 regno
742 3975 776 4035 et
806 3970 878 4037 aliis
909 3972 1004 4036 terris
1033 3972 1187 4054 predictis
1219 3978 1252 4037 et
1282 3991 1340 4054 per
1366 3973 1417 4037 dd.
1441 3970 1471 4037 fi.
1497 4022 1530 4037 ..
1553 3974 1654 4037 sancti
1679 3971 1816 4036 Huberti
1839 3977 1876 4036 et
1902 3977 2061 4036 ..sancte

554 4075 657 4144 blarie
689 4077 720 4140 in
752 4074 980 4157 Lucemburgo,
1012 4076 1131 4141 ordinis
1163 4078 1265 4142 sancti
1295 4077 1472 4156 Benedicti,
1500 4078 1688 4143 Leodiensis
1711 4081 1744 4140 et
1765 4075 1982 4142 Treuerensis
2003 4077 2061 4139 dio

555 4182 684 4261 cesium,
715 4180 987 4255 monasteriorum,
1018 4180 1050 4244 in
1084 4181 1169 4245 dicto
1193 4182 1343 4246 comitatu
1367 4182 1585 4258 existencium,
1609 4181 1750 4259 abbates,
1774 4198 1856 4261 quos
1882 4180 2063 4246 collectores

553 4284 733 4350 huiusmodi
758 4283 878 4348 decime
903 4301 1025 4346 exnunc
1048 4284 1079 4347 in
1103 4283 1148 4346 sic
1173 4281 1332 4347 distinctis
1355 4282 1433 4347 locis
1457 4282 1576 4347 eisdem
1600 4284 1782 4365 specialiter
1810 4284 2014 4366 deputamus,
2035 4291 2062 4346 et

553 4409 611 4473 per
634 4387 882 4453 subcollectores
906 4385 1038 4452 clericos
1061 4386 1234 4462 dumtaxat,
1259 4386 1459 4467 deputandos
1483 4388 1521 4451 ab
1546 4388 1603 4467 eis,
1627 4392 1792 4451 tamese
1817 4390 1900 4470 ipsis
1920 4408 2014 4470 quarn
2028 4387 2061 4449 ab

553 4493 699 4559 omnibus
722 4491 794 4556 aliis
817 4490 1075 4573 archiepiscopis,
1099 4491 1258 4572 episcopis
1282 4494 1316 4554 et
1339 4491 1481 4571 personis
1505 4491 1576 4554 aliis
1604 4490 1843 4571 ecclesiasticis,
1870 4492 2062 4557 secularibus

554 4604 588 4664 et
610 4596 810 4679 regularibus
833 4595 1084 4677 quibuscunque,
1109 4594 1265 4677 exemptis
1289 4599 1322 4658 et
1344 4614 1405 4659 non
1429 4596 1593 4676 exemptis,
1618 4596 1649 4658 in
1680 4594 1801 4661 eisdem
1831 4614 1944 4677 reguo,
1976 4596 2062 4661 comi·

554 4706 624 4767 tatu
649 4706 681 4766 et
704 4700 799 4765 terris
822 4699 967 4763 redditus
991 4704 1023 4763 et
1053 4704 1225 4780 proventus
1257 4699 1492 4764 ecclesiasticos
1527 4706 1559 4764 ut
1594 4701 1755 4781 prefertur
1789 4699 1995 4777 habentibus,
2030 4698 2063 4761 de

555 4805 676 4871 eisdem
707 4805 884 4869 redditibus
914 4809 947 4867 et
978 4804 1183 4884 proventibus
1207 4803 1382 4880 dumtaxat,
1405 4811 1609 4885 preterquam
1634 4805 1673 4868 ab
1697 4803 1817 4868 eisdem
1841 4804 2062 4869 cardinalibus.

555 4910 717 4993 magistro,
742 4908 911 4989 prioribus
936 4907 1175 4990 preceptoribus
1199 4912 1232 4971 et
1254 4908 1407 4973 fratribus
1430 4907 1598 4990 hospitalis
1621 4908 1773 4985 eiusdem,
1797 4909 1923 4990 absque
1958 4909 2064 4974 iniuria

555 5019 588 5079 et
604 5014 811 5095 oppressione
832 5031 1027 5095 quacunque,
1043 5011 1215 5076 secundum
1230 5011 1367 5090 modum,
1384 5032 1501 5077 morem
1518 5032 1554 5076 ac
1571 5013 1832 5077 consuetudinem
1851 5012 1885 5075 in
1902 5015 2064 5078 exaccione

555 5124 589 5184 et
612 5118 805 5184 colleccioue
827 5116 1006 5182 huiusmodi
1031 5116 1152 5181 decime
1174 5116 1331 5182 hactenus
1354 5117 1547 5194 observatos,
1571 5135 1629 5197 per
1651 5114 1832 5180 huiusmodi
1847 5118 2022 5181 triennium
2037 5117 2064 5179 in

555 5222 699 5288 terminis
723 5221 935 5302 infrascriptis
959 5220 1006 5285 eis
1028 5238 1086 5285 seu
1110 5220 1332 5285 collectoribus
1356 5240 1464 5284 eoruur
1487 5221 1536 5284 vel
1561 5222 1705 5302 personis
1725 5219 1808 5298 aliis,
1825 5240 1909 5302 quos
1926 5221 1976 5284 rel
1993 5237 2063 5303 qua<

557 5327 597 5392 ad
620 5326 680 5391 hoc
704 5325 938 5407 deputaverint,
962 5325 1171 5406 persolvenda
1191 5331 1223 5389 et
1240 5344 1297 5405 per
1313 5343 1368 5389 eos
1384 5324 1557 5390 seeundum
1582 5324 1768 5388 divisionem
1785 5330 1817 5388 et
1834 5325 2064 5389 ordinacionem

559 5437 699 5495 nostram
722 5430 934 5510 subscriptam
953 5434 1017 5493 tarn
1034 5429 1124 5493 nobis
1141 5435 1173 5493 et
1190 5429 1364 5511 apostolice
1381 5448 1505 5493 caruere
1522 5448 1615 5508 quam
1632 5431 1697 5509 regi
1716 5429 1860 5509 predicto
1880 5429 2064 5510 assignanda

556 5533 725 5616 colligatur
756 5541 789 5598 et
823 5535 921 5597 eciam
954 5534 1108 5614 exigatur.
1155 5534 1345 5598 Huiusmodi
1369 5539 1475 5597 autem
1499 5532 1619 5596 solucio
1643 5532 1699 5596 fiet
1721 5533 1865 5612 quolibet
1890 5552 1973 5597 anno
1996 5532 2063 5597 ‹licti

558 5640 688 5705 triennii
713 5640 744 5702 in
767 5638 910 5702 terminis
933 5637 1160 5718 infrascriptis:
1184 5638 1341 5719 siquidem
1365 5638 1535 5703 solue-ionis
1551 5637 1733 5700 medietatis
1749 5636 1933 5702 huiusmodi
1950 5638 2063 5701 decitur

555 5742 648 5825 primi
674 5742 746 5806 amri
771 5741 847 5805 dicti
871 5741 1000 5805 triennii
1024 5741 1158 5821 primum
1182 5740 1350 5805 terminum
1381 5741 1448 5804 fore
1480 5743 1648 5805 statuimus
1678 5740 1796 5804 festum
1820 5740 1970 5805 Omnium
1993 5742 2061 5807 Sarr-
