5184 7050
1867 834 1930 901 261

418 1043 508 1106 440.
544 1039 776 1124 leaceslans,“)
807 1043 903 1102 natus
925 1038 1096 1118 iohannis,
1127 1039 1211 1119 repis
1241 1039 1421 1118 Bohemiac,
1446 1039 1617 1122 supplicat,
1641 1044 1794 1121 quatenus
1817 1041 1929 1106 clerico

417 1165 472 1207 suo
495 1143 645 1229 Joffrida,
671 1143 831 1223 Gottfriili
861 1144 900 1206 de
931 1143 1128 1207 Rodemacra
1149 1143 1233 1226 filio,
1257 1146 1409 1209 Metensis
1433 1143 1576 1222 diocesis,
1599 1144 1637 1208 cle
1661 1144 1765 1226 aliquo
1789 1145 1931 1228 beneficio

417 1248 630 1312 ecclesiastico
652 1269 723 1311 cnm
744 1247 792 1315 cel
813 1248 883 1311 sine
906 1269 994 1317 mro,
1026 1253 1158 1312 vacante
1186 1249 1234 1313 oel
1266 1254 1430 1328 cacatum,
1464 1253 1623 1331 spectante
1657 1249 1700 1312 ael
1733 1249 1928 1313 collationem

416 1352 542 1416 ablatis
565 1357 596 1415 et
617 1357 783 1416 concentus
805 1352 992 1416 monasterii
1013 1353 1119 1416 sancti
1149 1352 1361 1435 liillihroelib)
1395 1355 1654 1437 Epternacensis,
1678 1356 1800 1419 ordinis
1822 1358 1929 1420 sancti

416 1457 592 1537 Benedicti,
620 1455 818 1521 Treoerensis
841 1455 983 1530 diocesis,
1003 1455 1219 1538 prouidentur.
1252 1457 1340 1531 ,Fiat
1361 1480 1459 1540 nsque
1482 1461 1525 1522 acl
1547 1480 1703 1522 snrnmam
1725 1461 1931 1542 septuapinta

416 1560 574 1625 librarum
610 1583 679 1625 cnm
695 1565 720 1643 e)
754 1581 844 1640 cura,
878 1560 1095 1643 quailrapinta
1129 1561 1199 1625 sinc
1233 1583 1312 1627 cura
1344 1564 1430 1628 R...
1450 1613 1481 1628 ..
1527 1566 1581 1639 ,D.
1604 1564 1762 1630 Aninionc
1785 1567 1839 1629 XI
1863 1565 1928 1631 hal.

984 1665 1165 1728 Decembris
1188 1687 1218 1730 a.
1241 1667 1359 1732 tercio!

1324 1823 1487 1899 Acinione,
1510 1827 1597 1887 1344
1620 1824 1805 1887 Novembris
1828 1827 1879 1889 21.

520 2041 670 2094 Clementis
689 2039 1005 2110 v18.111p2(r)f.o2'.
1024 2070 1056 2077 -
1084 2039 1107 2105 r)
1126 2037 1320 2104 ,Wenteslaus‘
1339 2037 1366 2090 S.
1394 2036 1605 2104 b),Williborili‘
1625 2037 1651 2090 S.
1679 2042 1700 2102 s)
1719 2054 1788 2104 ,cum
1808 2042 1877 2091 cum‘
1899 2037 1926 2092 S.

416 2668 511 2733 441.
534 2666 706 2737 Johannes,
730 2688 787 2730 ree
809 2666 988 2745 Boherniae,
1012 2666 1181 2749 supplicat,
1206 2672 1359 2749 quatenus
1384 2687 1454 2729 erim
1477 2667 1669 2746 Hermanno,
1690 2670 1766 2730 nato
1781 2666 1922 2744 Henrici,

418 2773 542 2835 comitis
576 2773 611 2835 iu
640 2772 909 2852 Blanhenhnrp,⁸)
940 2771 1139 2853 dispensetur
1168 2792 1263 2855 super
1293 2770 1508 2835 inhabilitatis
1543 2771 1681 2849 acacii-la,
1712 2791 1808 2853 qnam
1831 2791 1869 2834 ex
1891 2791 1925 2834 eo

415 2877 620 2954 contraxerit,
632 2875 715 2957 quael
730 2876 764 2940 in
778 2876 894 2939 ruinori
908 2874 982 2938 olim
997 2875 1184 2939 constitutus
1201 2881 1306 2940 aetate
1321 2880 1351 2938 et
1366 2876 1409 2940 ael
1422 2896 1531 2938 sacros
1543 2875 1667 2939 ordines
1683 2896 1745 2939 reon
1761 2879 1925 2958 promotus

411 2979 672 3062 praeposituram
695 2984 841 3044 curatam
864 2978 1012 3042 ecclesiae
1027 2979 1296 3060 Jechehurpensis,
1321 2980 1578 3063 Maquntinensis
1601 2979 1742 3056 diocesis,
1766 2984 1796 3042 et
1819 2979 1925 3042 archi·

413 3084 617 3148 diaconatum
638 3079 972 3163 ttoaaersteaensemb)
995 3082 1030 3145 in
1051 3083 1181 3147 ecclesia
1198 3083 1459 3147 Halherstaileresi
1478 3083 1629 3166 receperit
1645 3081 1775 3163 illosque
1793 3083 1924 3146 insimul

414 3188 512 3250 etiam
530 3192 605 3270 post
626 3187 770 3261 tenuerit,
788 3192 818 3250 ct
833 3191 987 3267 qnatenus
1005 3188 1104 3251 eiilem
1129 3190 1318 3266 Her-inanito,
1342 3187 1397 3269 qui
1419 3208 1501 3251 neeric
1523 3187 1567 3251 acl
1589 3187 1763 3267 lepitirnam
1787 3192 1922 3252 anatem

411 3292 592 3374 penetrarit
606 3296 637 3356 et
651 3291 768 3355 dictum
785 3290 1081 3355 archidiaconatum
1095 3292 1254 3361 elimittere,
1270 3297 1411 3374 paratus
1431 3292 1558 3370 existat,
1567 3292 1764 3370 concedatur,
1777 3296 1813 3353 nt
1830 3315 1923 3374 prae·

414 3397 534 3460 iliatam
552 3396 812 3479 praeposituram
827 3399 857 3458 et
872 3399 1005 3476 fructus
1029 3396 1094 3459 iam
1111 3400 1275 3478 perceptos
1297 3396 1431 3460 retinere
1453 3401 1483 3459 et
1505 3401 1698 3478 quotcunque
1717 3396 1866 3477 herculeio
1886 3416 1923 3460 se

417 3501 596 3565 adincicem
623 3500 856 3584 compatientia,
879 3500 977 3564 etiam
1007 3505 1130 3579 cic-rata,
1160 3521 1258 3583 usque
1288 3501 1331 3565 ael
1365 3502 1570 3565 (tercentorum
1593 3521 1777 3566 maroarmu
1800 3502 1924 3582 arpenti

413 3606 552 3670 oalorern
576 3626 715 3669 anrrunm
737 3606 876 3689 recipere
898 3605 1013 3670 valeat.
1038 3605 1268 3684 ,Habilitamus
1290 3628 1360 3670 enm
1383 3612 1413 3670 et
1435 3607 1555 3671 iliatam
1584 3608 1821 3690 preposituram
1853 3627 1920 3670 con-

406 3710 549 3788 ferimus
582 3710 644 3775 sihi
677 3714 707 3773 et
732 3713 865 3789 fractus
896 3714 1057 3793 perceptas
1083 3710 1285 3786 remittimus,
1308 3711 1364 3775 secl
1388 3716 1538 3793 quartam
1556 3716 1683 3793 partem
1706 3716 1865 3775 convertat
1886 3711 1922 3775 in

415 3836 513 3898 opera
532 3815 666 3898 pietatis
683 3816 731 3878 It.‘
749 3852 792 3861 —
809 3816 888 3877 Itern
906 3814 1069 3897 supplicat
1079 3815 1182 3878 elictus
1205 3836 1271 3895 ren,
1291 3821 1445 3897 qnatenus
1462 3815 1608 3892 Henrico,
1625 3816 1730 3879 comiti
1744 3816 1782 3879 ele
1797 3815 1923 3880 Hohen-

412 3919 506 3995 stein,
541 3918 710 3983 secretario
743 3939 809 3999 suo,
844 3920 1040 3998 concedatur,
1073 3923 1110 3982 nt
1139 3919 1302 3984 ecclesiam
1330 3919 1567 4003 parrochialem
1590 3920 1696 3985 saneti
1719 3919 1867 3984 Amlreae
1888 3921 1923 3985 in

412 4021 709 4109 Sonilershausenf)
723 4024 979 4105 Mapuntinensis
994 4023 1134 4103 iliocesis,
1151 4026 1184 4088 in
1199 4026 1424 4088 inarrasterium
1439 4024 1625 4088 rnorrialinm
1641 4024 1762 4088 orelinis
1777 4023 1921 4090 Cisterci·

411 4128 498 4192 ensis
520 4132 695 4192 convertere
717 4128 832 4207 valeat,
848 4132 878 4192 et
901 4133 1054 4211 qnatenus
1077 4127 1175 4192 molem
1198 4129 1386 4193 monasterio
1403 4128 1625 4212 parrochiales
1648 4128 1794 4193 ecclesiae
1815 4129 1921 4193 sancti

412 4233 562 4297 Amlreae
594 4234 629 4297 in
650 4232 907 4297 Sondershansen
931 4254 1046 4297 necrron
1069 4234 1103 4297 in
1124 4233 1227 4300 Jecha
1241 4230 1268 4316 ἃ)
1291 4237 1322 4297 et
1344 4235 1472 4317 Ber9,⁰)
1497 4233 1753 4314 Mapuutinensis
1779 4233 1920 4314 diocesis,

410 4337 650 4420 incorporentur
683 4342 713 4401 et
745 4338 853 4402 onmia
884 4338 1055 4422 pricilepia
1088 4338 1210 4402 aretinis
1240 4337 1404 4421 praedicti
1440 4337 1658 4402 concedantur.
1704 4334 1919 4417 ,Conceilirnus

410 4442 579 4508 licenciam
595 4442 765 4521 fundandi
787 4446 817 4506 ct
839 4442 971 4509 dotandi
995 4443 1032 4509 It.
1074 4441 1157 4506 Ante
1180 4448 1285 4506 antem
1301 4442 1531 4522 fundacionem
1554 4462 1615 4507 non
1637 4442 1722 4506 decet
1744 4442 1829 4507 talia
1850 4463 1920 4508 con-

411 4547 498 4611 cedi.‘
522 4585 565 4593 -
590 4547 668 4611 Item
697 4546 868 4630 supplicat,
898 4552 1052 4628 quatenns
1081 4547 1133 4611 illi
1163 4548 1270 4612 comiti
1300 4548 1495 4626 concedatur,
1525 4551 1562 4610 ut
1593 4547 1727 4611 arissam
1756 4568 1862 4612 coram
1886 4569 1921 4612 se

404 4651 605 4734 santiliaquc
627 4673 688 4716 sua
711 4673 806 4735 supe-r
829 4651 929 4716 altari
946 4652 1096 4735 portatili
1117 4658 1192 4717 ante
1213 4653 1294 4716 iliam
1317 4652 1379 4734 lepi
1407 4657 1521 4732 facore
1538 4653 1652 4736 possit.
1692 4652 1778 4728 ,nae
1802 4655 1851 4717 R!
1879 4691 1916 4700 -

410 4760 491 4821 Item
525 4755 696 4840 supplicat,
730 4762 886 4839 qnatenus
919 4757 1063 4836 Henrico,
1095 4757 1232 4839 plebano
1266 4758 1301 4820 in
1334 4757 1445 4835 techa,
1480 4756 1518 4821 (le
1551 4757 1738 4822 canonicatu
1772 4757 1921 4823 ecclesiae

407 4861 680 4941 ‚techeburqensis
705 4861 961 4943 Mapnntinensis
984 4862 1125 4937 eliocesis,
1149 4863 1207 4925 snh
1237 4863 1450 4944 expectatione
1474 4862 1677 4946 praebendae
1701 4862 1920 4945 provideatur.

634 4968 720 5046 ,ttae
747 4969 783 5031 ll.
801 5018 808 5031 .
827 5018 833 5032 .
851 5018 883 5032 ..
908 4968 960 5042 ,D.
984 4965 1141 5030 Aninione
1164 4968 1218 5029 XI
1233 4966 1298 5031 hal.
1325 4966 1506 5031 Decembris
1530 4989 1559 5032 o.
1583 4967 1699 5031 tercio.‘

1316 5157 1478 5233 Aniniono,
1507 5161 1589 5222 1344
1612 5149 1798 5223 Nouembris
1820 5163 1873 5225 21.

513 5374 663 5428 Clementis
691 5373 728 5426 VI
756 5373 782 5426 S.
809 5374 879 5442 IIIl‘e
910 5375 948 5443 (ἵ)
976 5374 995 5427 s.
1023 5378 1063 5425 63.
1090 5404 1121 5410 -
1149 5377 1170 5436 Ιι)
1195 5372 1426 5439 ,Blankenborgh‘
1453 5374 1479 5425 S.
1512 5373 1536 5438 b)
1560 5373 1854 5439 ,Werderstedensom‘
1893 5373 1919 5426 S.

404 5471 437 5532 τ)
458 5460 683 5530 ,Sandrisbusen‘
702 5460 728 5513 S.
756 5459 780 5527 d)
799 5461 904 5526 ,Jocho‘
923 5461 950 5514 S.
977 5462 999 5526 θ’)
1018 5458 1128 5526 ,Berko‘
1148 5476 1216 5512 corr.
1237 5476 1271 5513 ex
1290 5460 1384 5526 ,Beko‘
1404 5460 1431 5512 S.
