5184 7050
1992 835 2056 907 613

546 1040 668 1104 1112.
689 1037 835 1102 Arnaldc
858 1038 896 1101 de
919 1039 1103 1103 Lacuaciaa
1123 1039 1309 1122 providetur
1332 1041 1369 1104 dc
1399 1041 1588 1105 canonicatu
1610 1042 1840 1125 ct'proebcada
1863 1045 1899 1108 ia
1924 1043 2052 1110 ccclesia

897 1143 1139 1208 l'ratislauicnsi
1162 1145 1359 1210 vocantibus.
1384 1147 1499 1210 Forma
1522 1149 1558 1209 at
1579 1148 1615 1211 ia
1636 1169 1666 1212 a.
1689 1151 1720 1212 4.

594 1388 599 1400 .
661 1278 703 1401 li.
1570 1319 1734 1394 Arianae,
1756 1323 1844 1385 1349
1865 1321 1959 1388 Junci
1986 1325 2012 1384 1.

654 1508 692 1581 D.
715 1506 736 1571 f.
761 1507 900 1571 Arnaldo
932 1507 970 1571 de
1003 1506 1151 1585 Consiua,
1183 1510 1332 1573 canonico
1356 1510 1623 1574 Wratislaoiensi,
1655 1530 1679 1574 s.
1713 1517 1771 1575 etc.
1808 1512 1967 1576 Honestas
1991 1531 2055 1576 mo-

544 1630 617 1674 rum
642 1660 649 1673 .
674 1662 680 1674 .
706 1661 746 1674 ..
785 1612 910 1676 Dudum
942 1612 1099 1692 siqnidem
1129 1630 1237 1676 omnes
1269 1615 1473 1677 canonicatus
1505 1620 1538 1678 et
1560 1615 1737 1696 prebendas
1768 1622 1938 1698 ceteraque
1961 1616 2056 1680 bene-

546 1714 621 1778 licia
643 1716 870 1790 ecclesiastica,
888 1720 962 1779 tunc
979 1716 1062 1796 apud
1086 1717 1192 1780 sedem
1216 1718 1423 1798 apostolicam
1444 1720 1596 1782 vacanoia
1612 1724 1645 1782 et
1659 1719 1691 1783 in
1706 1726 1870 1801 posterum
1890 1727 2055 1799 vacatura,

545 1820 713 1883 collacioni
738 1825 771 1883 et
794 1820 998 1901 disposicioni
1022 1827 1130 1884 nostre
1153 1821 1336 1903 specialiter
1358 1827 1569 1901 reservantes,
1587 1822 1783 1887 decrevimus
1800 1829 1914 1889 extunc
1930 1826 2054 1889 irritum

544 1929 582 1987 et
603 1924 706 2002 inane,
730 1926 757 1987 si
781 1943 872 1987 secus
896 1942 992 2005 super
1013 1925 1075 1988 lriis
1091 1945 1110 1988 a
1127 1944 1283 2007 quoquam
1300 1927 1412 2007 quavis
1428 1927 1618 1991 anctoritate
1634 1928 1773 1992 scienter
1795 1928 1846 1992 vel
1870 1927 2054 2010 ignoranter

546 2032 748 2110 contingeret
772 2029 965 2109 attemptari,
989 2048 1026 2092 ac
1050 2029 1166 2093 deinde
1189 2029 1419 2095 declaravimus
1449 2036 1556 2094 nostre
1580 2031 1679 2096 luisse
1706 2033 1894 2097 intencionis
1918 2038 1951 2096 ct
1973 2051 2054 2112 esse,

547 2151 659 2196 onmes
683 2134 862 2197 huiusmodi
887 2133 1090 2198 canonicatus
1106 2141 1138 2198 et
1158 2135 1336 2215 prebendas
1360 2141 1531 2216 ceteraque
1553 2136 1707 2201 beneficia
1730 2137 1956 2215 ecclesiastica,
1980 2156 2056 2219 quo-

544 2238 702 2319 quomodo
738 2237 901 2301 collacioni
935 2244 1043 2302 nostre
1077 2239 1268 2318 generaliter
1302 2240 1351 2303 vel
1387 2239 1571 2320 specialiter
1603 2247 1776 2318 reservata,
1812 2260 1873 2324 que
1906 2261 1965 2324 per
1996 2261 2054 2306 nos

545 2343 790 2424 quibuscunque
822 2343 965 2424 personis
996 2343 1133 2407 conferri
1163 2345 1370 2425 contingeret,
1402 2344 1429 2408 si
1460 2362 1613 2425 personas
1636 2345 1774 2424 easdem,
1806 2346 1920 2427 quibus
1943 2346 2054 2411 eadem

546 2447 705 2510 berrelicia
735 2448 963 2525 conferrentur,
995 2448 1179 2529 priusquam
1211 2447 1401 2511 collaciones
1433 2453 1540 2513 nostre
1573 2448 1752 2514 huiusmodi
1785 2450 1846 2515 sibi
1880 2449 1965 2515 facte
1998 2469 2056 2532 per·

545 2553 754 2633 adepcionem
772 2553 982 2634 possessionis
996 2551 1126 2633 pacifice
1142 2551 1368 2617 beneficiorum
1385 2554 1524 2633 ipsorum
1541 2572 1632 2617 suum
1648 2559 1756 2618 essent
1768 2555 1881 2620 sortite
1897 2553 2054 2633 eflectum,

544 2658 644 2720 rebus
668 2657 763 2721 enimi
787 2658 985 2738 contingeret
1007 2657 1046 2720 ab
1069 2655 1224 2734 humanis,
1249 2657 1349 2722 donee
1380 2675 1438 2737 per
1467 2676 1525 2722 nos
1557 2659 1596 2722 de
1625 2657 1690 2722 illis
1719 2659 1879 2739 provisum
1903 2659 2056 2724 existeret

543 2767 719 2841 nostreque
735 2763 932 2843 provisiones
948 2760 1129 2824 huiusmodi
1143 2779 1204 2842 per
1219 2761 1425 2842 adepcionem
1440 2761 1616 2843 predictam
1640 2762 1820 2827 huiusmodi
1844 2764 2054 2844 possessionis

545 2866 679 2948 pacifice
703 2866 831 2947 plenum
855 2873 962 2930 essent
985 2867 1098 2930 sortite
1122 2866 1279 2942 ellectum,
1296 2866 1355 2930 sub
1379 2871 1487 2930 nostra
1508 2867 1729 2931 reservacione
1751 2867 1931 2932 huiusmodi
1954 2886 2055 2932 rema-

544 2990 624 3035 nere
647 2956 747 3035 libere
771 2971 854 3035 sicut
876 2970 973 3052 prius.
1000 2970 1079 3034 Cum
1096 2970 1203 3051 itaque
1229 2971 1430 3055 postmodum
1453 2971 1656 3035 canonicatus
1679 2976 1712 3036 et
1735 2971 1896 3052 prebenda
1919 2971 2056 3037 ecclesie

543 3077 832 3154 Wratislaniensis,
857 3094 935 3157 quos
959 3077 1117 3157 quondam
1128 3075 1301 3139 Wsrnerus
1321 3075 1361 3138 de
1378 3075 1532 3153 Cbmelik,
1549 3076 1691 3141 eiusdem
1715 3075 1850 3141 ecclesie
1873 3076 2053 3154 canonicus,

543 3181 621 3244 dnm
645 3182 766 3244 viveret
789 3181 963 3257 obtinebat,
985 3199 1044 3261 per
1066 3180 1185 3244 obitum
1209 3179 1351 3243 eiusdem
1374 3180 1542 3258 Wernerii,
1558 3182 1611 3261 qui
1636 3181 1720 3262 apud
1744 3180 1853 3245 sedem
1875 3181 2054 3263 predictam

544 3285 630 3349 diem
667 3286 780 3349 clausit
814 3292 999 3363 extremum,
1035 3289 1110 3348 tunc
1143 3286 1228 3366 apud
1263 3284 1396 3348 eandem
1431 3284 1539 3349 sedem
1573 3287 1782 3363 vacavissent,
1816 3303 1872 3350 nos
1896 3285 2054 3367 qnondam

542 3390 659 3480 Pasok,
683 3395 757 3453 nato
782 3389 810 3453 d.
835 3389 856 3453 l.
880 3389 1013 3467 Nicolai,
1038 3390 1169 3471 palatini
1196 3388 1392 3468 Calisiensis,
1417 3391 1567 3454 canonico
1592 3389 1856 3468 Wratislauiensi,
1889 3390 1929 3454 de
1960 3390 2055 3455 dictis

543 3495 735 3558 canonicatu
767 3498 799 3558 et
830 3494 992 3575 prebenda
1021 3494 1067 3558 sic
1097 3494 1283 3559 vacantibus
1318 3493 1463 3559 duximus
1498 3494 1735 3576 providendum,
1771 3494 1916 3577 idemque
1950 3493 2054 3561 Pasolr

541 3599 662 3663 litteris
686 3599 869 3681 apostolicis
893 3618 989 3679 super·
1011 3599 1191 3663 huiusmodi
1215 3600 1393 3679 provisione
1424 3600 1587 3678 conlectis,
1619 3605 1788 3683 antequam
1821 3600 2054 3681 possessionem

543 3704 946 3767 eorundemcanonicatus
977 3708 1010 3767 et
1038 3704 1198 3784 prebende
1229 3703 1345 3768 fuisset
1377 3703 1522 3784 adeptus,
1553 3705 1637 3768 viam
1668 3703 1766 3768 fuerit
1797 3708 1887 3767 entra
1920 3702 2054 3766 eandem

543 3810 666 3873 curiam
690 3809 837 3872 universe
861 3809 965 3872 carnis
989 3809 1159 3889 ingressus
1184 3812 1217 3870 et
1239 3807 1411 3871 secundum
1434 3807 1589 3888 premissa
1613 3808 1817 3872 canonicatus
1840 3811 1873 3870 et
1888 3806 2052 3888 prebenda

542 3912 682 3994 predicti
706 3913 809 3977 adbuc
830 3932 945 3976 vacare
969 3916 1149 3989 noscantur,
1166 3911 1335 3992 nullusque
1352 3916 1459 3992 preter·
1477 3928 1535 3975 nos
1557 3911 1618 3975 lrac
1639 3911 1709 3975 vice
1732 3911 1772 3975 de
1795 3909 1858 3976 illis
1882 3911 2051 3992 disponere

542 4018 687 4099 potuerit
710 4036 812 4097 neque
837 4017 945 4095 prrssit,
973 4016 1203 4093 reservacicne,
1228 4015 1446 4079 declaracione
1477 4020 1510 4078 et
1540 4015 1677 4079 decretis
1708 4015 1935 4080 obsistentibus
1962 4020 2051 4079 ante-

546 4122 662 4186 dictis:
687 4141 744 4184 nos
768 4120 911 4184 volentes
935 4122 1003 4199 tibi,
1027 4121 1060 4184 in
1077 4120 1213 4202 l'ngaric
1230 4125 1262 4183 et
1278 4119 1407 4183 Polonie
1429 4120 1535 4202 regnis
1559 4120 1643 4183 dicte
1667 4119 1751 4182 sedis
1774 4122 1898 4198 nuncio,
1922 4120 2052 4201 premis·

542 4245 651 4289 sorum
676 4228 857 4289 meritorum
881 4232 1008 4289 tuorum
1031 4225 1148 4288 intuitu
1171 4224 1309 4305 graciam
1332 4224 1438 4289 facere
1469 4222 1648 4303 specialem,
1681 4224 1902 4288 canonicatum
1925 4228 1958 4287 et
1980 4214 2052 4305 pre-

542 4328 682 4392 bendanr
706 4328 865 4408 predictos
888 4330 935 4392 sic
958 4335 1108 4392 vacantes
1132 4346 1201 4391 cnm
1225 4327 1423 4407 plenitudine
1446 4327 1525 4391 iuris
1548 4326 1690 4391 canonici
1707 4345 1743 4391 ac
1760 4327 1904 4391 omnibus
1927 4326 2050 4391 iuribus

542 4438 577 4496 et
600 4432 807 4513 pertinenciis
831 4434 897 4495 suis
920 4432 1096 4512 apostolica
1117 4432 1176 4496 tibi
1193 4432 1385 4495 anctoritate
1410 4430 1599 4495 conferimus
1622 4436 1655 4495 et
1678 4429 1717 4494 de
1737 4430 1801 4494 illis
1824 4431 1923 4494 eciam
1947 4431 2051 4511 provi·¹

541 4536 655 4600 demus
681 4587 686 4598 .
712 4588 718 4600 .
744 4586 750 4598 .
777 4555 801 4612 .;
826 4536 1140 4600 nonobstantibus.
1166 4586 1173 4599 .
1198 4586 1205 4599 .
1230 4585 1236 4598 .
1269 4553 1326 4599 sen
1358 4535 1441 4617 quod
1472 4536 1505 4599 in
1529 4535 1733 4600 Cracouiensi
1758 4535 1845 4598 etin
1870 4534 2050 4599 Gneznensi

540 4660 580 4705 ac
595 4642 629 4703 in
644 4639 814 4717 Ticnlensi,
833 4640 1016 4705 Coloccnsis
1032 4640 1178 4716 ‹liecesis
1196 4641 1401 4704 canonicatus
1417 4644 1450 4703 et
1461 4640 1640 4721 prebendas
1656 4642 1689 4703 et
1701 4639 1732 4701 in
1745 4639 1830 4703 dicta
1847 4638 2054 4703 Craconiensi

540 4744 690 4811 ecclesiis
714 4745 909 4828 seolastrianr
941 4746 1081 4810 nosceris
1112 4745 1256 4813 obtinere
1282 4795 1288 4807 .
1314 4794 1321 4807 .
1347 4794 1353 4807 .
1379 4794 1385 4807 .
1418 4744 1455 4807 D.
1487 4744 1645 4807 Aninione
1680 4742 1741 4806 kal.
1764 4742 1853 4806 Junii
1878 4761 1906 4805 a.
1931 4749 2052 4808 octavo.

647 4851 685 4914 ln
708 4869 734 4912 c.
760 4870 798 4913 m.
824 4850 875 4913 dd.
899 4850 929 4913 ff.
948 4900 954 4912 .
976 4849 1162 4930 preposito
1186 4848 1330 4913 Aniensis
1354 4848 1675 4911 et..a1·clridiacono
1700 4846 1921 4911 Cracouiensis
1945 4848 2049 4913 eccle·

541 4956 666 5018 siarum
690 4973 727 5017 ac
752 5003 759 5017 .
784 5005 790 5016 .
816 4955 944 5017 ol'ticiali
969 4953 1173 5018 Craconiensi
1198 4972 1222 5017 s.
1247 4958 1307 5018 etc.
1334 5003 1340 5015 .
1365 5003 1371 5015 .
1397 5002 1404 5016 .
1430 5002 1436 5015 .
1464 4953 1500 5016 D.
1526 4956 1560 5014 nt
1583 4969 1608 5014 s.

650 5126 799 5196 Clementis
825 5142 862 5194 Vl
888 5145 920 5194 A.
945 5141 1039 5204 Vlllll
1061 5142 1133 5207 (108)
1159 5141 1176 5192 l.
1199 5146 1291 5192 11911.
1313 5146 1353 5206 ll,
1378 5139 1412 5192 de
1437 5138 1603 5207 praebendis
1628 5139 1788 5193 vacantibus
1813 5155 1857 5205 qu.
1879 5138 1984 5192 1:·V=.
2003 5144 2053 5195 {95

539 5230 559 5284 t‘.
582 5236 633 5283 170
651 5247 678 5282 n.
700 5235 740 5284 14.
760 5261 790 5269 -
810 5229 996 5297 Registratnm
1015 5229 1042 5281 in
1061 5229 1168 5298 ZVGA.
1186 5227 1343 5282 Schlesiens
1363 5225 1448 5293 XllV,
1468 5233 1526 5279 ⁶296.
