<?xml version="1.0" encoding="UTF-8"?>
<!DOCTYPE html PUBLIC "-//W3C//DTD XHTML 1.0 Transitional//EN"
    "http://www.w3.org/TR/xhtml1/DTD/xhtml1-transitional.dtd">
<html xmlns="http://www.w3.org/1999/xhtml" xml:lang="en" lang="en">
 <head>
  <title>
</title>
<meta http-equiv="Content-Type" content="text/html;charset=utf-8" />
  <meta name='ocr-system' content='tesseract 3.04.00' />
  <meta name='ocr-capabilities' content='ocr_page ocr_carea ocr_par ocr_line ocrx_word'/>
</head>
<body>
  <div class='ocr_page' id='page_1' title='image "./monumentavatica01vatigoog_0033.png"; bbox 0 0 5184 7050; ppageno 0'>
   <div class='ocr_carea' id='block_1_1' title="bbox 1908 838 1929 906">
    <p class='ocr_par' dir='ltr' id='par_1_1' title="bbox 1908 838 1929 906">
     <span class='ocr_line' id='line_1_1' title="bbox 1908 838 1929 906; baseline 0 0"><span class='ocrx_word' id='word_1_1' title='bbox 1908 838 1929 906; x_wconf 83' lang='lat'><strong>9</strong></span> 
     </span>
    </p>
   </div>
   <div class='ocr_carea' id='block_1_2' title="bbox 446 1048 1929 4543">
    <p class='ocr_par' dir='ltr' id='par_1_2' title="bbox 446 1048 1929 3517">
     <span class='ocr_line' id='line_1_2' title="bbox 448 1048 1927 1133; baseline 0.003 -20"><span class='ocrx_word' id='word_1_2' title='bbox 448 1055 535 1114; x_wconf 78' lang='lat' dir='ltr'><strong>cutura</strong></span> <span class='ocrx_word' id='word_1_3' title='bbox 555 1048 763 1130; x_wconf 91' lang='lat' dir='ltr'><strong>disposicioni</strong></span> <span class='ocrx_word' id='word_1_4' title='bbox 784 1068 842 1115; x_wconf 92' lang='lat' dir='ltr'><strong>sue</strong></span> <span class='ocrx_word' id='word_1_5' title='bbox 865 1051 1049 1133; x_wconf 80' lang='lat' dir='ltr'><strong>specialiter</strong></span> <span class='ocrx_word' id='word_1_6' title='bbox 1071 1051 1257 1127; x_wconf 79' lang='lat' dir='ltr'>reservavit,</span> <span class='ocrx_word' id='word_1_7' title='bbox 1282 1049 1480 1114; x_wconf 87' lang='lat' dir='ltr'><strong>decernendo</strong></span> <span class='ocrx_word' id='word_1_8' title='bbox 1503 1053 1619 1114; x_wconf 86' lang='lat' dir='ltr'><strong>extunc</strong></span> <span class='ocrx_word' id='word_1_9' title='bbox 1635 1050 1760 1115; x_wconf 90' lang='lat' dir='ltr'><strong>irritum</strong></span> <span class='ocrx_word' id='word_1_10' title='bbox 1775 1057 1807 1115; x_wconf 92' lang='lat' dir='ltr'><strong>et</strong></span> <span class='ocrx_word' id='word_1_11' title='bbox 1823 1052 1927 1129; x_wconf 88' lang='lat' dir='ltr'><strong>inane,</strong></span> 
     </span>
     <span class='ocr_line' id='line_1_3' title="bbox 446 1153 1926 1237; baseline 0.002 -20"><span class='ocrx_word' id='word_1_12' title='bbox 446 1155 466 1219; x_wconf 89' lang='lat' dir='ltr'><strong>si</strong></span> <span class='ocrx_word' id='word_1_13' title='bbox 490 1171 569 1217; x_wconf 88' lang='lat' dir='ltr'><strong>secus</strong></span> <span class='ocrx_word' id='word_1_14' title='bbox 603 1171 702 1234; x_wconf 89' lang='lat' dir='ltr'><strong>snper</strong></span> <span class='ocrx_word' id='word_1_15' title='bbox 734 1153 794 1218; x_wconf 93' lang='lat' dir='ltr'><strong>hoc</strong></span> <span class='ocrx_word' id='word_1_16' title='bbox 817 1174 837 1217; x_wconf 85' lang='lat' dir='ltr'><strong>a</strong></span> <span class='ocrx_word' id='word_1_17' title='bbox 859 1173 1018 1237; x_wconf 90' lang='lat' dir='ltr'><strong>quoquam</strong></span> <span class='ocrx_word' id='word_1_18' title='bbox 1049 1156 1164 1237; x_wconf 81' lang='lat' dir='ltr'><strong>quavis</strong></span> <span class='ocrx_word' id='word_1_19' title='bbox 1196 1155 1389 1219; x_wconf 88' lang='lat' dir='ltr'><strong>auctoritate</strong></span> <span class='ocrx_word' id='word_1_20' title='bbox 1413 1153 1551 1218; x_wconf 73' lang='lat' dir='ltr'><strong>scienter</strong></span> <span class='ocrx_word' id='word_1_21' title='bbox 1574 1154 1623 1217; x_wconf 83' lang='lat' dir='ltr'><strong>vel</strong></span> <span class='ocrx_word' id='word_1_22' title='bbox 1647 1154 1831 1236; x_wconf 91' lang='lat' dir='ltr'><strong>ignoranter</strong></span> <span class='ocrx_word' id='word_1_23' title='bbox 1853 1174 1926 1220; x_wconf 91' lang='lat' dir='ltr'><strong>con·</strong></span> 
     </span>
     <span class='ocr_line' id='line_1_4' title="bbox 446 1257 1925 1340; baseline 0.001 -18"><span class='ocrx_word' id='word_1_24' title='bbox 446 1259 554 1340; x_wconf 82' lang='lat' dir='ltr'><strong>lingeret</strong></span> <span class='ocrx_word' id='word_1_25' title='bbox 576 1258 774 1337; x_wconf 81' lang='lat' dir='ltr'><strong>attemptari,</strong></span> <span class='ocrx_word' id='word_1_26' title='bbox 791 1275 829 1321; x_wconf 91' lang='lat' dir='ltr'><strong>ac</strong></span> <span class='ocrx_word' id='word_1_27' title='bbox 844 1257 959 1322; x_wconf 89' lang='lat' dir='ltr'><strong>deiude</strong></span> <span class='ocrx_word' id='word_1_28' title='bbox 975 1257 1060 1322; x_wconf 91' lang='lat' dir='ltr'><strong>dicto</strong></span> <span class='ocrx_word' id='word_1_29' title='bbox 1075 1259 1312 1340; x_wconf 82' lang='lat' dir='ltr'><strong>predecessore,</strong></span> <span class='ocrx_word' id='word_1_30' title='bbox 1329 1258 1413 1321; x_wconf 89' lang='lat' dir='ltr'><strong>sieut</strong></span> <span class='ocrx_word' id='word_1_31' title='bbox 1429 1257 1552 1320; x_wconf 91' lang='lat' dir='ltr'><strong>domino</strong></span> <span class='ocrx_word' id='word_1_32' title='bbox 1572 1257 1705 1338; x_wconf 88' lang='lat' dir='ltr'><strong>placuit,</strong></span> <span class='ocrx_word' id='word_1_33' title='bbox 1722 1259 1762 1323; x_wconf 90' lang='lat' dir='ltr'><strong>ab</strong></span> <span class='ocrx_word' id='word_1_34' title='bbox 1778 1259 1839 1323; x_wconf 90' lang='lat' dir='ltr'><strong>hac</strong></span> <span class='ocrx_word' id='word_1_35' title='bbox 1853 1260 1925 1326; x_wconf 90' lang='lat' dir='ltr'><strong>luce</strong></span> 
     </span>
     <span class='ocr_line' id='line_1_5' title="bbox 448 1359 1929 1445; baseline 0.001 -20"><span class='ocrx_word' id='word_1_36' title='bbox 448 1362 589 1438; x_wconf 85' lang='lat' dir='ltr'><strong>subtracto,</strong></span> <span class='ocrx_word' id='word_1_37' title='bbox 613 1377 671 1423; x_wconf 91' lang='lat' dir='ltr'><strong>uos</strong></span> <span class='ocrx_word' id='word_1_38' title='bbox 694 1359 737 1423; x_wconf 91' lang='lat' dir='ltr'><strong>ad</strong></span> <span class='ocrx_word' id='word_1_39' title='bbox 760 1362 883 1443; x_wconf 88' lang='lat' dir='ltr'><strong>apicem</strong></span> <span class='ocrx_word' id='word_1_40' title='bbox 905 1362 1019 1425; x_wconf 87' lang='lat' dir='ltr'><strong>summi</strong></span> <span class='ocrx_word' id='word_1_41' title='bbox 1042 1363 1243 1444; x_wconf 91' lang='lat' dir='ltr'><strong>apostolatus</strong></span> <span class='ocrx_word' id='word_1_42' title='bbox 1266 1362 1432 1443; x_wconf 83' lang='lat' dir='ltr'><strong>assumpti,</strong></span> <span class='ocrx_word' id='word_1_43' title='bbox 1459 1378 1522 1422; x_wconf 89' lang='lat' dir='ltr'><strong>uno</strong></span> <span class='ocrx_word' id='word_1_44' title='bbox 1554 1378 1661 1424; x_wconf 90' lang='lat' dir='ltr'><strong>mense</strong></span> <span class='ocrx_word' id='word_1_45' title='bbox 1685 1380 1704 1424; x_wconf 92' lang='lat' dir='ltr'><strong>a</strong></span> <span class='ocrx_word' id='word_1_46' title='bbox 1728 1367 1835 1426; x_wconf 90' lang='lat' dir='ltr'><strong>nostre</strong></span> <span class='ocrx_word' id='word_1_47' title='bbox 1858 1382 1929 1445; x_wconf 90' lang='lat' dir='ltr'><strong>pro-</strong></span> 
     </span>
     <span class='ocr_line' id='line_1_6' title="bbox 448 1464 1929 1547; baseline 0.001 -18"><span class='ocrx_word' id='word_1_48' title='bbox 448 1465 567 1529; x_wconf 80' lang='lat' dir='ltr'><strong>motionis</strong></span> <span class='ocrx_word' id='word_1_49' title='bbox 589 1464 730 1529; x_wconf 85' lang='lat' dir='ltr'><strong>exordiis</strong></span> <span class='ocrx_word' id='word_1_50' title='bbox 752 1470 828 1529; x_wconf 92' lang='lat' dir='ltr'><strong>tuuc</strong></span> <span class='ocrx_word' id='word_1_51' title='bbox 850 1466 988 1530; x_wconf 90' lang='lat' dir='ltr'><strong>noudum</strong></span> <span class='ocrx_word' id='word_1_52' title='bbox 1011 1466 1131 1547; x_wconf 89' lang='lat' dir='ltr'><strong>elapso,</strong></span> <span class='ocrx_word' id='word_1_53' title='bbox 1150 1465 1333 1529; x_wconf 89' lang='lat' dir='ltr'><strong>huiusmodi</strong></span> <span class='ocrx_word' id='word_1_54' title='bbox 1352 1465 1539 1545; x_wconf 74' lang='lat' dir='ltr'><strong>dignitates</strong></span> <span class='ocrx_word' id='word_1_55' title='bbox 1556 1471 1746 1545; x_wconf 75' lang='lat' dir='ltr'><strong>personatus</strong></span> <span class='ocrx_word' id='word_1_56' title='bbox 1770 1471 1802 1530; x_wconf 90' lang='lat' dir='ltr'><strong>et</strong></span> <span class='ocrx_word' id='word_1_57' title='bbox 1825 1465 1929 1531; x_wconf 82' lang='lat' dir='ltr'><strong>officia</strong></span> 
     </span>
     <span class='ocr_line' id='line_1_7' title="bbox 449 1566 1928 1651; baseline 0.001 -20"><span class='ocrx_word' id='word_1_58' title='bbox 449 1574 586 1649; x_wconf 75' lang='lat' dir='ltr'><strong>caecaque</strong></span> <span class='ocrx_word' id='word_1_59' title='bbox 608 1566 765 1633; x_wconf 86' lang='lat' dir='ltr'><strong>beneficia</strong></span> <span class='ocrx_word' id='word_1_60' title='bbox 787 1569 1006 1634; x_wconf 88' lang='lat' dir='ltr'><strong>ecclesiastica</strong></span> <span class='ocrx_word' id='word_1_61' title='bbox 1029 1570 1172 1651; x_wconf 88' lang='lat' dir='ltr'><strong>predicto</strong></span> <span class='ocrx_word' id='word_1_62' title='bbox 1197 1570 1288 1633; x_wconf 92' lang='lat' dir='ltr'><strong>modo</strong></span> <span class='ocrx_word' id='word_1_63' title='bbox 1312 1570 1464 1632; x_wconf 85' lang='lat' dir='ltr'><strong>racancia</strong></span> <span class='ocrx_word' id='word_1_64' title='bbox 1489 1574 1521 1631; x_wconf 91' lang='lat' dir='ltr'><strong>et</strong></span> <span class='ocrx_word' id='word_1_65' title='bbox 1545 1569 1751 1649; x_wconf 86' lang='lat' dir='ltr'><strong>imposterum</strong></span> <span class='ocrx_word' id='word_1_66' title='bbox 1773 1575 1928 1633; x_wconf 84' lang='lat' dir='ltr'><strong>vacatura</strong></span> 
     </span>
     <span class='ocr_line' id='line_1_8' title="bbox 450 1660 1927 1755; baseline 0.001 -20"><span class='ocrx_word' id='word_1_67' title='bbox 450 1689 500 1735; x_wconf 85' lang='lat' dir='ltr'><strong>ann</strong></span> <span class='ocrx_word' id='word_1_68' title='bbox 517 1672 622 1736; x_wconf 88' lang='lat' dir='ltr'><strong>similis</strong></span> <span class='ocrx_word' id='word_1_69' title='bbox 646 1660 893 1752; x_wconf 69' lang='lat' dir='ltr'><strong>interpositione</strong></span> <span class='ocrx_word' id='word_1_70' title='bbox 917 1673 1037 1737; x_wconf 87' lang='lat' dir='ltr'><strong>decreti</strong></span> <span class='ocrx_word' id='word_1_71' title='bbox 1060 1673 1264 1755; x_wconf 87' lang='lat' dir='ltr'><strong>disposicioni</strong></span> <span class='ocrx_word' id='word_1_72' title='bbox 1288 1678 1396 1736; x_wconf 89' lang='lat' dir='ltr'><strong>nostre</strong></span> <span class='ocrx_word' id='word_1_73' title='bbox 1431 1672 1615 1753; x_wconf 84' lang='lat' dir='ltr'><strong>specialiter</strong></span> <span class='ocrx_word' id='word_1_74' title='bbox 1647 1670 1794 1736; x_wconf 91' lang='lat' dir='ltr'><strong>duximus</strong></span> <span class='ocrx_word' id='word_1_75' title='bbox 1825 1691 1927 1736; x_wconf 88' lang='lat' dir='ltr'><strong>reser-</strong></span> 
     </span>
     <span class='ocr_line' id='line_1_9' title="bbox 451 1775 1925 1857; baseline 0.003 -22"><span class='ocrx_word' id='word_1_76' title='bbox 451 1776 537 1852; x_wconf 77' lang='lat' dir='ltr'><strong>rmda,</strong></span> <span class='ocrx_word' id='word_1_77' title='bbox 558 1794 594 1839; x_wconf 88' lang='lat' dir='ltr'><strong>ac</strong></span> <span class='ocrx_word' id='word_1_78' title='bbox 625 1775 770 1839; x_wconf 85' lang='lat' dir='ltr'><strong>volentes</strong></span> <span class='ocrx_word' id='word_1_79' title='bbox 804 1777 1029 1857; x_wconf 89' lang='lat' dir='ltr'><strong>premissorum</strong></span> <span class='ocrx_word' id='word_1_80' title='bbox 1059 1784 1185 1841; x_wconf 91' lang='lat' dir='ltr'><strong>tuorum</strong></span> <span class='ocrx_word' id='word_1_81' title='bbox 1215 1777 1400 1839; x_wconf 89' lang='lat' dir='ltr'><strong>meritorum</strong></span> <span class='ocrx_word' id='word_1_82' title='bbox 1434 1776 1566 1840; x_wconf 91' lang='lat' dir='ltr'><strong>obtentu</strong></span> <span class='ocrx_word' id='word_1_83' title='bbox 1589 1793 1758 1857; x_wconf 89' lang='lat' dir='ltr'><strong>personam</strong></span> <span class='ocrx_word' id='word_1_84' title='bbox 1780 1781 1869 1839; x_wconf 91' lang='lat' dir='ltr'><strong>tuam</strong></span> <span class='ocrx_word' id='word_1_85' title='bbox 1892 1777 1925 1840; x_wconf 91' lang='lat' dir='ltr'><strong>iu</strong></span> 
     </span>
     <span class='ocr_line' id='line_1_10' title="bbox 451 1876 1928 1963; baseline 0.003 -24"><span class='ocrx_word' id='word_1_86' title='bbox 451 1876 515 1940; x_wconf 87' lang='lat' dir='ltr'><strong>dicta</strong></span> <span class='ocrx_word' id='word_1_87' title='bbox 535 1878 683 1960; x_wconf 87' lang='lat' dir='ltr'><strong>Prageusi</strong></span> <span class='ocrx_word' id='word_1_88' title='bbox 706 1879 852 1957; x_wconf 89' lang='lat' dir='ltr'><strong>ecclesia,</strong></span> <span class='ocrx_word' id='word_1_89' title='bbox 877 1882 967 1945; x_wconf 88' lang='lat' dir='ltr'><strong>cuius</strong></span> <span class='ocrx_word' id='word_1_90' title='bbox 991 1881 1103 1946; x_wconf 85' lang='lat' dir='ltr'><strong>existis</strong></span> <span class='ocrx_word' id='word_1_91' title='bbox 1127 1881 1308 1958; x_wconf 86' lang='lat' dir='ltr'><strong>carronicus,</strong></span> <span class='ocrx_word' id='word_1_92' title='bbox 1326 1879 1462 1960; x_wconf 90' lang='lat' dir='ltr'><strong>amplius</strong></span> <span class='ocrx_word' id='word_1_93' title='bbox 1478 1879 1633 1943; x_wconf 90' lang='lat' dir='ltr'><strong>honorare</strong></span> <span class='ocrx_word' id='word_1_94' title='bbox 1648 1881 1771 1963; x_wconf 91' lang='lat' dir='ltr'><strong>tibique</strong></span> <span class='ocrx_word' id='word_1_95' title='bbox 1787 1881 1928 1962; x_wconf 78' lang='lat' dir='ltr'><strong>graciam</strong></span> 
     </span>
     <span class='ocr_line' id='line_1_11' title="bbox 450 1979 1928 2065; baseline 0.004 -22"><span class='ocrx_word' id='word_1_96' title='bbox 450 1979 530 2046; x_wconf 86' lang='lat' dir='ltr'><strong>lacere</strong></span> <span class='ocrx_word' id='word_1_97' title='bbox 559 1982 739 2065; x_wconf 86' lang='lat' dir='ltr'><strong>specialem,</strong></span> <span class='ocrx_word' id='word_1_98' title='bbox 773 1984 952 2065; x_wconf 89' lang='lat' dir='ltr'><strong>predictam</strong></span> <span class='ocrx_word' id='word_1_99' title='bbox 988 1986 1164 2049; x_wconf 90' lang='lat' dir='ltr'><strong>custodiam</strong></span> <span class='ocrx_word' id='word_1_100' title='bbox 1199 1985 1244 2048; x_wconf 88' lang='lat' dir='ltr'><strong>sic</strong></span> <span class='ocrx_word' id='word_1_101' title='bbox 1278 1990 1444 2047; x_wconf 82' lang='lat' dir='ltr'><strong>vacantem</strong></span> <span class='ocrx_word' id='word_1_102' title='bbox 1480 2002 1549 2048; x_wconf 93' lang='lat' dir='ltr'><strong>cum</strong></span> <span class='ocrx_word' id='word_1_103' title='bbox 1582 1985 1727 2048; x_wconf 90' lang='lat' dir='ltr'><strong>omnibns</strong></span> <span class='ocrx_word' id='word_1_104' title='bbox 1750 1985 1872 2049; x_wconf 89' lang='lat' dir='ltr'><strong>iuribus</strong></span> <span class='ocrx_word' id='word_1_105' title='bbox 1896 1990 1928 2049; x_wconf 91' lang='lat' dir='ltr'><strong>ct</strong></span> 
     </span>
     <span class='ocr_line' id='line_1_12' title="bbox 451 2085 1927 2168; baseline 0.003 -21"><span class='ocrx_word' id='word_1_106' title='bbox 451 2085 622 2163; x_wconf 84' lang='lat' dir='ltr'><strong>pertinenciis</strong></span> <span class='ocrx_word' id='word_1_107' title='bbox 657 2088 725 2150; x_wconf 92' lang='lat' dir='ltr'><strong>suis</strong></span> <span class='ocrx_word' id='word_1_108' title='bbox 759 2087 935 2168; x_wconf 89' lang='lat' dir='ltr'><strong>apostolica</strong></span> <span class='ocrx_word' id='word_1_109' title='bbox 968 2088 1026 2152; x_wconf 91' lang='lat' dir='ltr'><strong>tibi</strong></span> <span class='ocrx_word' id='word_1_110' title='bbox 1062 2088 1255 2152; x_wconf 88' lang='lat' dir='ltr'><strong>auctoritate</strong></span> <span class='ocrx_word' id='word_1_111' title='bbox 1289 2086 1479 2153; x_wconf 87' lang='lat' dir='ltr'><strong>conferimus</strong></span> <span class='ocrx_word' id='word_1_112' title='bbox 1511 2093 1543 2151; x_wconf 92' lang='lat' dir='ltr'><strong>et</strong></span> <span class='ocrx_word' id='word_1_113' title='bbox 1573 2088 1776 2168; x_wconf 86' lang='lat' dir='ltr'><strong>providemus</strong></span> <span class='ocrx_word' id='word_1_114' title='bbox 1799 2088 1839 2151; x_wconf 92' lang='lat' dir='ltr'><strong>de</strong></span> <span class='ocrx_word' id='word_1_115' title='bbox 1861 2089 1927 2165; x_wconf 89' lang='lat' dir='ltr'><strong>illa,</strong></span> 
     </span>
     <span class='ocr_line' id='line_1_13' title="bbox 452 2186 1927 2273; baseline 0.003 -27"><span class='ocrx_word' id='word_1_116' title='bbox 452 2186 576 2265; x_wconf 74' lang='lat' dir='ltr'><strong>[clancula</strong></span> <span class='ocrx_word' id='word_1_117' title='bbox 608 2194 748 2261; x_wconf 76' lang='lat' dir='ltr'><strong>,decreti‘</strong></span> <span class='ocrx_word' id='word_1_118' title='bbox 772 2199 804 2250; x_wconf 82' lang='lat' dir='ltr'><strong>ut</strong></span> <span class='ocrx_word' id='word_1_119' title='bbox 830 2197 861 2251; x_wconf 83' lang='lat' dir='ltr'><strong>ia</strong></span> <span class='ocrx_word' id='word_1_120' title='bbox 887 2216 916 2252; x_wconf 87' lang='lat' dir='ltr'><strong>n.</strong></span> <span class='ocrx_word' id='word_1_121' title='bbox 942 2194 1006 2273; x_wconf 76' lang='lat'><strong>6.];</strong></span> <span class='ocrx_word' id='word_1_122' title='bbox 1028 2194 1117 2272; x_wconf 65' lang='lat' dir='ltr'><strong>[moa</strong></span> <span class='ocrx_word' id='word_1_123' title='bbox 1152 2198 1344 2253; x_wconf 78' lang='lat' dir='ltr'><strong>obstantibus</strong></span> <span class='ocrx_word' id='word_1_124' title='bbox 1378 2198 1617 2270; x_wconf 69' lang='lat' dir='ltr'><strong>politioremque</strong></span> <span class='ocrx_word' id='word_1_125' title='bbox 1638 2198 1767 2252; x_wconf 80' lang='lat' dir='ltr'><strong>statutis</strong></span> <span class='ocrx_word' id='word_1_126' title='bbox 1801 2198 1827 2251; x_wconf 89' lang='lat' dir='ltr'><strong>et</strong></span> <span class='ocrx_word' id='word_1_127' title='bbox 1859 2213 1927 2252; x_wconf 83' lang='lat' dir='ltr'><strong>coa·</strong></span> 
     </span>
     <span class='ocr_line' id='line_1_14' title="bbox 452 2294 1928 2377; baseline 0.009 -30"><span class='ocrx_word' id='word_1_128' title='bbox 452 2296 633 2354; x_wconf 76' lang='lat' dir='ltr'><strong>andadiaibne</strong></span> <span class='ocrx_word' id='word_1_129' title='bbox 657 2302 838 2367; x_wconf 67' lang='lat' dir='ltr'><strong>—onencio</strong></span> <span class='ocrx_word' id='word_1_130' title='bbox 860 2301 1017 2373; x_wconf 81' lang='lat' dir='ltr'><strong>speriolr‘a‘</strong></span> <span class='ocrx_word' id='word_1_131' title='bbox 1041 2304 1074 2355; x_wconf 86' lang='lat' dir='ltr'><strong>ut</strong></span> <span class='ocrx_word' id='word_1_132' title='bbox 1099 2301 1130 2354; x_wconf 83' lang='lat' dir='ltr'><strong>in</strong></span> <span class='ocrx_word' id='word_1_133' title='bbox 1155 2319 1184 2354; x_wconf 86' lang='lat' dir='ltr'><strong>n.</strong></span> <span class='ocrx_word' id='word_1_134' title='bbox 1211 2299 1249 2367; x_wconf 76' lang='lat' dir='ltr'><strong>a,</strong></span> <span class='ocrx_word' id='word_1_135' title='bbox 1273 2302 1404 2355; x_wconf 74' lang='lat' dir='ltr'><strong>arridetis</strong></span> <span class='ocrx_word' id='word_1_136' title='bbox 1427 2298 1619 2377; x_wconf 71' lang='lat' dir='ltr'><strong>mainadis]</strong></span> <span class='ocrx_word' id='word_1_137' title='bbox 1642 2301 1698 2360; x_wconf 75' lang='lat' dir='ltr'><strong>alli</strong></span> <span class='ocrx_word' id='word_1_138' title='bbox 1729 2294 1813 2377; x_wconf 85' lang='lat' dir='ltr'><strong>quod</strong></span> <span class='ocrx_word' id='word_1_139' title='bbox 1845 2295 1928 2360; x_wconf 81' lang='lat' dir='ltr'><strong>Sicut</strong></span> 
     </span>
     <span class='ocr_line' id='line_1_15' title="bbox 453 2396 1928 2481; baseline 0.004 -25"><span class='ocrx_word' id='word_1_140' title='bbox 453 2396 544 2458; x_wconf 78' lang='lat' dir='ltr'><strong>essens</strong></span> <span class='ocrx_word' id='word_1_141' title='bbox 561 2396 705 2477; x_wconf 87' lang='lat' dir='ltr'><strong>prefatus</strong></span> <span class='ocrx_word' id='word_1_142' title='bbox 729 2400 898 2479; x_wconf 91' lang='lat' dir='ltr'><strong>episcopus</strong></span> <span class='ocrx_word' id='word_1_143' title='bbox 914 2399 1084 2481; x_wconf 86' lang='lat' dir='ltr'><strong>Pragensis</strong></span> <span class='ocrx_word' id='word_1_144' title='bbox 1103 2399 1220 2463; x_wconf 89' lang='lat' dir='ltr'><strong>dictam</strong></span> <span class='ocrx_word' id='word_1_145' title='bbox 1237 2399 1414 2463; x_wconf 80' lang='lat' dir='ltr'><strong>custodiam</strong></span> <span class='ocrx_word' id='word_1_146' title='bbox 1435 2400 1560 2463; x_wconf 89' lang='lat' dir='ltr'><strong>cuidam</strong></span> <span class='ocrx_word' id='word_1_147' title='bbox 1582 2399 1726 2463; x_wconf 83' lang='lat' dir='ltr'><strong>Felklino</strong></span> <span class='ocrx_word' id='word_1_148' title='bbox 1751 2400 1791 2462; x_wconf 92' lang='lat' dir='ltr'><strong>de</strong></span> <span class='ocrx_word' id='word_1_149' title='bbox 1813 2399 1928 2481; x_wconf 89' lang='lat' dir='ltr'><strong>Praga,</strong></span> 
     </span>
     <span class='ocr_line' id='line_1_16' title="bbox 452 2502 1926 2584; baseline 0.005 -25"><span class='ocrx_word' id='word_1_150' title='bbox 452 2502 614 2576; x_wconf 85' lang='lat' dir='ltr'><strong>procuratori</strong></span> <span class='ocrx_word' id='word_1_151' title='bbox 638 2520 706 2581; x_wconf 91' lang='lat' dir='ltr'><strong>suo,</strong></span> <span class='ocrx_word' id='word_1_152' title='bbox 726 2503 766 2567; x_wconf 93' lang='lat' dir='ltr'><strong>de</strong></span> <span class='ocrx_word' id='word_1_153' title='bbox 788 2502 873 2567; x_wconf 83' lang='lat' dir='ltr'><strong>facto</strong></span> <span class='ocrx_word' id='word_1_154' title='bbox 890 2503 1034 2580; x_wconf 92' lang='lat' dir='ltr'><strong>contulit,</strong></span> <span class='ocrx_word' id='word_1_155' title='bbox 1051 2504 1104 2584; x_wconf 92' lang='lat' dir='ltr'><strong>qui</strong></span> <span class='ocrx_word' id='word_1_156' title='bbox 1129 2522 1199 2565; x_wconf 90' lang='lat' dir='ltr'><strong>earn</strong></span> <span class='ocrx_word' id='word_1_157' title='bbox 1222 2507 1372 2581; x_wconf 91' lang='lat' dir='ltr'><strong>pretextu</strong></span> <span class='ocrx_word' id='word_1_158' title='bbox 1396 2503 1578 2566; x_wconf 76' lang='lat' dir='ltr'><strong>collusionis</strong></span> <span class='ocrx_word' id='word_1_159' title='bbox 1601 2503 1782 2567; x_wconf 90' lang='lat' dir='ltr'><strong>huiusmodi</strong></span> <span class='ocrx_word' id='word_1_160' title='bbox 1804 2509 1926 2567; x_wconf 91' lang='lat' dir='ltr'><strong>temere</strong></span> 
     </span>
     <span class='ocr_line' id='line_1_17' title="bbox 455 2599 1927 2688; baseline 0.006 -26"><span class='ocrx_word' id='word_1_161' title='bbox 455 2599 544 2667; x_wconf 88' lang='lat' dir='ltr'><strong>dicitur</strong></span> <span class='ocrx_word' id='word_1_162' title='bbox 555 2623 737 2687; x_wconf 85' lang='lat' dir='ltr'><strong>occupasse,</strong></span> <span class='ocrx_word' id='word_1_163' title='bbox 771 2607 850 2686; x_wconf 60' lang='lat' dir='ltr'><strong>[aaa</strong></span> <span class='ocrx_word' id='word_1_164' title='bbox 885 2613 916 2666; x_wconf 71' lang='lat' dir='ltr'><strong>aa·</strong></span> <span class='ocrx_word' id='word_1_165' title='bbox 943 2627 1074 2683; x_wconf 75' lang='lat' dir='ltr'><strong>presens</strong></span> <span class='ocrx_word' id='word_1_166' title='bbox 1097 2643 1137 2651; x_wconf 91' lang='lat'>—</span> <span class='ocrx_word' id='word_1_167' title='bbox 1158 2613 1291 2682; x_wconf 76' lang='lat' dir='ltr'><strong>preeles‘</strong></span> <span class='ocrx_word' id='word_1_168' title='bbox 1316 2614 1349 2664; x_wconf 80' lang='lat' dir='ltr'><strong>ut</strong></span> <span class='ocrx_word' id='word_1_169' title='bbox 1373 2613 1405 2666; x_wconf 77' lang='lat' dir='ltr'><strong>in</strong></span> <span class='ocrx_word' id='word_1_170' title='bbox 1431 2630 1460 2667; x_wconf 74' lang='lat' dir='ltr'><strong>a.</strong></span> <span class='ocrx_word' id='word_1_171' title='bbox 1494 2608 1540 2687; x_wconf 87' lang='lat'><strong>6.]</strong></span> <span class='ocrx_word' id='word_1_172' title='bbox 1570 2612 1626 2671; x_wconf 85' lang='lat' dir='ltr'><strong>aut</strong></span> <span class='ocrx_word' id='word_1_173' title='bbox 1655 2606 1739 2688; x_wconf 91' lang='lat' dir='ltr'><strong>quod</strong></span> <span class='ocrx_word' id='word_1_174' title='bbox 1773 2607 1805 2670; x_wconf 94' lang='lat' dir='ltr'><strong>in</strong></span> <span class='ocrx_word' id='word_1_175' title='bbox 1840 2606 1927 2671; x_wconf 92' lang='lat' dir='ltr'><strong>dicta</strong></span> 
     </span>
     <span class='ocr_line' id='line_1_18' title="bbox 453 2702 1927 2801; baseline 0.005 -35"><span class='ocrx_word' id='word_1_176' title='bbox 453 2702 572 2786; x_wconf 84' lang='lat' dir='ltr'><strong>Prageusi</strong></span> <span class='ocrx_word' id='word_1_177' title='bbox 594 2714 627 2774; x_wconf 88' lang='lat' dir='ltr'><strong>et</strong></span> <span class='ocrx_word' id='word_1_178' title='bbox 650 2709 915 2792; x_wconf 78' lang='lat' dir='ltr'><strong>wissegradensi,</strong></span> <span class='ocrx_word' id='word_1_179' title='bbox 939 2709 1110 2792; x_wconf 91' lang='lat' dir='ltr'><strong>Prageusis</strong></span> <span class='ocrx_word' id='word_1_180' title='bbox 1134 2710 1281 2787; x_wconf 79' lang='lat' dir='ltr'><strong>diocesia,</strong></span> <span class='ocrx_word' id='word_1_181' title='bbox 1314 2711 1524 2775; x_wconf 89' lang='lat' dir='ltr'><strong>canonicatus</strong></span> <span class='ocrx_word' id='word_1_182' title='bbox 1554 2715 1586 2774; x_wconf 91' lang='lat' dir='ltr'><strong>et</strong></span> <span class='ocrx_word' id='word_1_183' title='bbox 1620 2711 1799 2801; x_wconf 84' lang='lat' dir='ltr'><strong>prebendas</strong></span> <span class='ocrx_word' id='word_1_184' title='bbox 1834 2730 1871 2776; x_wconf 92' lang='lat' dir='ltr'><strong>ac</strong></span> <span class='ocrx_word' id='word_1_185' title='bbox 1895 2712 1927 2775; x_wconf 89' lang='lat' dir='ltr'><strong>in</strong></span> 
     </span>
     <span class='ocr_line' id='line_1_19' title="bbox 454 2807 1928 2896; baseline 0.005 -28"><span class='ocrx_word' id='word_1_186' title='bbox 454 2807 545 2875; x_wconf 83' lang='lat' dir='ltr'><strong>eisdem</strong></span> <span class='ocrx_word' id='word_1_187' title='bbox 571 2814 723 2896; x_wconf 86' lang='lat' dir='ltr'><strong>Pragensi</strong></span> <span class='ocrx_word' id='word_1_188' title='bbox 755 2812 913 2896; x_wconf 90' lang='lat' dir='ltr'><strong>quoddam</strong></span> <span class='ocrx_word' id='word_1_189' title='bbox 947 2812 1081 2894; x_wconf 82' lang='lat' dir='ltr'><strong>simplex</strong></span> <span class='ocrx_word' id='word_1_190' title='bbox 1110 2810 1308 2890; x_wconf 87' lang='lat' dir='ltr'><strong>beneficium,</strong></span> <span class='ocrx_word' id='word_1_191' title='bbox 1340 2812 1559 2878; x_wconf 88' lang='lat' dir='ltr'><strong>obedienciam</strong></span> <span class='ocrx_word' id='word_1_192' title='bbox 1582 2813 1615 2877; x_wconf 92' lang='lat' dir='ltr'><strong>iu</strong></span> <span class='ocrx_word' id='word_1_193' title='bbox 1637 2812 1825 2895; x_wconf 67' lang='lat' dir='ltr'><strong>Radoues2)</strong></span> <span class='ocrx_word' id='word_1_194' title='bbox 1848 2832 1928 2878; x_wconf 92' lang='lat' dir='ltr'><strong>nun·</strong></span> 
     </span>
     <span class='ocr_line' id='line_1_20' title="bbox 454 2916 1925 2999; baseline 0.004 -24"><span class='ocrx_word' id='word_1_195' title='bbox 454 2921 580 2993; x_wconf 79' lang='lat' dir='ltr'><strong>mpetum,</strong></span> <span class='ocrx_word' id='word_1_196' title='bbox 596 2925 628 2981; x_wconf 91' lang='lat' dir='ltr'><strong>et</strong></span> <span class='ocrx_word' id='word_1_197' title='bbox 644 2917 900 2999; x_wconf 76' lang='lat' dir='ltr'><strong>wissegradensi</strong></span> <span class='ocrx_word' id='word_1_198' title='bbox 924 2917 1068 2981; x_wconf 88' lang='lat' dir='ltr'><strong>ecclesiis</strong></span> <span class='ocrx_word' id='word_1_199' title='bbox 1084 2916 1284 2981; x_wconf 88' lang='lat' dir='ltr'><strong>scolastriam</strong></span> <span class='ocrx_word' id='word_1_200' title='bbox 1301 2917 1442 2980; x_wconf 91' lang='lat' dir='ltr'><strong>nosceris</strong></span> <span class='ocrx_word' id='word_1_201' title='bbox 1462 2917 1613 2980; x_wconf 90' lang='lat' dir='ltr'><strong>obtinere.</strong></span> <span class='ocrx_word' id='word_1_202' title='bbox 1639 2917 1792 2982; x_wconf 91' lang='lat' dir='ltr'><strong>Volumus</strong></span> <span class='ocrx_word' id='word_1_203' title='bbox 1808 2923 1925 2994; x_wconf 88' lang='lat' dir='ltr'><strong>autem,</strong></span> 
     </span>
     <span class='ocr_line' id='line_1_21' title="bbox 453 3016 1928 3104; baseline 0.007 -30"><span class='ocrx_word' id='word_1_204' title='bbox 453 3016 524 3094; x_wconf 70' lang='lat' dir='ltr'><strong>quid,</strong></span> <span class='ocrx_word' id='word_1_205' title='bbox 541 3022 767 3102; x_wconf 81' lang='lat' dir='ltr'><strong>quamprimum</strong></span> <span class='ocrx_word' id='word_1_206' title='bbox 790 3023 897 3103; x_wconf 75' lang='lat' dir='ltr'><strong>vigore</strong></span> <span class='ocrx_word' id='word_1_207' title='bbox 921 3022 1081 3101; x_wconf 87' lang='lat' dir='ltr'><strong>presentis</strong></span> <span class='ocrx_word' id='word_1_208' title='bbox 1103 3022 1211 3101; x_wconf 87' lang='lat' dir='ltr'><strong>gracie</strong></span> <span class='ocrx_word' id='word_1_209' title='bbox 1231 3021 1315 3084; x_wconf 87' lang='lat' dir='ltr'><strong>dicte</strong></span> <span class='ocrx_word' id='word_1_210' title='bbox 1339 3021 1483 3085; x_wconf 87' lang='lat' dir='ltr'><strong>custodie</strong></span> <span class='ocrx_word' id='word_1_211' title='bbox 1506 3022 1739 3101; x_wconf 87' lang='lat' dir='ltr'><strong>possessionem</strong></span> <span class='ocrx_word' id='word_1_212' title='bbox 1763 3018 1928 3104; x_wconf 85' lang='lat' dir='ltr'><strong>pacificam</strong></span> 
     </span>
     <span class='ocr_line' id='line_1_22' title="bbox 454 3115 1927 3207; baseline 0.008 -30"><span class='ocrx_word' id='word_1_213' title='bbox 454 3115 528 3183; x_wconf 81' lang='lat' dir='ltr'><strong>tuens</strong></span> <span class='ocrx_word' id='word_1_214' title='bbox 554 3131 729 3203; x_wconf 89' lang='lat' dir='ltr'><strong>assecutus,</strong></span> <span class='ocrx_word' id='word_1_215' title='bbox 754 3126 872 3189; x_wconf 90' lang='lat' dir='ltr'><strong>dictum</strong></span> <span class='ocrx_word' id='word_1_216' title='bbox 903 3124 1101 3202; x_wconf 85' lang='lat' dir='ltr'><strong>beneficium,</strong></span> <span class='ocrx_word' id='word_1_217' title='bbox 1124 3125 1209 3206; x_wconf 90' lang='lat' dir='ltr'><strong>quod</strong></span> <span class='ocrx_word' id='word_1_218' title='bbox 1243 3130 1278 3187; x_wconf 92' lang='lat' dir='ltr'><strong>ut</strong></span> <span class='ocrx_word' id='word_1_219' title='bbox 1300 3125 1461 3205; x_wconf 83' lang='lat' dir='ltr'><strong>prefertur</strong></span> <span class='ocrx_word' id='word_1_220' title='bbox 1484 3125 1608 3190; x_wconf 87' lang='lat' dir='ltr'><strong>obtines</strong></span> <span class='ocrx_word' id='word_1_221' title='bbox 1631 3124 1778 3207; x_wconf 90' lang='lat' dir='ltr'><strong>quodque</strong></span> <span class='ocrx_word' id='word_1_222' title='bbox 1812 3133 1927 3190; x_wconf 87' lang='lat' dir='ltr'><strong>extunc</strong></span> 
     </span>
     <span class='ocr_line' id='line_1_23' title="bbox 453 3227 1926 3310; baseline 0.011 -32"><span class='ocrx_word' id='word_1_223' title='bbox 453 3237 540 3289; x_wconf 78' lang='lat' dir='ltr'><strong>cacare</strong></span> <span class='ocrx_word' id='word_1_224' title='bbox 559 3227 766 3306; x_wconf 90' lang='lat' dir='ltr'><strong>decernimus,</strong></span> <span class='ocrx_word' id='word_1_225' title='bbox 789 3235 884 3310; x_wconf 91' lang='lat' dir='ltr'><strong>prout</strong></span> <span class='ocrx_word' id='word_1_226' title='bbox 908 3229 949 3292; x_wconf 90' lang='lat' dir='ltr'><strong>ad</strong></span> <span class='ocrx_word' id='word_1_227' title='bbox 972 3229 1004 3293; x_wconf 92' lang='lat' dir='ltr'><strong>id</strong></span> <span class='ocrx_word' id='word_1_228' title='bbox 1026 3234 1060 3293; x_wconf 89' lang='lat' dir='ltr'><strong>te</strong></span> <span class='ocrx_word' id='word_1_229' title='bbox 1083 3234 1196 3310; x_wconf 88' lang='lat' dir='ltr'><strong>sponte</strong></span> <span class='ocrx_word' id='word_1_230' title='bbox 1219 3228 1374 3306; x_wconf 88' lang='lat' dir='ltr'><strong>obtulisti,</strong></span> <span class='ocrx_word' id='word_1_231' title='bbox 1394 3229 1555 3293; x_wconf 89' lang='lat' dir='ltr'><strong>dimittere</strong></span> <span class='ocrx_word' id='word_1_232' title='bbox 1578 3230 1728 3293; x_wconf 88' lang='lat' dir='ltr'><strong>tenearis.</strong></span> <span class='ocrx_word' id='word_1_233' title='bbox 1751 3236 1832 3294; x_wconf 90' lang='lat' dir='ltr'><strong>Nulli</strong></span> <span class='ocrx_word' id='word_1_234' title='bbox 1856 3251 1926 3309; x_wconf 86' lang='lat' dir='ltr'><strong>ergo</strong></span> 
     </span>
     <span class='ocr_line' id='line_1_24' title="bbox 453 3332 1926 3414; baseline 0.01 -31"><span class='ocrx_word' id='word_1_235' title='bbox 453 3334 498 3387; x_wconf 86' lang='lat' dir='ltr'><strong>etc.</strong></span> <span class='ocrx_word' id='word_1_236' title='bbox 515 3345 599 3396; x_wconf 87' lang='lat' dir='ltr'><strong>nostre</strong></span> <span class='ocrx_word' id='word_1_237' title='bbox 623 3339 803 3413; x_wconf 75' lang='lat' dir='ltr'><strong>collaciouiS,</strong></span> <span class='ocrx_word' id='word_1_238' title='bbox 826 3340 1015 3414; x_wconf 78' lang='lat' dir='ltr'><strong>provisionis,</strong></span> <span class='ocrx_word' id='word_1_239' title='bbox 1039 3339 1264 3397; x_wconf 88' lang='lat' dir='ltr'><strong>constitucionis</strong></span> <span class='ocrx_word' id='word_1_240' title='bbox 1288 3344 1318 3394; x_wconf 91' lang='lat' dir='ltr'><strong>et</strong></span> <span class='ocrx_word' id='word_1_241' title='bbox 1340 3339 1500 3396; x_wconf 84' lang='lat' dir='ltr'><strong>voluntatis</strong></span> <span class='ocrx_word' id='word_1_242' title='bbox 1528 3344 1584 3397; x_wconf 90' lang='lat' dir='ltr'><strong>etc.</strong></span> <span class='ocrx_word' id='word_1_243' title='bbox 1619 3334 1658 3397; x_wconf 89' lang='grc' dir='ltr'><strong>Ι).</strong></span> <span class='ocrx_word' id='word_1_244' title='bbox 1682 3333 1840 3396; x_wconf 83' lang='lat' dir='ltr'><strong>Auillionc</strong></span> <span class='ocrx_word' id='word_1_245' title='bbox 1864 3332 1926 3397; x_wconf 82' lang='lat' dir='ltr'><strong>kal.</strong></span> 
     </span>
     <span class='ocr_line' id='line_1_25' title="bbox 453 3422 803 3517; baseline 0.043 -32"><span class='ocrx_word' id='word_1_246' title='bbox 453 3422 520 3492; x_wconf 79' lang='lat' dir='ltr'><strong>durii</strong></span> <span class='ocrx_word' id='word_1_247' title='bbox 538 3451 563 3513; x_wconf 90' lang='lat' dir='ltr'><strong>p.</strong></span> <span class='ocrx_word' id='word_1_248' title='bbox 585 3454 614 3498; x_wconf 90' lang='lat' dir='ltr'><strong>u.</strong></span> <span class='ocrx_word' id='word_1_249' title='bbox 639 3454 667 3499; x_wconf 86' lang='lat' dir='ltr'><strong>a.</strong></span> <span class='ocrx_word' id='word_1_250' title='bbox 693 3438 803 3517; x_wconf 91' lang='lat' dir='ltr'><strong>primo.</strong></span> 
     </span>
    </p>

    <p class='ocr_par' dir='ltr' id='par_1_3' title="bbox 449 3537 1928 4543">
     <span class='ocr_line' id='line_1_26' title="bbox 532 3537 1928 3621; baseline 0.003 -21"><span class='ocrx_word' id='word_1_251' title='bbox 532 3537 562 3601; x_wconf 94' lang='lat' dir='ltr'><strong>lu</strong></span> <span class='ocrx_word' id='word_1_252' title='bbox 583 3560 609 3603; x_wconf 91' lang='lat' dir='ltr'><strong>e.</strong></span> <span class='ocrx_word' id='word_1_253' title='bbox 635 3560 674 3604; x_wconf 85' lang='lat' dir='ltr'><strong>nr.</strong></span> <span class='ocrx_word' id='word_1_254' title='bbox 700 3560 728 3604; x_wconf 89' lang='lat' dir='ltr'><strong>v.</strong></span> <span class='ocrx_word' id='word_1_255' title='bbox 746 3540 766 3604; x_wconf 85' lang='lat' dir='ltr'><strong>f.</strong></span> <span class='ocrx_word' id='word_1_256' title='bbox 784 3591 791 3605; x_wconf 93' lang='lat'><strong>.</strong></span> <span class='ocrx_word' id='word_1_257' title='bbox 809 3591 816 3605; x_wconf 89' lang='lat'><em>.</em></span> <span class='ocrx_word' id='word_1_258' title='bbox 834 3541 984 3621; x_wconf 87' lang='lat' dir='ltr'><strong>episcopo</strong></span> <span class='ocrx_word' id='word_1_259' title='bbox 1007 3539 1144 3621; x_wconf 84' lang='lat' dir='ltr'><strong>Regensi</strong></span> <span class='ocrx_word' id='word_1_260' title='bbox 1168 3546 1202 3604; x_wconf 93' lang='lat' dir='ltr'><strong>et</strong></span> <span class='ocrx_word' id='word_1_261' title='bbox 1225 3542 1276 3605; x_wconf 93' lang='lat' dir='ltr'><strong>dd.</strong></span> <span class='ocrx_word' id='word_1_262' title='bbox 1301 3540 1330 3604; x_wconf 83' lang='lat' dir='ltr'><strong>ff.</strong></span> <span class='ocrx_word' id='word_1_263' title='bbox 1349 3591 1355 3602; x_wconf 95' lang='lat'>.</span> <span class='ocrx_word' id='word_1_264' title='bbox 1374 3590 1381 3603; x_wconf 90' lang='lat'><strong>.</strong></span> <span class='ocrx_word' id='word_1_265' title='bbox 1398 3541 1653 3605; x_wconf 86' lang='lat' dir='ltr'><strong>Bremrouiensis</strong></span> <span class='ocrx_word' id='word_1_266' title='bbox 1677 3546 1756 3605; x_wconf 88' lang='lat' dir='ltr'><strong>et..</strong></span> <span class='ocrx_word' id='word_1_267' title='bbox 1775 3541 1814 3605; x_wconf 89' lang='lat' dir='ltr'><strong>de</strong></span> <span class='ocrx_word' id='word_1_268' title='bbox 1831 3541 1928 3605; x_wconf 82' lang='lat' dir='ltr'><strong>Aula-</strong></span> 
     </span>
     <span class='ocr_line' id='line_1_27' title="bbox 455 3635 1927 3727; baseline 0.001 -21"><span class='ocrx_word' id='word_1_269' title='bbox 455 3635 528 3715; x_wconf 65' lang='lat' dir='ltr'><strong>itgia</strong></span> <span class='ocrx_word' id='word_1_270' title='bbox 546 3642 713 3724; x_wconf 88' lang='lat' dir='ltr'><strong>Pragensis</strong></span> <span class='ocrx_word' id='word_1_271' title='bbox 736 3643 882 3722; x_wconf 89' lang='lat' dir='ltr'><strong>diocesis,</strong></span> <span class='ocrx_word' id='word_1_272' title='bbox 906 3645 1169 3708; x_wconf 90' lang='lat' dir='ltr'><strong>monasteriorum</strong></span> <span class='ocrx_word' id='word_1_273' title='bbox 1193 3646 1363 3709; x_wconf 85' lang='lat' dir='ltr'><strong>abbatibus</strong></span> <span class='ocrx_word' id='word_1_274' title='bbox 1386 3664 1410 3709; x_wconf 89' lang='lat' dir='ltr'><strong>s.</strong></span> <span class='ocrx_word' id='word_1_275' title='bbox 1435 3652 1496 3711; x_wconf 90' lang='lat' dir='ltr'><strong>etc.</strong></span> <span class='ocrx_word' id='word_1_276' title='bbox 1520 3654 1652 3727; x_wconf 81' lang='lat' dir='ltr'><strong>Exiguut</strong></span> <span class='ocrx_word' id='word_1_277' title='bbox 1675 3652 1775 3711; x_wconf 89' lang='lat' dir='ltr'><strong>dilecti</strong></span> <span class='ocrx_word' id='word_1_278' title='bbox 1798 3650 1850 3709; x_wconf 85' lang='lat' dir='ltr'><strong>filii</strong></span> <span class='ocrx_word' id='word_1_279' title='bbox 1870 3657 1927 3709; x_wconf 87' lang='lat' dir='ltr'><strong>ete.</strong></span> 
     </span>
     <span class='ocr_line' id='line_1_28' title="bbox 456 3745 1927 3831; baseline -0.002 -16"><span class='ocrx_word' id='word_1_280' title='bbox 456 3756 523 3815; x_wconf 67' lang='lat' dir='ltr'><strong>¹¹⁸(luta</strong></span> <span class='ocrx_word' id='word_1_281' title='bbox 546 3753 691 3813; x_wconf 88' lang='lat' dir='ltr'><strong>dimittere</strong></span> <span class='ocrx_word' id='word_1_282' title='bbox 701 3745 729 3830; x_wconf 80' lang='lat' dir='ltr'><strong>b)</strong></span> <span class='ocrx_word' id='word_1_283' title='bbox 759 3761 903 3813; x_wconf 83' lang='lat' dir='ltr'><strong>teneatur.</strong></span> <span class='ocrx_word' id='word_1_284' title='bbox 950 3755 1096 3828; x_wconf 81' lang='lat' dir='ltr'><strong>Quocirca</strong></span> <span class='ocrx_word' id='word_1_285' title='bbox 1109 3752 1133 3828; x_wconf 68' lang='grc' dir='ltr'><strong>ο)</strong></span> <span class='ocrx_word' id='word_1_286' title='bbox 1167 3757 1345 3831; x_wconf 85' lang='lat' dir='ltr'><strong>mandamus,</strong></span> <span class='ocrx_word' id='word_1_287' title='bbox 1380 3764 1522 3831; x_wconf 67' lang='lat' dir='ltr'><strong>«quatenus</strong></span> <span class='ocrx_word' id='word_1_288' title='bbox 1557 3775 1607 3816; x_wconf 81' lang='lat' dir='ltr'><strong>vos</strong></span> <span class='ocrx_word' id='word_1_289' title='bbox 1631 3759 1675 3815; x_wconf 91' lang='lat' dir='ltr'><strong>vel</strong></span> <span class='ocrx_word' id='word_1_290' title='bbox 1699 3756 1756 3815; x_wconf 89' lang='lat' dir='ltr'><strong>duo</strong></span> <span class='ocrx_word' id='word_1_291' title='bbox 1779 3760 1830 3814; x_wconf 90' lang='lat' dir='ltr'><strong>ant</strong></span> <span class='ocrx_word' id='word_1_292' title='bbox 1853 3773 1927 3813; x_wconf 91' lang='lat' dir='ltr'><strong>uuus</strong></span> 
     </span>
     <span class='ocr_line' id='line_1_29' title="bbox 452 3854 1927 3934; baseline 0.012 -32"><span class='ocrx_word' id='word_1_293' title='bbox 452 3854 548 3913; x_wconf 74' lang='lat' dir='ltr'><strong>astrum</strong></span> <span class='ocrx_word' id='word_1_294' title='bbox 569 3877 621 3931; x_wconf 89' lang='lat' dir='ltr'><strong>per</strong></span> <span class='ocrx_word' id='word_1_295' title='bbox 644 3877 697 3917; x_wconf 86' lang='lat' dir='ltr'><strong>vos</strong></span> <span class='ocrx_word' id='word_1_296' title='bbox 720 3860 764 3917; x_wconf 91' lang='lat' dir='ltr'><strong>vel</strong></span> <span class='ocrx_word' id='word_1_297' title='bbox 787 3860 875 3917; x_wconf 88' lang='lat' dir='ltr'><strong>aliurn</strong></span> <span class='ocrx_word' id='word_1_298' title='bbox 898 3877 950 3917; x_wconf 87' lang='lat' dir='ltr'><strong>seu</strong></span> <span class='ocrx_word' id='word_1_299' title='bbox 973 3860 1048 3917; x_wconf 89' lang='lat' dir='ltr'><strong>alios</strong></span> <span class='ocrx_word' id='word_1_300' title='bbox 1071 3860 1193 3917; x_wconf 89' lang='lat' dir='ltr'><strong>eundem</strong></span> <span class='ocrx_word' id='word_1_301' title='bbox 1215 3861 1356 3919; x_wconf 84' lang='lat' dir='ltr'><strong>Tirobiam</strong></span> <span class='ocrx_word' id='word_1_302' title='bbox 1380 3863 1424 3920; x_wconf 89' lang='lat' dir='ltr'><strong>vel</strong></span> <span class='ocrx_word' id='word_1_303' title='bbox 1448 3868 1669 3934; x_wconf 89' lang='lat' dir='ltr'><strong>procuratorem</strong></span> <span class='ocrx_word' id='word_1_304' title='bbox 1693 3879 1776 3918; x_wconf 90' lang='lat' dir='ltr'><strong>suurn</strong></span> <span class='ocrx_word' id='word_1_305' title='bbox 1796 3861 1859 3918; x_wconf 90' lang='lat' dir='ltr'><strong>cius</strong></span> <span class='ocrx_word' id='word_1_306' title='bbox 1875 3877 1927 3919; x_wconf 90' lang='lat' dir='ltr'><strong>no·</strong></span> 
     </span>
     <span class='ocr_line' id='line_1_30' title="bbox 453 3949 1928 4039; baseline 0.012 -35"><span class='ocrx_word' id='word_1_307' title='bbox 453 3949 508 4010; x_wconf 83' lang='lat' dir='ltr'><strong>mine</strong></span> <span class='ocrx_word' id='word_1_308' title='bbox 525 3959 548 4017; x_wconf 89' lang='lat' dir='ltr'><strong>in</strong></span> <span class='ocrx_word' id='word_1_309' title='bbox 571 3963 753 4034; x_wconf 87' lang='lat' dir='ltr'><strong>corporalem</strong></span> <span class='ocrx_word' id='word_1_310' title='bbox 772 3964 986 4035; x_wconf 88' lang='lat' dir='ltr'><strong>possessiouem</strong></span> <span class='ocrx_word' id='word_1_311' title='bbox 1002 3963 1079 4021; x_wconf 88' lang='lat' dir='ltr'><strong>dicte</strong></span> <span class='ocrx_word' id='word_1_312' title='bbox 1096 3964 1229 4021; x_wconf 84' lang='lat' dir='ltr'><strong>custodie</strong></span> <span class='ocrx_word' id='word_1_313' title='bbox 1246 3971 1276 4021; x_wconf 89' lang='lat' dir='ltr'><strong>ct</strong></span> <span class='ocrx_word' id='word_1_314' title='bbox 1291 3965 1398 4023; x_wconf 89' lang='lat' dir='ltr'><strong>iurinm</strong></span> <span class='ocrx_word' id='word_1_315' title='bbox 1414 3983 1449 4024; x_wconf 88' lang='lat' dir='ltr'><strong>ac</strong></span> <span class='ocrx_word' id='word_1_316' title='bbox 1465 3967 1711 4039; x_wconf 88' lang='lat' dir='ltr'><strong>pertinenciarnm</strong></span> <span class='ocrx_word' id='word_1_317' title='bbox 1727 3965 1928 4037; x_wconf 89' lang='lat' dir='ltr'><strong>predictorum</strong></span> 
     </span>
     <span class='ocr_line' id='line_1_31' title="bbox 452 4049 1928 4141; baseline 0.015 -37"><span class='ocrx_word' id='word_1_318' title='bbox 452 4049 564 4121; x_wconf 86' lang='lat' dir='ltr'><strong>inducatis</strong></span> <span class='ocrx_word' id='word_1_319' title='bbox 586 4066 765 4125; x_wconf 87' lang='lat' dir='ltr'><strong>auctoritate</strong></span> <span class='ocrx_word' id='word_1_320' title='bbox 788 4074 890 4125; x_wconf 88' lang='lat' dir='ltr'><strong>uestra</strong></span> <span class='ocrx_word' id='word_1_321' title='bbox 913 4074 944 4124; x_wconf 94' lang='lat' dir='ltr'><strong>et</strong></span> <span class='ocrx_word' id='word_1_322' title='bbox 966 4067 1130 4126; x_wconf 81' lang='lat' dir='ltr'><strong>‹lesendatis</strong></span> <span class='ocrx_word' id='word_1_323' title='bbox 1153 4068 1314 4140; x_wconf 88' lang='lat' dir='ltr'><strong>inductum,</strong></span> <span class='ocrx_word' id='word_1_324' title='bbox 1337 4074 1436 4126; x_wconf 87' lang='lat' dir='ltr'><strong>arneto</strong></span> <span class='ocrx_word' id='word_1_325' title='bbox 1459 4069 1563 4127; x_wconf 86' lang='lat' dir='ltr'><strong>exinde</strong></span> <span class='ocrx_word' id='word_1_326' title='bbox 1587 4069 1667 4126; x_wconf 88' lang='lat' dir='ltr'><strong>dicto</strong></span> <span class='ocrx_word' id='word_1_327' title='bbox 1698 4074 1875 4141; x_wconf 86' lang='lat' dir='ltr'><strong>occupatore</strong></span> <span class='ocrx_word' id='word_1_328' title='bbox 1898 4073 1928 4126; x_wconf 90' lang='lat' dir='ltr'><strong>et</strong></span> 
     </span>
     <span class='ocr_line' id='line_1_32' title="bbox 451 4163 1928 4247; baseline 0.003 -20"><span class='ocrx_word' id='word_1_329' title='bbox 451 4163 550 4226; x_wconf 70' lang='lat' dir='ltr'><strong>quolibet</strong></span> <span class='ocrx_word' id='word_1_330' title='bbox 571 4171 629 4229; x_wconf 86' lang='lat' dir='ltr'><strong>alio</strong></span> <span class='ocrx_word' id='word_1_331' title='bbox 653 4171 817 4247; x_wconf 86' lang='lat' dir='ltr'><strong>detentore,</strong></span> <span class='ocrx_word' id='word_1_332' title='bbox 840 4171 983 4231; x_wconf 84' lang='lat' dir='ltr'><strong>facientes</strong></span> <span class='ocrx_word' id='word_1_333' title='bbox 1007 4174 1101 4245; x_wconf 90' lang='lat' dir='ltr'><strong>ipsum</strong></span> <span class='ocrx_word' id='word_1_334' title='bbox 1124 4173 1168 4229; x_wconf 85' lang='lat' dir='ltr'><strong>vol</strong></span> <span class='ocrx_word' id='word_1_335' title='bbox 1192 4172 1302 4229; x_wconf 90' lang='lat' dir='ltr'><strong>dietum</strong></span> <span class='ocrx_word' id='word_1_336' title='bbox 1324 4178 1545 4244; x_wconf 85' lang='lat' dir='ltr'><strong>procuratorem</strong></span> <span class='ocrx_word' id='word_1_337' title='bbox 1579 4188 1633 4245; x_wconf 89' lang='lat' dir='ltr'><strong>pro</strong></span> <span class='ocrx_word' id='word_1_338' title='bbox 1668 4190 1702 4230; x_wconf 91' lang='lat' dir='ltr'><strong>eo</strong></span> <span class='ocrx_word' id='word_1_339' title='bbox 1736 4173 1773 4230; x_wconf 91' lang='lat' dir='ltr'><strong>ad</strong></span> <span class='ocrx_word' id='word_1_340' title='bbox 1807 4173 1928 4231; x_wconf 88' lang='lat' dir='ltr'><strong>eandem</strong></span> 
     </span>
     <span class='ocr_line' id='line_1_33' title="bbox 450 4270 1927 4350; baseline 0.003 -19"><span class='ocrx_word' id='word_1_341' title='bbox 450 4273 580 4333; x_wconf 68' lang='lat' dir='ltr'><strong>rumdam</strong></span> <span class='ocrx_word' id='word_1_342' title='bbox 613 4283 703 4349; x_wconf 90' lang='lat' dir='ltr'><strong>prout</strong></span> <span class='ocrx_word' id='word_1_343' title='bbox 737 4283 783 4335; x_wconf 90' lang='lat' dir='ltr'><strong>est</strong></span> <span class='ocrx_word' id='word_1_344' title='bbox 815 4279 906 4335; x_wconf 88' lang='lat' dir='ltr'><strong>moris</strong></span> <span class='ocrx_word' id='word_1_345' title='bbox 940 4276 1056 4334; x_wconf 87' lang='lat' dir='ltr'><strong>admitti</strong></span> <span class='ocrx_word' id='word_1_346' title='bbox 1089 4270 1235 4348; x_wconf 68' lang='lat' dir='ltr'><strong>[sibique</strong></span> <span class='ocrx_word' id='word_1_347' title='bbox 1258 4307 1300 4314; x_wconf 98' lang='lat'><strong>—</strong></span> <span class='ocrx_word' id='word_1_348' title='bbox 1322 4275 1520 4347; x_wconf 64' lang='lat' dir='ltr'><strong>responde-rt</strong></span> <span class='ocrx_word' id='word_1_349' title='bbox 1543 4279 1576 4330; x_wconf 82' lang='lat' dir='ltr'><strong>at</strong></span> <span class='ocrx_word' id='word_1_350' title='bbox 1602 4276 1635 4330; x_wconf 83' lang='lat' dir='ltr'><strong>ia</strong></span> <span class='ocrx_word' id='word_1_351' title='bbox 1658 4294 1688 4330; x_wconf 84' lang='lat' dir='ltr'><strong>a.</strong></span> <span class='ocrx_word' id='word_1_352' title='bbox 1714 4272 1770 4350; x_wconf 67' lang='lat' dir='ltr'><strong>til,</strong></span> <span class='ocrx_word' id='word_1_353' title='bbox 1794 4294 1851 4334; x_wconf 93' lang='lat' dir='ltr'><strong>non</strong></span> <span class='ocrx_word' id='word_1_354' title='bbox 1875 4276 1927 4334; x_wconf 91' lang='lat' dir='ltr'><strong>ob-</strong></span> 
     </span>
     <span class='ocr_line' id='line_1_34' title="bbox 449 4371 1927 4455; baseline 0.001 -22"><span class='ocrx_word' id='word_1_355' title='bbox 449 4371 563 4437; x_wconf 67' lang='lat' dir='ltr'><strong>stldtibun</strong></span> <span class='ocrx_word' id='word_1_356' title='bbox 587 4381 722 4439; x_wconf 86' lang='lat' dir='ltr'><strong>omnibus</strong></span> <span class='ocrx_word' id='word_1_357' title='bbox 743 4382 934 4455; x_wconf 84' lang='lat' dir='ltr'><strong>supradictis,</strong></span> <span class='ocrx_word' id='word_1_358' title='bbox 957 4376 1042 4455; x_wconf 82' lang='lat' dir='ltr'><strong>l,aat</strong></span> <span class='ocrx_word' id='word_1_359' title='bbox 1063 4381 1095 4433; x_wconf 81' lang='lat' dir='ltr'><strong>ai</strong></span> <span class='ocrx_word' id='word_1_360' title='bbox 1117 4378 1230 4435; x_wconf 68' lang='lat' dir='ltr'><strong>etaltera</strong></span> <span class='ocrx_word' id='word_1_361' title='bbox 1254 4381 1396 4452; x_wconf 81' lang='lat' dir='ltr'><strong>episcopo</strong></span> <span class='ocrx_word' id='word_1_362' title='bbox 1420 4412 1460 4419; x_wconf 83' lang='lat'>—</span> <span class='ocrx_word' id='word_1_363' title='bbox 1484 4381 1683 4435; x_wconf 79' lang='lat' dir='ltr'><strong>oreacc&#39;oaeru‘</strong></span> <span class='ocrx_word' id='word_1_364' title='bbox 1706 4383 1739 4434; x_wconf 86' lang='lat' dir='ltr'><strong>ut</strong></span> <span class='ocrx_word' id='word_1_365' title='bbox 1769 4381 1802 4434; x_wconf 83' lang='lat' dir='ltr'><strong>in</strong></span> <span class='ocrx_word' id='word_1_366' title='bbox 1827 4397 1857 4434; x_wconf 84' lang='lat' dir='ltr'><strong>a.</strong></span> <span class='ocrx_word' id='word_1_367' title='bbox 1882 4375 1927 4453; x_wconf 66' lang='lat' dir='ltr'><strong>b.)</strong></span> 
     </span>
     <span class='ocr_line' id='line_1_35' title="bbox 450 4480 928 4543; baseline 0.021 -12"><span class='ocrx_word' id='word_1_368' title='bbox 450 4483 655 4542; x_wconf 72' lang='lat' dir='ltr'><strong>contadictores</strong></span> <span class='ocrx_word' id='word_1_369' title='bbox 678 4490 735 4543; x_wconf 92' lang='lat' dir='ltr'><strong>etc.</strong></span> <span class='ocrx_word' id='word_1_370' title='bbox 781 4480 820 4543; x_wconf 86' lang='lat' dir='ltr'><strong>ll.</strong></span> <span class='ocrx_word' id='word_1_371' title='bbox 844 4484 880 4543; x_wconf 87' lang='lat' dir='ltr'><strong>ut</strong></span> <span class='ocrx_word' id='word_1_372' title='bbox 904 4496 928 4541; x_wconf 87' lang='lat' dir='ltr'><strong>S.</strong></span> 
     </span>
    </p>
   </div>
   <div class='ocr_carea' id='block_1_3' title="bbox 445 4631 1928 4872">
    <p class='ocr_par' dir='ltr' id='par_1_4' title="bbox 445 4631 1928 4872">
     <span class='ocr_line' id='line_1_36' title="bbox 521 4631 1928 4704; baseline -0.001 -20"><span class='ocrx_word' id='word_1_373' title='bbox 521 4632 670 4686; x_wconf 83' lang='lat' dir='ltr'><strong>Clementis</strong></span> <span class='ocrx_word' id='word_1_374' title='bbox 689 4632 770 4686; x_wconf 80' lang='lat' dir='ltr'><strong>VIA</strong></span> <span class='ocrx_word' id='word_1_375' title='bbox 789 4634 828 4704; x_wconf 75' lang='lat' dir='ltr'><strong>Ill</strong></span> <span class='ocrx_word' id='word_1_376' title='bbox 851 4636 905 4702; x_wconf 84' lang='lat'>(56)</span> <span class='ocrx_word' id='word_1_377' title='bbox 925 4632 944 4687; x_wconf 79' lang='lat' dir='ltr'><strong>t.</strong></span> <span class='ocrx_word' id='word_1_378' title='bbox 965 4633 1032 4699; x_wconf 74' lang='lat'><strong>181&#39;,</strong></span> <span class='ocrx_word' id='word_1_379' title='bbox 1053 4632 1086 4685; x_wconf 91' lang='lat' dir='ltr'><strong>de</strong></span> <span class='ocrx_word' id='word_1_380' title='bbox 1106 4632 1247 4686; x_wconf 85' lang='lat' dir='ltr'><strong>beneficiis</strong></span> <span class='ocrx_word' id='word_1_381' title='bbox 1266 4633 1425 4687; x_wconf 81' lang='lat' dir='ltr'><strong>vacantibus</strong></span> <span class='ocrx_word' id='word_1_382' title='bbox 1443 4650 1488 4701; x_wconf 91' lang='lat' dir='ltr'><strong>qu.</strong></span> <span class='ocrx_word' id='word_1_383' title='bbox 1509 4638 1542 4685; x_wconf 87' lang='lat'><strong>1·</strong></span> <span class='ocrx_word' id='word_1_384' title='bbox 1583 4631 1615 4685; x_wconf 80' lang='lat' dir='ltr'><strong>V.</strong></span> <span class='ocrx_word' id='word_1_385' title='bbox 1635 4638 1683 4685; x_wconf 70' lang='lat'><strong>147</strong></span> <span class='ocrx_word' id='word_1_386' title='bbox 1703 4633 1767 4686; x_wconf 63' lang='lat'><strong>[86</strong></span> <span class='ocrx_word' id='word_1_387' title='bbox 1781 4649 1806 4684; x_wconf 88' lang='lat' dir='ltr'><strong>n.</strong></span> <span class='ocrx_word' id='word_1_388' title='bbox 1822 4637 1879 4684; x_wconf 74' lang='lat'>152.</span> <span class='ocrx_word' id='word_1_389' title='bbox 1895 4663 1928 4672; x_wconf 92' lang='lat'><em>-</em></span> 
     </span>
     <span class='ocr_line' id='line_1_37' title="bbox 445 4718 1927 4789; baseline -0.001 -17"><span class='ocrx_word' id='word_1_390' title='bbox 445 4720 463 4773; x_wconf 78' lang='lat' dir='ltr'><strong>*l</strong></span> <span class='ocrx_word' id='word_1_391' title='bbox 480 4718 619 4787; x_wconf 78' lang='lat' dir='ltr'><strong>,exhignut‘</strong></span> <span class='ocrx_word' id='word_1_392' title='bbox 643 4721 677 4772; x_wconf 83' lang='grc' dir='ltr'><strong>Α.</strong></span> <span class='ocrx_word' id='word_1_393' title='bbox 709 4718 733 4786; x_wconf 75' lang='lat' dir='ltr'><strong>b)</strong></span> <span class='ocrx_word' id='word_1_394' title='bbox 759 4719 902 4786; x_wconf 85' lang='lat' dir='ltr'><strong>,dimitere‘</strong></span> <span class='ocrx_word' id='word_1_395' title='bbox 926 4723 959 4774; x_wconf 86' lang='grc' dir='ltr'><strong>Α.</strong></span> <span class='ocrx_word' id='word_1_396' title='bbox 993 4723 1015 4785; x_wconf 72' lang='lat'><strong>⁰)</strong></span> <span class='ocrx_word' id='word_1_397' title='bbox 1041 4719 1165 4788; x_wconf 73' lang='lat' dir='ltr'><strong>scipritur</strong></span> <span class='ocrx_word' id='word_1_398' title='bbox 1183 4737 1241 4788; x_wconf 79' lang='lat' dir='ltr'><strong>,por</strong></span> <span class='ocrx_word' id='word_1_399' title='bbox 1266 4720 1417 4789; x_wconf 73' lang='lat' dir='ltr'><strong>apostolica</strong></span> <span class='ocrx_word' id='word_1_400' title='bbox 1436 4718 1554 4788; x_wconf 78' lang='lat' dir='ltr'><strong>scripta‘,</strong></span> <span class='ocrx_word' id='word_1_401' title='bbox 1575 4719 1624 4773; x_wconf 82' lang='lat' dir='ltr'><strong>sed</strong></span> <span class='ocrx_word' id='word_1_402' title='bbox 1644 4718 1822 4773; x_wconf 84' lang='lat' dir='ltr'><strong>cancellatum</strong></span> <span class='ocrx_word' id='word_1_403' title='bbox 1842 4720 1875 4771; x_wconf 81' lang='grc' dir='ltr'><strong>Α.</strong></span> <span class='ocrx_word' id='word_1_404' title='bbox 1895 4749 1927 4758; x_wconf 94' lang='lat'>-</span> 
     </span>
     <span class='ocr_line' id='line_1_38' title="bbox 445 4797 1048 4872; baseline 0.012 -19"><span class='ocrx_word' id='word_1_405' title='bbox 445 4797 649 4862; x_wconf 66' lang='lat' dir='ltr'><strong>&#39;tridentem</strong></span> <span class='ocrx_word' id='word_1_406' title='bbox 672 4812 695 4858; x_wconf 93' lang='lat'><strong>1.</strong></span> <span class='ocrx_word' id='word_1_407' title='bbox 732 4806 833 4872; x_wconf 78' lang='lat' dir='ltr'><strong>¹)ride</strong></span> <span class='ocrx_word' id='word_1_408' title='bbox 853 4812 1004 4860; x_wconf 74' lang='lat' dir='ltr'><strong>numiln.</strong></span> <span class='ocrx_word' id='word_1_409' title='bbox 1024 4814 1048 4861; x_wconf 77' lang='lat'><strong>2.</strong></span> 
     </span>
    </p>
   </div>
   <div class='ocr_carea' id='block_1_4' title="bbox 437 5099 1930 5293">
    <p class='ocr_par' dir='ltr' id='par_1_5' title="bbox 437 5099 1930 5293">
     <span class='ocr_line' id='line_1_39' title="bbox 439 5099 1930 5188; baseline 0.003 -26"><span class='ocrx_word' id='word_1_410' title='bbox 439 5099 492 5166; x_wconf 84' lang='lat'><strong>10.</strong></span> <span class='ocrx_word' id='word_1_411' title='bbox 522 5102 781 5168; x_wconf 81' lang='lat' dir='ltr'><strong>Ambassiatorcs</strong></span> <span class='ocrx_word' id='word_1_412' title='bbox 813 5105 895 5186; x_wconf 77' lang='lat' dir='ltr'><strong>repis</strong></span> <span class='ocrx_word' id='word_1_413' title='bbox 930 5105 1100 5169; x_wconf 81' lang='lat' dir='ltr'><strong>Bobemioe</strong></span> <span class='ocrx_word' id='word_1_414' title='bbox 1122 5104 1315 5188; x_wconf 77' lang='lat' dir='ltr'><strong>supplicant,</strong></span> <span class='ocrx_word' id='word_1_415' title='bbox 1337 5108 1492 5186; x_wconf 82' lang='lat' dir='ltr'><strong>quotenus</strong></span> <span class='ocrx_word' id='word_1_416' title='bbox 1514 5103 1650 5167; x_wconf 84' lang='lat' dir='ltr'><strong>Arnesto</strong></span> <span class='ocrx_word' id='word_1_417' title='bbox 1672 5102 1710 5168; x_wconf 81' lang='lat' dir='ltr'><strong>de</strong></span> <span class='ocrx_word' id='word_1_418' title='bbox 1731 5104 1867 5168; x_wconf 84' lang='lat' dir='ltr'><strong>Hostiae</strong></span> <span class='ocrx_word' id='word_1_419' title='bbox 1892 5103 1930 5168; x_wconf 81' lang='lat' dir='ltr'><strong>de</strong></span> 
     </span>
     <span class='ocr_line' id='line_1_40' title="bbox 437 5207 1929 5293; baseline 0.007 -28"><span class='ocrx_word' id='word_1_420' title='bbox 437 5208 611 5273; x_wconf 80' lang='lat' dir='ltr'><strong>canonicatu</strong></span> <span class='ocrx_word' id='word_1_421' title='bbox 626 5211 656 5271; x_wconf 84' lang='lat' dir='ltr'><strong>ct</strong></span> <span class='ocrx_word' id='word_1_422' title='bbox 673 5207 854 5290; x_wconf 78' lang='lat' dir='ltr'><strong>praebenda</strong></span> <span class='ocrx_word' id='word_1_423' title='bbox 870 5210 905 5272; x_wconf 81' lang='lat' dir='ltr'><strong>in</strong></span> <span class='ocrx_word' id='word_1_424' title='bbox 919 5207 1048 5274; x_wconf 79' lang='lat' dir='ltr'><strong>ecclesio</strong></span> <span class='ocrx_word' id='word_1_425' title='bbox 1066 5209 1307 5273; x_wconf 73' lang='lat' dir='ltr'><strong>l&#39;ratislarieasi</strong></span> <span class='ocrx_word' id='word_1_426' title='bbox 1321 5209 1356 5272; x_wconf 80' lang='lat' dir='ltr'><strong>in</strong></span> <span class='ocrx_word' id='word_1_427' title='bbox 1370 5210 1518 5291; x_wconf 60' lang='lat' dir='ltr'><strong>proximo</strong></span> <span class='ocrx_word' id='word_1_428' title='bbox 1532 5210 1698 5274; x_wconf 82' lang='lat' dir='ltr'><strong>vacaturis</strong></span> <span class='ocrx_word' id='word_1_429' title='bbox 1710 5209 1929 5293; x_wconf 79' lang='lat' dir='ltr'><strong>provideatur.</strong></span> 
     </span>
    </p>
   </div>
   <div class='ocr_carea' id='block_1_5' title="bbox 1445 5365 1885 5445">
    <p class='ocr_par' dir='ltr' id='par_1_6' title="bbox 1445 5365 1885 5445">
     <span class='ocr_line' id='line_1_41' title="bbox 1445 5365 1885 5445; baseline 0.002 -17"><span class='ocrx_word' id='word_1_430' title='bbox 1445 5365 1607 5445; x_wconf 72' lang='lat' dir='ltr'><strong>dotrinae,</strong></span> <span class='ocrx_word' id='word_1_431' title='bbox 1630 5368 1717 5431; x_wconf 81' lang='lat'><em>1342</em></span> <span class='ocrx_word' id='word_1_432' title='bbox 1739 5366 1833 5432; x_wconf 75' lang='lat' dir='ltr'><strong>Junii</strong></span> <span class='ocrx_word' id='word_1_433' title='bbox 1855 5369 1885 5430; x_wconf 82' lang='lat'><strong>1.</strong></span> 
     </span>
    </p>
   </div>
   <div class='ocr_carea' id='block_1_6' title="bbox 431 5536 1930 5831">
    <p class='ocr_par' dir='ltr' id='par_1_7' title="bbox 431 5536 1930 5831">
     <span class='ocr_line' id='line_1_42' title="bbox 520 5536 1929 5620; baseline 0 -17"><span class='ocrx_word' id='word_1_434' title='bbox 520 5536 712 5620; x_wconf 85' lang='lat' dir='ltr'><strong>Supplicaut</strong></span> <span class='ocrx_word' id='word_1_435' title='bbox 735 5536 765 5602; x_wconf 87' lang='lat' dir='ltr'><strong>S.</strong></span> <span class='ocrx_word' id='word_1_436' title='bbox 789 5537 826 5601; x_wconf 91' lang='lat' dir='ltr'><strong>V.</strong></span> <span class='ocrx_word' id='word_1_437' title='bbox 852 5538 956 5603; x_wconf 79' lang='lat' dir='ltr'><strong>devoti</strong></span> <span class='ocrx_word' id='word_1_438' title='bbox 981 5541 1079 5604; x_wconf 84' lang='lat' dir='ltr'><strong>vestri</strong></span> <span class='ocrx_word' id='word_1_439' title='bbox 1111 5547 1143 5603; x_wconf 91' lang='lat' dir='ltr'><strong>et</strong></span> <span class='ocrx_word' id='word_1_440' title='bbox 1173 5539 1308 5603; x_wconf 83' lang='lat' dir='ltr'><strong>liunriles</strong></span> <span class='ocrx_word' id='word_1_441' title='bbox 1343 5545 1486 5604; x_wconf 89' lang='lat' dir='ltr'><strong>oratores</strong></span> <span class='ocrx_word' id='word_1_442' title='bbox 1520 5541 1678 5604; x_wconf 80' lang='lat' dir='ltr'><strong>Arnestus</strong></span> <span class='ocrx_word' id='word_1_443' title='bbox 1713 5540 1751 5603; x_wconf 94' lang='lat' dir='ltr'><strong>de</strong></span> <span class='ocrx_word' id='word_1_444' title='bbox 1782 5540 1929 5616; x_wconf 89' lang='lat' dir='ltr'><strong>Hostina,</strong></span> 
     </span>
     <span class='ocr_line' id='line_1_43' title="bbox 433 5635 1930 5729; baseline 0.005 -29"><span class='ocrx_word' id='word_1_445' title='bbox 433 5635 565 5721; x_wconf 68' lang='lat' dir='ltr'><strong>timenus,</strong></span> <span class='ocrx_word' id='word_1_446' title='bbox 576 5641 602 5721; x_wconf 86' lang='lat'><strong>¹)</strong></span> <span class='ocrx_word' id='word_1_447' title='bbox 635 5648 669 5706; x_wconf 83' lang='lat' dir='ltr'><strong>et</strong></span> <span class='ocrx_word' id='word_1_448' title='bbox 701 5641 854 5705; x_wconf 85' lang='lat' dir='ltr'><strong>Nicolaus</strong></span> <span class='ocrx_word' id='word_1_449' title='bbox 885 5642 925 5705; x_wconf 91' lang='lat' dir='ltr'><strong>de</strong></span> <span class='ocrx_word' id='word_1_450' title='bbox 957 5643 1205 5722; x_wconf 87' lang='lat' dir='ltr'><strong>Lucbeurbourc,</strong></span> <span class='ocrx_word' id='word_1_451' title='bbox 1230 5645 1400 5707; x_wconf 88' lang='lat' dir='ltr'><strong>carumicus</strong></span> <span class='ocrx_word' id='word_1_452' title='bbox 1424 5644 1558 5707; x_wconf 91' lang='lat' dir='ltr'><strong>ecclesie</strong></span> <span class='ocrx_word' id='word_1_453' title='bbox 1581 5642 1800 5729; x_wconf 81' lang='lat' dir='ltr'><strong>Pragensis,²)</strong></span> <span class='ocrx_word' id='word_1_454' title='bbox 1824 5642 1930 5707; x_wconf 87' lang='lat' dir='ltr'><strong>dovoti</strong></span> 
     </span>
     <span class='ocr_line' id='line_1_44' title="bbox 431 5739 1930 5831; baseline 0.004 -27"><span class='ocrx_word' id='word_1_455' title='bbox 431 5739 491 5810; x_wconf 82' lang='lat' dir='ltr'><strong>lu.</strong></span> <span class='ocrx_word' id='word_1_456' title='bbox 520 5747 639 5812; x_wconf 90' lang='lat' dir='ltr'><strong>domiui</strong></span> <span class='ocrx_word' id='word_1_457' title='bbox 673 5747 759 5827; x_wconf 91' lang='lat' dir='ltr'><strong>regis</strong></span> <span class='ocrx_word' id='word_1_458' title='bbox 792 5747 922 5812; x_wconf 87' lang='lat' dir='ltr'><strong>Boemie</strong></span> <span class='ocrx_word' id='word_1_459' title='bbox 957 5750 1239 5828; x_wconf 82' lang='lat' dir='ltr'><strong>arnbassiatorcs,</strong></span> <span class='ocrx_word' id='word_1_460' title='bbox 1257 5755 1415 5831; x_wconf 88' lang='lat' dir='ltr'><strong>quatenus</strong></span> <span class='ocrx_word' id='word_1_461' title='bbox 1449 5747 1553 5811; x_wconf 90' lang='lat' dir='ltr'><strong>eidem</strong></span> <span class='ocrx_word' id='word_1_462' title='bbox 1588 5749 1724 5812; x_wconf 78' lang='lat' dir='ltr'><strong>bruesto</strong></span> <span class='ocrx_word' id='word_1_463' title='bbox 1759 5746 1930 5828; x_wconf 89' lang='lat' dir='ltr'><strong>specialem</strong></span> 
     </span>
    </p>
   </div>
   <div class='ocr_carea' id='block_1_7' title="bbox 0 0 2600 7044">
    <p class='ocr_par' dir='ltr' id='par_1_8' title="bbox 0 0 2600 7044">
     <span class='ocr_line' id='line_1_45' title="bbox 0 0 2600 7044; baseline 0 0"><span class='ocrx_word' id='word_1_464' title='bbox 0 0 2600 7044; x_wconf 95' lang='lat' dir='ltr'><strong> </strong></span> 
     </span>
    </p>
   </div>
  </div>
 </body>
</html>
