5184 7050
1969 870 2046 948 7225

536 1083 631 1150 369.
655 1082 842 1166 l'raeposito
864 1086 895 1147 ei
916 1083 1057 1168 captato
1083 1104 1121 1148 oc
1149 1083 1285 1166 sirpulis
1308 1086 1467 1150 coaorcicia
1486 1085 1627 1169 capellae
1649 1087 1754 1166 repioe
1788 1087 1936 1152 Omnium
1962 1087 2044 1152 Sorr-

539 1189 658 1250 otorrrm
680 1185 716 1250 is
737 1190 842 1250 cosiro
866 1188 1023 1269 Propemi
1043 1186 1233 1270 iadrdpataa
1248 1193 1294 1265 ui,
1310 1190 1408 1255 etium
1430 1189 1460 1254 si
1481 1190 1516 1253 in
1538 1211 1575 1254 eo
1598 1188 1723 1274 capedo
1747 1191 1817 1254 solo
1835 1191 2046 1274 personaliter

539 1289 710 1377 resideant,
719 1294 853 1370 fractas
868 1291 1007 1356 omnium
1022 1291 1239 1374 beneficiorum
1253 1314 1382 1357 acorum
1397 1293 1679 1358 ecclesiastieorum
1694 1315 1792 1377 usqae
1808 1295 1851 1358 od
1865 1294 2045 1359 &mamm

869 1393 965 1460 libere
982 1396 1147 1480 percipere
1168 1396 1305 1463 valcurt
1331 1400 1447 1463 Formo
1468 1401 1504 1461 at
1525 1398 1560 1462 in
1582 1420 1613 1463 n.
1637 1400 1709 1464 132.

588 1616 741 1672 .1..1.:.
1569 1622 1731 1702 Aoirrimc,
1754 1624 1840 1688 1344
1863 1623 1949 1690 Maii
1969 1626 2001 1689 3.

639 1863 689 1928 Ad
712 1863 733 1929 f.
757 1883 781 1928 r.
805 1884 845 1928 m.
869 1865 1080 1930 Personarum
1103 1864 1282 1944 illustrium,
1307 1866 1366 1930 deo
1390 1871 1423 1930 ot
1445 1866 1580 1931 ecclesie
1596 1867 1791 1945 devotarum,
1815 1866 1900 1931 clare
1915 1867 2042 1932 devoci-

536 1966 607 2031 onis
630 1967 777 2034 allectum
801 1973 877 2034 tono
899 1969 994 2050 digne
1016 1969 1164 2034 duximus
1186 1968 1390 2049 efferendum,
1422 1989 1492 2035 cum
1522 1971 1592 2053 ipse
1622 1970 1663 2034 de
1693 1970 1783 2035 bouis
1810 1970 1876 2034 suis
1899 1969 2044 2053 elargitis

536 2072 599 2135 sibi
621 2091 641 2136 a
663 2071 789 2138 domino
812 2072 947 2138 luudaut
969 2077 1003 2137 et
1025 2074 1138 2138 dotum
1160 2074 1311 2138 canonice
1336 2073 1535 2139 venerandas
1565 2073 1719 2138 ecclesias
1750 2092 1806 2137 seu
1838 2072 1978 2155 capellas
2002 2074 2043 2138 ad

536 2174 658 2239 cultum
681 2176 779 2241 «livini
802 2177 937 2242 nominis
958 2177 1181 2259 ampliandum.
1204 2178 1418 2243 Attendeutes
1440 2178 1546 2259 igitur,
1577 2177 1660 2259 quod
1691 2178 1720 2241 d.
1743 2177 1765 2242 f.
1789 2197 1818 2242 u.
1842 2197 1871 2241 v.
1896 2174 2043 2254 limolus,

538 2279 769 2361 primogenitus
792 2300 818 2345 c.
842 2280 874 2345 iu
898 2280 955 2346 Ch.
978 2281 1000 2346 l.
1020 2301 1050 2345 ιι.
1069 2281 1235 2360 Johauuis,
1258 2283 1343 2366 regis
1357 2282 1488 2347 Boemic
1511 2281 1653 2360 illustris,
1677 2286 1710 2346 et
1724 2271 1864 2345 marchio
1889 2281 2043 2359 llorauic,

539 2383 609 2448 zelo
632 2382 708 2448 fidei
729 2389 764 2449 et
786 2384 967 2449 devocionis
990 2404 1153 2464 accensus,
1176 2386 1331 2468 capellam
1365 2386 1483 2468 regiam
1506 2384 1653 2451 Omnium
1676 2386 1861 2452 Sanctorum
1884 2385 1917 2449 iu
1940 2390 2044 2449 castro

538 2487 691 2571 Progenm
714 2488 861 2553 fundavit
884 2493 919 2553 ut
933 2490 1050 2554 asserit
1071 2509 1108 2554 ac
1123 2490 1224 2555 eciam
1240 2495 1273 2554 et
1287 2490 1357 2554 eius
1372 2488 1533 2554 ministros
1555 2489 1646 2554 bouis
1668 2489 1735 2553 suis
1757 2489 1895 2571 propriis
1911 2489 2043 2567 dotavit,

535 2611 573 2656 ac
597 2591 743 2657 volentes
765 2593 929 2675 premissis
951 2599 1085 2676 paterna
1106 2593 1316 2659 meditatione
1344 2594 1488 2676 pensatis
1518 2592 1651 2658 ‹lileetos
1683 2592 1765 2658 lilios
1792 2592 1987 2675 prepositum
2009 2598 2044 2657 et

536 2695 712 2778 capitulum
733 2716 771 2761 ac
793 2696 972 2777 singulares
995 2698 1171 2776 canonicos
1195 2704 1361 2780 presentes
1384 2705 1418 2762 et
1440 2697 1574 2777 iuturus,
1591 2697 1733 2761 eiusdem
1749 2696 1871 2778 capelle
1894 2696 2042 2779 specialis

535 2800 739 2882 prerogativa
761 2801 867 2882 gracie
890 2801 1057 2880 honorare,
1080 2802 1222 2866 eiusdem
1239 2802 1349 2866 Karoli
1364 2801 1487 2867 devotis
1510 2800 1542 2865 iu
1565 2800 1624 2866 hac
1647 2806 1738 2883 parte
1753 2800 2041 2884 supplicaciouibus

533 2904 689 2983 inclinati,
711 2905 834 2970 eisdem
856 2906 1018 2988 preposito
1041 2910 1075 2970 et
1097 2905 1235 2988 capitulo
1251 2910 1285 2970 et
1299 2904 1433 2986 siugulis
1456 2905 1625 2983 canonicis,
1649 2905 1792 2985 quisunt
1814 2908 1848 2969 et
1866 2910 1960 2969 eruut
1984 2923 2040 2986 pro

535 3012 690 3090 tempore,
713 3009 904 3075 auctoritate
926 3010 1126 3091 presencium
1147 3009 1356 3090 indulgemus,
1381 3015 1417 3074 ut
1430 3010 1493 3091 ipsi
1516 3009 1696 3091 prepositus
1720 3012 1752 3072 et
1768 3009 1908 3073 canonici
1925 3009 1958 3072 iu
1973 3008 2042 3090 ipsa

534 3111 661 3196 apella
681 3112 894 3195 personaliter
916 3113 1084 3178 residendo
1106 3113 1238 3192 fructus,
1262 3113 1406 3179 redditus
1425 3118 1460 3177 et
1473 3117 1646 3195 proventus
1661 3113 1799 3176 omnium
1819 3111 2042 3177 beneficiorum

535 3234 665 3281 suorum
687 3216 985 3294 ecclesiasticorum,
1009 3217 1110 3281 eciam
1133 3216 1160 3282 si
1183 3217 1365 3298 dignitates,
1395 3223 1586 3299 personatus
1610 3216 1670 3281 -vet
1703 3214 1809 3281 officia
1832 3217 1979 3294 existant,
2010 3222 2043 3280 et

538 3320 638 3385 eciam
670 3320 698 3384 si
729 3339 837 3385 curam
855 3310 858 3315 ’
874 3320 1014 3385 habeant
1050 3321 1234 3399 animarum,
1269 3321 1436 3386 dummodo
1466 3321 1601 3385 maiores
1637 3320 1671 3384 iu
1708 3319 1942 3384 cathedralibus
1970 3325 2043 3401 post

536 3422 737 3507 episcopales
755 3427 813 3488 aut
826 3423 859 3488 iu
874 3421 1050 3504 collegiatis
1066 3422 1210 3489 ecclesiis
1224 3425 1416 3507 principales
1433 3425 1603 3505 dignitates
1618 3423 1797 3488 huiusmodi
1816 3442 1879 3487 uon
1894 3424 2041 3502 existant,

534 3548 605 3594 cum
629 3548 670 3593 ea
691 3529 876 3609 integritate
899 3547 1001 3610 usque
1024 3528 1066 3594 ad
1089 3530 1277 3594 decennium
1299 3529 1398 3595 libero
1418 3529 1584 3612 percipere
1599 3526 1736 3608 valeant,
1752 3528 1919 3594 cotidianis
1935 3528 2042 3592 distri·

534 3631 724 3698 tucioribus
747 3632 911 3698 dumtaxat
932 3634 1085 3715 exceptis,
1108 3652 1180 3698 cum
1202 3653 1266 3715 qua
1280 3632 1353 3699 illos
1376 3633 1586 3716 perciperent,
1610 3633 1636 3697 si
1654 3633 1685 3696 iu
1701 3632 1855 3711 ecclesiis,
1879 3633 2042 3714 inquibus

530 3735 715 3802 hmamoui
737 3736 893 3802 benefida
914 3737 1043 3816 fuerint,
1067 3737 1277 3819 personaliter
1298 3738 1486 3815 residerent,
1511 3742 1544 3801 ct
1566 3735 1606 3801 sd
1628 3736 1831 3801 residendum
1859 3736 1890 3800 iu
1920 3736 2041 3800 eisdem

531 3840 682 3908 ecclesiis
704 3842 832 3906 iuterim
853 3841 982 3907 minime
1003 3847 1175 3907 tencantur
1197 3861 1256 3907 uec
1278 3842 1319 3906 ad
1341 3841 1374 3907 id
1396 3862 1416 3907 a
1439 3860 1596 3924 quoquam
1619 3841 1709 3907 iuviti
1725 3841 1854 3907 valeant
1875 3841 2040 3906 marctari.

526 3989 540 4011 .
565 3996 574 4010 .
597 3995 606 4012 .
631 3994 640 4011 .
667 3946 705 4011 D.
728 3945 886 4011 Auiuioue
907 3946 1022 4013 Vuou.
1046 3945 1124 4012 Maii
1146 3965 1166 4010 a
1187 3946 1336 4012 secundo.

636 4083 674 4148 In
695 4101 724 4148 e.
747 4102 788 4148 uu
812 4083 864 4148 dd.
886 4083 917 4149 ll.
943 4133 950 4148 .
975 4135 982 4149 .
1006 4084 1115 4149 mirati
1130 4086 1313 4151 monasterii
1330 4086 1544 4151 Brenouensis
1559 4090 1592 4149 ct
1615 4135 1622 4149 .
1647 4134 1654 4148 .
1679 4085 1841 4167 preposito
1863 4084 2038 4162 SaozeusiS,

529 4188 707 4270 Prageusis
737 4187 883 4267 diocesis,
918 4208 955 4253 ac
979 4237 986 4253 .
1011 4237 1019 4252 .
1042 4188 1162 4254 decano
1195 4189 1364 4271 Pragensis
1395 4188 1602 4254 ecclesiarum
1632 4208 1656 4253 s.
1681 4193 1741 4253 etc.
1766 4239 1773 4253 .
1799 4239 1805 4252 .
1829 4239 1837 4253 .
1863 4239 1870 4253 .
1895 4191 1933 4254 D.
1958 4193 1993 4253 ut
2015 4207 2040 4253 s.

640 4480 790 4535 Clementis
809 4479 847 4533 Vl
866 4482 898 4533 Δ.
917 4479 972 4547 llll
992 4482 1047 4548 (74)
1072 4480 1090 4533 l.
1118 4488 1175 4546 tlt,
1199 4480 1370 4536 diversarum
1398 4482 1547 4537 loricarum
1572 4498 1616 4549 qu.
1645 4486 1685 4547 18,
1710 4480 1863 4535 cancellata
1888 4498 1950 4534 cmu
1975 4486 2041 4534 nota

533 4566 665 4634 ,tuende
685 4566 718 4622 da
737 4566 871 4621 fructibus
890 4565 1086 4635 percipiendis.
1123 4567 1231 4636 Scripta
1250 4575 1293 4623 est
1317 4566 1344 4622 in
1363 4576 1497 4637 quaterue
1517 4568 1550 4623 dc
1575 4567 1709 4621 fructibus
1730 4567 1933 4636 percipiendis!
1959 4568 1989 4621 ln
2010 4566 2040 4619 V.

537 4661 584 4708 162
603 4653 735 4709 hocloco
754 4652 854 4707 deficit
880 4652 1026 4722 Reperitur
1053 4660 1144 4707 autem
1169 4654 1203 4708 de
1229 4672 1299 4709 uovo
1323 4656 1468 4723 capistrata
1492 4655 1519 4709 iu
1545 4657 1577 4708 Α.
1601 4654 1656 4723 llp'3
1675 4658 1730 4723 (73)
1756 4654 1773 4706 l.
1798 4657 1856 4708 ωδ·
1877 4654 1903 4707 in
1923 4655 2039 4709 rubricis

535 4748 643 4796 tautum
668 4740 796 4809 quaterni
815 4746 830 4792 a
848 4739 884 4793 de
907 4738 1041 4793 fructibus
1065 4739 1251 4808 percipiendis
1275 4759 1302 4794 n.
1327 4748 1360 4794 56
1385 4747 1547 4810 (quaternus
1571 4739 1632 4807 ipse
1657 4739 1754 4807 deest),
1779 4740 1918 4808 descripta
1941 4741 2041 4795 iterum

534 4828 560 4881 iu
580 4828 612 4881 V.
634 4832 686 4881 160
703 4826 722 4880 i.
741 4832 793 4880 390
811 4842 837 4880 ιι.
857 4831 899 4879 56.
917 4825 983 4879 Exc.
1002 4840 1045 4893 ap.
1066 4824 1232 4895 Werunalry,
1250 4828 1390 4896 Excerpta
1408 4844 1433 4880 n.
1451 4832 1493 4894 tt,
1512 4826 1598 4880 RBM.
1615 4826 1653 4881 lv
1672 4844 1698 4880 n.
1720 4831 1792 4881 1403.
