5184 7050
1986 901 2050 968 649

530 1105 572 1172 de
608 1105 803 1173 subdiacono
836 1106 944 1192 genito
978 1114 1012 1172 et
1045 1109 1160 1189 soluta,
1190 1114 1256 1176 tam
1280 1128 1378 1193 super
1401 1109 1529 1176 defectu
1551 1109 1742 1190 huiusmodi,
1765 1111 1850 1194 quod
1873 1110 1914 1177 ad
1937 1127 2046 1177 omnes

530 1211 662 1278 ordines
677 1212 856 1295 promoveri
871 1217 905 1279 et
920 1212 1172 1279 ecclesiasticum
1186 1212 1377 1280 beneficium
1392 1215 1546 1294 obtinere,
1563 1214 1662 1281 eciam
1685 1216 1713 1280 si
1736 1233 1844 1281 curam
1867 1216 2044 1281 animarum

527 1316 675 1396 haberet,
699 1323 732 1382 et
755 1316 881 1396 deinde,
904 1316 988 1399 qnod
1011 1317 1179 1383 ecclesiam
1195 1317 1426 1400 parrochialem
1441 1319 1473 1384 in
1492 1318 1646 1386 Sletzstat
1660 1338 1724 1384 uua
1739 1338 1810 1385 cum
1826 1319 1962 1402 quodam
1977 1319 2040 1383 alio

529 1419 686 1488 beneficio
717 1423 787 1488 sine
817 1440 904 1502 cura,
935 1441 997 1504 que
1026 1428 1103 1488 tuno
1133 1423 1307 1503 obtinebat,
1338 1422 1479 1491 dimissis
1510 1443 1567 1506 per
1597 1423 1844 1506 cumpluribus
1875 1423 1948 1489 aliis
1971 1442 2045 1508 par·

528 1526 726 1592 rochialibus
761 1527 916 1604 ecclesiis,
951 1545 1031 1609 quas
1062 1527 1167 1593 minus
1201 1526 1308 1593 debite
1338 1528 1515 1593 retinuerat
1544 1531 1628 1607 ante,
1651 1527 1738 1593 licite
1760 1528 1901 1594 retinere
1924 1531 2044 1610 posset,

529 1631 640 1696 extitit
670 1630 897 1713 dispensatum,
928 1650 999 1697 cum
1021 1630 1207 1696 remissione
1241 1630 1401 1697 fructuum
1434 1637 1468 1697 et
1490 1631 1666 1697 abolicione
1689 1636 1763 1697 note
1787 1632 1917 1698 intamie
1940 1638 1972 1697 et
1995 1635 2042 1699 iu·

532 1734 723 1814 habilitatis,
740 1755 798 1820 per
815 1756 889 1802 eum
911 1737 1079 1807 occasione
1100 1736 1327 1817 premissorum
1350 1740 1592 1815 contractarum,
1617 1736 1701 1800 idem
1722 1734 1887 1802 Iohannes
1910 1754 1945 1803 se
1967 1736 2045 1804 iecit

529 1838 615 1905 infra
648 1858 765 1905 annum
799 1839 832 1904 iu
864 1841 1087 1922 presbyterum
1119 1840 1299 1921 promoveri
1333 1857 1370 1904 ac
1404 1841 1521 1906 dictam
1555 1840 1786 1921 parrochialem
1819 1841 1987 1908 eeclesiam
2010 1845 2044 1908 in

530 1942 686 2010 Sletzstat
709 1963 779 2009 cum
802 1942 995 2027 parrochiali
1018 1942 1155 2009 ecclesia
1178 1944 1281 2009 sancti
1296 1942 1428 2009 Martini
1444 1945 1687 2028 Argentinensis
1702 1946 1896 2028 permutavit
1911 1965 2044 2029 eamque

529 2066 592 2131 per
622 2047 698 2114 XXI
729 2054 763 2114 et
792 2048 908 2114 deinde
938 2048 1133 2131 prebendam
1163 2047 1404 2128 sacerdotalem,
1435 2068 1498 2131 que
1530 2048 1694 2132 prebenda
1715 2049 1802 2132 regis
1823 2055 1964 2130 vocatur,
1989 2069 2047 2134 per

529 2151 591 2218 XV
622 2156 656 2220 et
686 2152 812 2219 demum
847 2154 927 2218 duas
959 2151 1177 2234 parrochiales
1218 2152 1371 2220 ecclesias
1402 2154 1434 2218 in
1457 2153 1681 2219 Bettenhouen
1703 2172 1762 2235 per
1784 2152 1864 2219 XIII
1888 2160 1921 2220 et
1943 2154 2046 2221 denuo

530 2257 708 2337 predictam
743 2257 911 2324 ecclesiam
945 2259 977 2322 in
1008 2257 1160 2324 Sletzstat
1190 2274 1247 2340 per
1276 2256 1305 2320 X
1330 2263 1363 2323 et
1384 2258 1512 2323 tandem
1536 2259 1769 2341 preposituram
1793 2278 1864 2323 cum
1886 2260 2049 2341 prebenda

531 2361 670 2426 ecclesie
693 2362 892 2444 Riuageusis,
916 2362 1158 2444 Argentinensis
1182 2360 1328 2442 diocesis,
1352 2380 1431 2444 quas
1454 2381 1512 2445 per
1534 2363 1592 2428 XV
1615 2381 1714 2428 anuos
1736 2363 1797 2428 sibi
1828 2362 1961 2428 collatas
1992 2364 2046 2429 de·

529 2466 640 2546 tinuit,
663 2464 868 2548 percipiendo
892 2484 930 2530 ex
954 2465 1001 2530 eis
1024 2464 1157 2544 fluctuo,
1180 2465 1326 2531 redditus
1349 2472 1383 2532 et
1400 2472 1584 2549 proventus.
1609 2467 1687 2533 Cum
1703 2474 1811 2533 autem
1826 2468 1931 2534 omnia
1947 2469 2044 2534 bene·

531 2569 607 2636 ficia
628 2572 812 2653 supradicta
841 2574 951 2653 preter
984 2569 1153 2635 ecclesiam
1187 2572 1289 2636 sancti
1324 2571 1456 2636 Martini
1489 2577 1522 2637 et
1554 2572 1749 2654 prebendam
1781 2574 1903 2656 regiam
1934 2592 2048 2656 supra·

531 2675 637 2742 dictas
671 2675 838 2741 dumtaxat
871 2674 998 2739 duxerit
1038 2673 1169 2739 realiter
1203 2674 1400 2755 dimittenda,
1439 2676 1542 2742 dictus
1580 2695 1637 2742 rex
1673 2676 1835 2742 humiliter
1872 2677 2042 2760 supplicat,

535 2784 705 2863 quatenus,
729 2798 770 2844 ne
793 2779 861 2861 ipse
884 2778 1056 2857 Johanues,
1088 2779 1142 2860 qui
1170 2779 1340 2861 presbyter
1363 2785 1422 2859 est,
1447 2779 1573 2862 prelata
1596 2780 1658 2845 duo
1680 2780 1835 2846 beneficia
1859 2780 2046 2847 dimittendo

528 2888 695 2951 remaneat
720 2883 804 2950 omni
826 2883 1044 2949 ecclesiastico
1065 2880 1220 2949 beneficio
1243 2883 1426 2963 destitutus,
1451 2885 1512 2950 sibi
1534 2886 1567 2950 in
1591 2902 1758 2967 personam
1782 2884 1862 2950 dicti
1884 2884 2042 2950 Iohannis

530 2988 705 3074 specialem
738 2988 878 3072 graciam
910 2988 1076 3067 facientes,
1099 3005 1222 3053 omnem
1255 2988 1466 3055 inhabilitatis
1499 2993 1533 3054 et
1565 2988 1695 3054 infamio
1729 3007 1766 3054 ac
1797 2989 2043 3072 irregularitatis

528 3094 689 3160 maculam
718 3093 787 3158 sive
816 3098 934 3172 notam,
965 3111 1024 3175 per
1053 3111 1135 3171 eum,
1159 3093 1214 3173 qui
1236 3091 1345 3157 forsan
1369 3093 1510 3159 existens
1533 3093 1683 3159 inhabilis
1706 3094 1745 3159 ob
1769 3094 1989 3176 recepcionem
2011 3098 2045 3160 et

529 3198 748 3265 retencionem
771 3197 927 3264 dictorum
949 3195 1176 3264 beneficiorum
1199 3201 1232 3262 et
1261 3196 1422 3262 fructuum
1456 3198 1696 3281 percepcionem
1726 3199 1867 3280 ipsorum
1901 3216 1937 3264 so
1969 3197 2047 3264 iecit

530 3303 575 3369 ad
609 3321 718 3371 omues
752 3321 860 3369 sacros
894 3302 1023 3368 ordines
1055 3301 1244 3384 promoveri,
1268 3300 1376 3367 divina
1405 3301 1510 3368 officia
1541 3303 1715 3368 celebravit
1737 3320 1794 3369 seu
1816 3303 1987 3368 immiscuit
2010 3320 2046 3368 se

529 3407 655 3474 eisdem
687 3408 740 3473 vel
774 3408 857 3474 alias
889 3406 1117 3490 premissorum
1151 3407 1316 3472 occasione
1350 3409 1516 3488 contraxit,
1551 3407 1723 3490 dignemini
1753 3407 1897 3473 totaliter
1919 3405 2049 3473 abolere

530 3515 701 3598 ipsumque
724 3512 866 3595 plenarie
888 3511 1060 3578 habilitare
1075 3515 1117 3576 et
1139 3510 1172 3575 iu
1193 3510 1353 3595 integrum
1375 3513 1546 3579 restituere
1570 3532 1607 3578 ac
1629 3512 1752 3579 fructus
1776 3532 1815 3580 ex
1838 3511 1933 3580 dictis
1948 3512 2045 3578 bene·

530 3618 615 3685 ficiis
646 3638 704 3701 per
733 3637 806 3683 eum
836 3617 978 3683 indebite
1009 3620 1177 3698 perceptos
1208 3616 1372 3682 remittere
1395 3623 1429 3682 et
1451 3617 1579 3695 donare,
1605 3622 1639 3682 ut
1662 3618 1752 3683 iuxta
1775 3622 1878 3683 status
1902 3617 1952 3683 sui
1977 3613 2044 3704 [de-

532 3723 691 3808 cenciam]
702 3727 729 3805 ⁸)
753 3723 862 3787 vivere
885 3723 998 3801 valeat,
1022 3720 1242 3799 concedentes,
1267 3720 1352 3802 quod
1366 3720 1597 3804 parrochialem
1612 3721 1781 3787 ecclesiam
1797 3722 1898 3787 sancti
1913 3720 2045 3787 Martini

530 3833 568 3893 et
595 3827 791 3910 prebendam
820 3825 990 3909 predictas,
1020 3822 1140 3908 quael)
1171 3825 1294 3891 obtinet
1323 3824 1456 3907 pacifice
1480 3831 1513 3891 et
1535 3825 1654 3909 quiete,
1677 3826 1852 3907 premissis,
1876 3843 1933 3890 sou
1956 3826 2040 3907 quod

533 3934 607 4017 ipsa
629 3931 767 3998 ecclesia
789 3932 891 3998 sancti
913 3931 1045 3997 Martini
1068 3948 1177 3995 mense
1199 3930 1375 4014 episcopali
1390 3930 1626 4015 Argentinensi,
1642 3936 1809 4015 postquam
1831 3931 1902 4013 ipse
1923 3930 2046 4011 hahuit,

533 4037 728 4104 auctoritate
762 4035 938 4119 apostolica
972 4040 1008 4100 ut
1041 4034 1158 4101 dicitur
1191 4040 1242 4101 est
1275 4036 1376 4115 uuita,
1410 4041 1443 4100 et
1472 4036 1556 4118 quod
1580 4035 1683 4101 dictus
1706 4035 1875 4119 episcopus
1897 4036 2047 4101 unionem

532 4141 717 4208 huiusmodi
739 4141 779 4206 de
803 4140 887 4206 facto
911 4139 1043 4205 dederat
1066 4138 1206 4221 capitulo
1229 4139 1464 4224 Argentiuensi,
1483 4158 1684 4223 nequaquam
1706 4141 1864 4220 obstante,
1880 4139 1989 4205 valeat
2003 4138 2044 4203 de

532 4247 699 4330 paciencia
732 4247 819 4312 sedis
854 4245 1028 4328 apostolice
1063 4244 1213 4323 retinere,
1247 4245 1416 4327 presertim
1450 4263 1520 4310 cum
1554 4264 1651 4328 super
1673 4244 1732 4311 hoc
1755 4246 1855 4310 eciam
1877 4244 2046 4326 episcopus

530 4351 777 4436 Argentinensis
792 4352 823 4417 S.
840 4350 878 4416 V.
894 4349 1063 4433 supplicet,
1087 4349 1258 4431 dignemini
1281 4350 1403 4432 absque
1426 4349 1489 4414 alia
1505 4349 1688 4416 dimissione
1704 4366 1761 4415 seu
1777 4367 1859 4414 nova
1875 4347 2046 4413 collacione

531 4459 674 4541 ipsorum
699 4456 738 4522 de
761 4456 919 4522 uberioris
943 4455 1024 4520 dono
1046 4454 1152 4537 gracie
1176 4474 1214 4521 ac
1237 4453 1334 4519 solita
1356 4460 1467 4521 vestra
1490 4453 1664 4520 clemencia
1686 4453 1881 4537 dispensare,
1913 4456 1946 4518 et
1976 4470 2047 4518 cum

531 4562 608 4630 aliis
642 4579 705 4628 non
738 4561 940 4627 obstantibus
977 4564 1010 4625 et
1046 4558 1198 4625 clausulis
1220 4559 1387 4642 oportunis
1409 4564 1443 4626 et
1465 4558 1699 4625 executoribus.
1744 4559 1789 4625 Et
1810 4574 1868 4640 pro
1889 4556 2047 4624 fructibus

531 4668 678 4735 indebite
699 4666 861 4750 perceptis
881 4669 1015 4749 paratus
1038 4668 1089 4730 est
1111 4663 1281 4730 restituere
1304 4661 1357 4732 11‘3
1382 4662 1529 4730 florenos.

637 4805 713 4874 Fiat
734 4811 771 4872 ut
791 4806 875 4890 petit
897 4804 935 4870 R.
969 4804 1014 4871 Et
1036 4823 1066 4887 q.
1090 4807 1113 4868 t.
1137 4820 1162 4869 s.
1186 4821 1215 4870 a.
1237 4803 1259 4868 l.
1293 4802 1366 4870 Fiat
1388 4802 1425 4869 R.
1460 4804 1499 4870 D.
1522 4803 1681 4870 Aninione
1703 4801 1750 4868 XI
1773 4800 1836 4867 kal.
1859 4801 2048 4868 Decembris

528 4932 561 4979 a.
585 4916 711 4979 octavo.

639 5083 790 5139 Clementis
809 5084 847 5138 vl
865 5081 892 5137 S.
911 5082 1002 5152 lllllll
1023 5083 1079 5149 (18)
1098 5080 1117 5136 f.
1136 5079 1189 5136 91'.
1208 5110 1241 5120 -
1269 5084 1292 5146 ⁸)
1311 5080 1390 5138 deest
1408 5082 1436 5137 iu
1461 5082 1496 5150 8.,
1521 5081 1611 5151 suppl.
1636 5080 1671 5135 ab
1696 5080 1810 5137 editore.
1839 5076 1863 5147 ¹³)
1887 5077 2047 5148 ,predictos

525 5177 612 5247 quos‘
630 5172 657 5227 S.
