<?xml version="1.0" encoding="UTF-8"?>
<!DOCTYPE html PUBLIC "-//W3C//DTD XHTML 1.0 Transitional//EN"
    "http://www.w3.org/TR/xhtml1/DTD/xhtml1-transitional.dtd">
<html xmlns="http://www.w3.org/1999/xhtml" xml:lang="en" lang="en">
 <head>
  <title>
</title>
<meta http-equiv="Content-Type" content="text/html;charset=utf-8" />
  <meta name='ocr-system' content='tesseract 3.04.00' />
  <meta name='ocr-capabilities' content='ocr_page ocr_carea ocr_par ocr_line ocrx_word'/>
</head>
<body>
  <div class='ocr_page' id='page_1' title='image "./monumentavatica01vatigoog_0357.png"; bbox 0 0 5184 7050; ppageno 0'>
   <div class='ocr_carea' id='block_1_1' title="bbox 420 569 1942 848">
    <p class='ocr_par' dir='ltr' id='par_1_1' title="bbox 420 569 1942 848">
     <span class='ocr_line' id='line_1_1' title="bbox 432 569 1941 661; baseline 0.006 -25"><span class='ocrx_word' id='word_1_1' title='bbox 432 571 525 637; x_wconf 79' lang='lat'><strong><em>553.</em></strong></span> <span class='ocrx_word' id='word_1_2' title='bbox 547 569 717 636; x_wconf 72' lang='lat' dir='ltr'>Juototoas</span> <span class='ocrx_word' id='word_1_3' title='bbox 739 571 923 652; x_wconf 80' lang='lat' dir='ltr'>marrdolor,</span> <span class='ocrx_word' id='word_1_4' title='bbox 947 577 1102 654; x_wconf 77' lang='lat' dir='ltr'>quatemus</span> <span class='ocrx_word' id='word_1_5' title='bbox 1126 574 1272 649; x_wconf 81' lang='lat' dir='ltr'>Henrico,</span> <span class='ocrx_word' id='word_1_6' title='bbox 1297 577 1482 659; x_wconf 79' lang='lat' dir='ltr'>praeposito</span> <span class='ocrx_word' id='word_1_7' title='bbox 1505 578 1692 641; x_wconf 77' lang='lat' dir='ltr'>monosterii</span> <span class='ocrx_word' id='word_1_8' title='bbox 1713 579 1941 661; x_wconf 82' lang='lat' dir='ltr'>Sderosiensis,</span> 
     </span>
     <span class='ocr_line' id='line_1_2' title="bbox 420 673 1942 764; baseline 0.009 -27"><span class='ocrx_word' id='word_1_9' title='bbox 420 673 666 758; x_wconf 70' lang='lat' dir='ltr'><strong><em>parrochialem</em></strong></span> <span class='ocrx_word' id='word_1_10' title='bbox 689 674 851 741; x_wconf 81' lang='lat' dir='ltr'>ecclesiam</span> <span class='ocrx_word' id='word_1_11' title='bbox 873 675 908 740; x_wconf 82' lang='lat' dir='ltr'>ia</span> <span class='ocrx_word' id='word_1_12' title='bbox 931 679 1066 743; x_wconf 67' lang='lat' dir='ltr'>blacerio</span> <span class='ocrx_word' id='word_1_13' title='bbox 1087 679 1307 745; x_wconf 75' lang='lat' dir='ltr'><strong><em>commendent.</em></strong></span> <span class='ocrx_word' id='word_1_14' title='bbox 1353 681 1526 747; x_wconf 77' lang='lat' dir='ltr'>Formam</span> <span class='ocrx_word' id='word_1_15' title='bbox 1552 681 1701 764; x_wconf 79' lang='lat' dir='ltr'>portibus</span> <span class='ocrx_word' id='word_1_16' title='bbox 1724 684 1850 749; x_wconf 76' lang='lat' dir='ltr'>omissis</span> <span class='ocrx_word' id='word_1_17' title='bbox 1872 706 1942 750; x_wconf 88' lang='lat' dir='ltr'>oum</span> 
     </span>
     <span class='ocr_line' id='line_1_3' title="bbox 1008 783 1358 848; baseline 0.009 -3"><span class='ocrx_word' id='word_1_18' title='bbox 1008 802 1092 846; x_wconf 84' lang='lat' dir='ltr'>mum.</span> <span class='ocrx_word' id='word_1_19' title='bbox 1117 785 1159 848; x_wconf 81' lang='lat'>78</span> <span class='ocrx_word' id='word_1_20' title='bbox 1182 783 1358 848; x_wconf 74' lang='lat' dir='ltr'>concordat.</span> 
     </span>
    </p>
   </div>
   <div class='ocr_carea' id='block_1_2' title="bbox 474 899 1896 1024">
    <p class='ocr_par' dir='ltr' id='par_1_2' title="bbox 474 899 1896 1024">
     <span class='ocr_line' id='line_1_4' title="bbox 474 899 1896 1024; baseline 0.023 -64"><span class='ocrx_word' id='word_1_21' title='bbox 474 899 536 1024; x_wconf 38' lang='lat' dir='ltr'>M}</span> <span class='ocrx_word' id='word_1_22' title='bbox 1321 1018 1323 1022; x_wconf 10' lang='grc' dir='ltr'><em>Α</em></span> <span class='ocrx_word' id='word_1_23' title='bbox 1364 923 1527 1004; x_wconf 69' lang='lat' dir='ltr'>Actaeae,</span> <span class='ocrx_word' id='word_1_24' title='bbox 1550 927 1636 990; x_wconf 78' lang='lat'><strong><em>1345</em></strong></span> <span class='ocrx_word' id='word_1_25' title='bbox 1660 927 1845 993; x_wconf 81' lang='lat' dir='ltr'>Nouembris</span> <span class='ocrx_word' id='word_1_26' title='bbox 1866 932 1896 993; x_wconf 85' lang='lat'>5.</span> 
     </span>
    </p>
   </div>
   <div class='ocr_carea' id='block_1_3' title="bbox 409 1127 1948 4961">
    <p class='ocr_par' dir='ltr' id='par_1_3' title="bbox 414 1127 1944 3398">
     <span class='ocr_line' id='line_1_5' title="bbox 536 1127 1940 1217; baseline 0.006 -23"><span class='ocrx_word' id='word_1_27' title='bbox 536 1127 574 1194; x_wconf 88' lang='lat' dir='ltr'>V.</span> <span class='ocrx_word' id='word_1_28' title='bbox 590 1127 612 1193; x_wconf 88' lang='lat' dir='ltr'>l.</span> <span class='ocrx_word' id='word_1_29' title='bbox 631 1178 663 1194; x_wconf 91' lang='lat'>..</span> <span class='ocrx_word' id='word_1_30' title='bbox 688 1129 927 1212; x_wconf 81' lang='lat' dir='ltr'><strong>archiepiscopo</strong></span> <span class='ocrx_word' id='word_1_31' title='bbox 951 1131 1104 1212; x_wconf 89' lang='lat' dir='ltr'>Pragensi</span> <span class='ocrx_word' id='word_1_32' title='bbox 1124 1135 1157 1194; x_wconf 89' lang='lat' dir='ltr'>et</span> <span class='ocrx_word' id='word_1_33' title='bbox 1180 1130 1231 1196; x_wconf 88' lang='lat' dir='ltr'>dd.</span> <span class='ocrx_word' id='word_1_34' title='bbox 1247 1128 1278 1195; x_wconf 83' lang='lat' dir='ltr'>li.</span> <span class='ocrx_word' id='word_1_35' title='bbox 1296 1181 1329 1195; x_wconf 92' lang='lat'>..</span> <span class='ocrx_word' id='word_1_36' title='bbox 1355 1131 1464 1197; x_wconf 90' lang='lat' dir='ltr'>abbati</span> <span class='ocrx_word' id='word_1_37' title='bbox 1487 1134 1672 1198; x_wconf 88' lang='lat' dir='ltr'>monasterii</span> <span class='ocrx_word' id='word_1_38' title='bbox 1696 1136 1940 1217; x_wconf 89' lang='lat' dir='ltr'>Brenowiensis,</span> 
     </span>
     <span class='ocr_line' id='line_1_6' title="bbox 429 1232 1940 1321; baseline 0.007 -25"><span class='ocrx_word' id='word_1_39' title='bbox 429 1232 604 1315; x_wconf 75' lang='lat' dir='ltr'>pragensis</span> <span class='ocrx_word' id='word_1_40' title='bbox 636 1234 782 1313; x_wconf 75' lang='lat' dir='ltr'>diocesis</span> <span class='ocrx_word' id='word_1_41' title='bbox 813 1252 851 1298; x_wconf 89' lang='lat' dir='ltr'>ac</span> <span class='ocrx_word' id='word_1_42' title='bbox 874 1285 880 1298; x_wconf 94' lang='lat'><em>.</em></span> <span class='ocrx_word' id='word_1_43' title='bbox 900 1284 907 1298; x_wconf 92' lang='lat'><strong>.</strong></span> <span class='ocrx_word' id='word_1_44' title='bbox 931 1234 1051 1298; x_wconf 87' lang='lat' dir='ltr'>decano</span> <span class='ocrx_word' id='word_1_45' title='bbox 1082 1234 1217 1299; x_wconf 78' lang='lat' dir='ltr'>ecclesie</span> <span class='ocrx_word' id='word_1_46' title='bbox 1241 1232 1463 1300; x_wconf 91' lang='lat' dir='ltr'>Olomucensis</span> <span class='ocrx_word' id='word_1_47' title='bbox 1487 1255 1511 1301; x_wconf 93' lang='lat' dir='ltr'>s.</span> <span class='ocrx_word' id='word_1_48' title='bbox 1536 1240 1596 1301; x_wconf 89' lang='lat' dir='ltr'>etc.</span> <span class='ocrx_word' id='word_1_49' title='bbox 1643 1239 1818 1321; x_wconf 75' lang='lat' dir='ltr'>Religionis</span> <span class='ocrx_word' id='word_1_50' title='bbox 1841 1241 1940 1321; x_wconf 84' lang='lat' dir='ltr'>zelus,</span> 
     </span>
     <span class='ocr_line' id='line_1_7' title="bbox 430 1337 1940 1427; baseline 0.006 -25"><span class='ocrx_word' id='word_1_51' title='bbox 430 1337 496 1402; x_wconf 87' lang='lat' dir='ltr'>vite</span> <span class='ocrx_word' id='word_1_52' title='bbox 521 1355 560 1402; x_wconf 89' lang='lat' dir='ltr'>ac</span> <span class='ocrx_word' id='word_1_53' title='bbox 582 1357 703 1402; x_wconf 90' lang='lat' dir='ltr'>morum</span> <span class='ocrx_word' id='word_1_54' title='bbox 726 1337 879 1403; x_wconf 85' lang='lat' dir='ltr'>honestas</span> <span class='ocrx_word' id='word_1_55' title='bbox 903 1339 1030 1420; x_wconf 88' lang='lat' dir='ltr'>aliaque</span> <span class='ocrx_word' id='word_1_56' title='bbox 1053 1338 1227 1403; x_wconf 79' lang='lat' dir='ltr'>laudabilia</span> <span class='ocrx_word' id='word_1_57' title='bbox 1250 1339 1364 1403; x_wconf 87' lang='lat' dir='ltr'>merita</span> <span class='ocrx_word' id='word_1_58' title='bbox 1387 1341 1567 1421; x_wconf 80' lang='lat' dir='ltr'>probitatis,</span> <span class='ocrx_word' id='word_1_59' title='bbox 1592 1361 1689 1423; x_wconf 92' lang='lat' dir='ltr'>super</span> <span class='ocrx_word' id='word_1_60' title='bbox 1712 1344 1827 1425; x_wconf 90' lang='lat' dir='ltr'>quibus</span> <span class='ocrx_word' id='word_1_61' title='bbox 1855 1346 1940 1427; x_wconf 86' lang='lat' dir='ltr'>opud</span> 
     </span>
     <span class='ocr_line' id='line_1_8' title="bbox 429 1441 1940 1531; baseline 0.005 -27"><span class='ocrx_word' id='word_1_62' title='bbox 429 1459 488 1505; x_wconf 92' lang='lat' dir='ltr'>nos</span> <span class='ocrx_word' id='word_1_63' title='bbox 512 1441 542 1506; x_wconf 90' lang='lat' dir='ltr'>d.</span> <span class='ocrx_word' id='word_1_64' title='bbox 566 1441 588 1507; x_wconf 90' lang='lat' dir='ltr'>l.</span> <span class='ocrx_word' id='word_1_65' title='bbox 612 1441 781 1518; x_wconf 75' lang='lat' dir='ltr'>hienricus</span> <span class='ocrx_word' id='word_1_66' title='bbox 806 1443 990 1524; x_wconf 80' lang='lat' dir='ltr'>prepositus</span> <span class='ocrx_word' id='word_1_67' title='bbox 1013 1443 1198 1507; x_wconf 90' lang='lat' dir='ltr'>monasterii</span> <span class='ocrx_word' id='word_1_68' title='bbox 1221 1442 1444 1508; x_wconf 89' lang='lat' dir='ltr'>Sderadiensis</span> <span class='ocrx_word' id='word_1_69' title='bbox 1467 1463 1565 1527; x_wconf 83' lang='lat' dir='ltr'>prope</span> <span class='ocrx_word' id='word_1_70' title='bbox 1589 1447 1733 1530; x_wconf 87' lang='lat' dir='ltr'>Pragam,</span> <span class='ocrx_word' id='word_1_71' title='bbox 1749 1466 1808 1529; x_wconf 93' lang='lat' dir='ltr'>per</span> <span class='ocrx_word' id='word_1_72' title='bbox 1826 1468 1940 1531; x_wconf 89' lang='lat' dir='ltr'>prepo-</span> 
     </span>
     <span class='ocr_line' id='line_1_9' title="bbox 431 1545 1940 1632; baseline 0.006 -24"><span class='ocrx_word' id='word_1_73' title='bbox 431 1545 530 1609; x_wconf 88' lang='lat' dir='ltr'>situm</span> <span class='ocrx_word' id='word_1_74' title='bbox 555 1547 742 1611; x_wconf 87' lang='lat' dir='ltr'>canonicum</span> <span class='ocrx_word' id='word_1_75' title='bbox 765 1545 904 1629; x_wconf 83' lang='lat' dir='ltr'>sepulcri</span> <span class='ocrx_word' id='word_1_76' title='bbox 928 1546 1076 1610; x_wconf 89' lang='lat' dir='ltr'>dominici</span> <span class='ocrx_word' id='word_1_77' title='bbox 1099 1545 1361 1624; x_wconf 85' lang='lat' dir='ltr'>Jerosolinritani,</span> <span class='ocrx_word' id='word_1_78' title='bbox 1386 1546 1505 1611; x_wconf 87' lang='lat' dir='ltr'>ordinis</span> <span class='ocrx_word' id='word_1_79' title='bbox 1529 1551 1631 1614; x_wconf 89' lang='lat' dir='ltr'>sancti</span> <span class='ocrx_word' id='word_1_80' title='bbox 1656 1550 1836 1632; x_wconf 84' lang='lat' dir='ltr'>Augustini,</span> <span class='ocrx_word' id='word_1_81' title='bbox 1854 1552 1940 1617; x_wconf 92' lang='lat' dir='ltr'>soliti</span> 
     </span>
     <span class='ocr_line' id='line_1_10' title="bbox 430 1648 1939 1742; baseline 0.005 -30"><span class='ocrx_word' id='word_1_82' title='bbox 430 1649 617 1742; x_wconf 77' lang='lat' dir='ltr'>gubernari,</span> <span class='ocrx_word' id='word_1_83' title='bbox 640 1648 799 1733; x_wconf 84' lang='lat' dir='ltr'>fidedigno</span> <span class='ocrx_word' id='word_1_84' title='bbox 823 1649 1061 1715; x_wconf 88' lang='lat' dir='ltr'>commendatur</span> <span class='ocrx_word' id='word_1_85' title='bbox 1083 1651 1275 1730; x_wconf 90' lang='lat' dir='ltr'>testimonio,</span> <span class='ocrx_word' id='word_1_86' title='bbox 1300 1668 1357 1715; x_wconf 91' lang='lat' dir='ltr'>nos</span> <span class='ocrx_word' id='word_1_87' title='bbox 1388 1652 1551 1731; x_wconf 90' lang='lat' dir='ltr'>inducunt,</span> <span class='ocrx_word' id='word_1_88' title='bbox 1582 1658 1618 1717; x_wconf 93' lang='lat' dir='ltr'>ut</span> <span class='ocrx_word' id='word_1_89' title='bbox 1651 1673 1819 1737; x_wconf 88' lang='lat' dir='ltr'>personam</span> <span class='ocrx_word' id='word_1_90' title='bbox 1850 1675 1939 1720; x_wconf 85' lang='lat' dir='ltr'>suam</span> 
     </span>
     <span class='ocr_line' id='line_1_11' title="bbox 430 1754 1936 1840; baseline 0.003 -24"><span class='ocrx_word' id='word_1_91' title='bbox 430 1754 638 1835; x_wconf 89' lang='lat' dir='ltr'>prerogativa</span> <span class='ocrx_word' id='word_1_92' title='bbox 661 1754 780 1819; x_wconf 86' lang='lat' dir='ltr'>favoris</span> <span class='ocrx_word' id='word_1_93' title='bbox 803 1759 836 1819; x_wconf 90' lang='lat' dir='ltr'>et</span> <span class='ocrx_word' id='word_1_94' title='bbox 857 1756 965 1838; x_wconf 88' lang='lat' dir='ltr'>gracie</span> <span class='ocrx_word' id='word_1_95' title='bbox 987 1773 1226 1837; x_wconf 88' lang='lat' dir='ltr'>prosequamur.</span> <span class='ocrx_word' id='word_1_96' title='bbox 1250 1757 1363 1836; x_wconf 62' lang='lat' dir='ltr'>finiam</span> <span class='ocrx_word' id='word_1_97' title='bbox 1381 1764 1498 1833; x_wconf 78' lang='lat' dir='ltr'>peticio</span> <span class='ocrx_word' id='word_1_98' title='bbox 1518 1780 1578 1834; x_wconf 85' lang='lat' dir='ltr'>pro</span> <span class='ocrx_word' id='word_1_99' title='bbox 1598 1767 1692 1836; x_wconf 78' lang='lat' dir='ltr'>parte</span> <span class='ocrx_word' id='word_1_100' title='bbox 1712 1763 1827 1840; x_wconf 53' lang='lat' dir='ltr'>dictim</span> <span class='ocrx_word' id='word_1_101' title='bbox 1854 1763 1936 1820; x_wconf 80' lang='lat' dir='ltr'>Hen-</span> 
     </span>
     <span class='ocr_line' id='line_1_12' title="bbox 429 1844 1939 1942; baseline 0.005 -25"><span class='ocrx_word' id='word_1_102' title='bbox 429 1864 494 1918; x_wconf 83' lang='lat' dir='ltr'>ricr’</span> <span class='ocrx_word' id='word_1_103' title='bbox 517 1864 606 1919; x_wconf 86' lang='lat' dir='ltr'>nobis</span> <span class='ocrx_word' id='word_1_104' title='bbox 629 1881 730 1936; x_wconf 81' lang='lat' dir='ltr'>nuper</span> <span class='ocrx_word' id='word_1_105' title='bbox 752 1844 898 1922; x_wconf 52' lang='lat' dir='ltr'>cohibita*</span> <span class='ocrx_word' id='word_1_106' title='bbox 914 1866 1099 1933; x_wconf 81' lang='lat' dir='ltr'>continebat,</span> <span class='ocrx_word' id='word_1_107' title='bbox 1115 1864 1197 1937; x_wconf 80' lang='lat' dir='ltr'>qaod</span> <span class='ocrx_word' id='word_1_108' title='bbox 1220 1864 1339 1920; x_wconf 85' lang='lat' dir='ltr'>dudum</span> <span class='ocrx_word' id='word_1_109' title='bbox 1360 1868 1488 1920; x_wconf 82' lang='lat' dir='ltr'>vacante</span> <span class='ocrx_word' id='word_1_110' title='bbox 1511 1869 1700 1922; x_wconf 82' lang='lat' dir='ltr'>coonuslcrr&#39;o</span> <span class='ocrx_word' id='word_1_111' title='bbox 1720 1867 1851 1942; x_wconf 80' lang='lat' dir='ltr'>prefato</span> <span class='ocrx_word' id='word_1_112' title='bbox 1869 1911 1875 1923; x_wconf 94' lang='lat'><em>.</em></span> <span class='ocrx_word' id='word_1_113' title='bbox 1890 1911 1896 1924; x_wconf 93' lang='lat'>.</span> <span class='ocrx_word' id='word_1_114' title='bbox 1911 1911 1939 1924; x_wconf 84' lang='lat'>..</span> 
     </span>
     <span class='ocr_line' id='line_1_13' title="bbox 432 1967 1938 2043; baseline 0.003 -21"><span class='ocrx_word' id='word_1_115' title='bbox 432 1971 459 2022; x_wconf 80' lang='lat' dir='ltr'>et</span> <span class='ocrx_word' id='word_1_116' title='bbox 482 1967 552 2023; x_wconf 86' lang='lat' dir='ltr'>alia</span> <span class='ocrx_word' id='word_1_117' title='bbox 572 1969 633 2024; x_wconf 74' lang='lat' dir='ltr'>sibi</span> <span class='ocrx_word' id='word_1_118' title='bbox 655 1970 867 2025; x_wconf 82' lang='lat' dir='ltr'>incumbencia</span> <span class='ocrx_word' id='word_1_119' title='bbox 890 1988 986 2026; x_wconf 85' lang='lat' dir='ltr'>onera</span> <span class='ocrx_word' id='word_1_120' title='bbox 1014 1972 1213 2043; x_wconf 80' lang='lat' dir='ltr'>supportare,</span> <span class='ocrx_word' id='word_1_121' title='bbox 1241 1986 1301 2041; x_wconf 82' lang='lat' dir='ltr'>pro</span> <span class='ocrx_word' id='word_1_122' title='bbox 1328 1973 1423 2041; x_wconf 84' lang='lat' dir='ltr'>parte</span> <span class='ocrx_word' id='word_1_123' title='bbox 1455 1969 1533 2026; x_wconf 82' lang='lat' dir='ltr'>dieti</span> <span class='ocrx_word' id='word_1_124' title='bbox 1557 1968 1691 2026; x_wconf 75' lang='lat' dir='ltr'>Ilearici</span> <span class='ocrx_word' id='word_1_125' title='bbox 1724 1973 1810 2027; x_wconf 83' lang='lat' dir='ltr'>nobis</span> <span class='ocrx_word' id='word_1_126' title='bbox 1834 1975 1938 2029; x_wconf 72' lang='lat' dir='ltr'>estitit</span> 
     </span>
     <span class='ocr_line' id='line_1_14' title="bbox 430 2070 1940 2148; baseline 0.003 -22"><span class='ocrx_word' id='word_1_127' title='bbox 430 2070 596 2127; x_wconf 78' lang='lat' dir='ltr'>hrcmililer</span> <span class='ocrx_word' id='word_1_128' title='bbox 616 2073 838 2145; x_wconf 79' lang='lat' dir='ltr'>supplicatum,</span> <span class='ocrx_word' id='word_1_129' title='bbox 862 2077 896 2129; x_wconf 82' lang='lat' dir='ltr'>ut</span> <span class='ocrx_word' id='word_1_130' title='bbox 922 2073 1092 2146; x_wconf 81' lang='lat' dir='ltr'>prouidere</span> <span class='ocrx_word' id='word_1_131' title='bbox 1114 2090 1209 2144; x_wconf 85' lang='lat' dir='ltr'>super</span> <span class='ocrx_word' id='word_1_132' title='bbox 1231 2071 1285 2126; x_wconf 88' lang='lat' dir='ltr'>hoc</span> <span class='ocrx_word' id='word_1_133' title='bbox 1309 2070 1346 2125; x_wconf 83' lang='lat' dir='ltr'>de</span> <span class='ocrx_word' id='word_1_134' title='bbox 1370 2075 1524 2144; x_wconf 84' lang='lat' dir='ltr'>oportuno</span> <span class='ocrx_word' id='word_1_135' title='bbox 1550 2072 1688 2129; x_wconf 74' lang='lat' dir='ltr'>ramalia</span> <span class='ocrx_word' id='word_1_136' title='bbox 1713 2074 1940 2148; x_wconf 74' lang='lat' dir='ltr'>dignoremur‘,</span> 
     </span>
     <span class='ocr_line' id='line_1_15' title="bbox 434 2171 1940 2253; baseline 0.005 -23"><span class='ocrx_word' id='word_1_137' title='bbox 434 2179 466 2230; x_wconf 80' lang='lat' dir='ltr'>ot</span> <span class='ocrx_word' id='word_1_138' title='bbox 491 2178 526 2231; x_wconf 78' lang='lat' dir='ltr'>in</span> <span class='ocrx_word' id='word_1_139' title='bbox 549 2177 781 2249; x_wconf 74' lang='lat' dir='ltr'>supplicatione</span> <span class='ocrx_word' id='word_1_140' title='bbox 801 2179 856 2234; x_wconf 81' lang='lat' dir='ltr'>cab</span> <span class='ocrx_word' id='word_1_141' title='bbox 879 2197 962 2234; x_wconf 62' lang='lat' dir='ltr'>aaron.</span> <span class='ocrx_word' id='word_1_142' title='bbox 988 2175 1077 2253; x_wconf 56' lang='lat' dir='ltr'>552st</span> <span class='ocrx_word' id='word_1_143' title='bbox 1125 2171 1204 2235; x_wconf 87' lang='lat' dir='ltr'>Cum</span> <span class='ocrx_word' id='word_1_144' title='bbox 1239 2172 1348 2251; x_wconf 86' lang='lat' dir='ltr'>itaque</span> <span class='ocrx_word' id='word_1_145' title='bbox 1382 2171 1527 2251; x_wconf 89' lang='lat' dir='ltr'>predicta</span> <span class='ocrx_word' id='word_1_146' title='bbox 1561 2172 1770 2252; x_wconf 81' lang='lat' dir='ltr'>parrochialis</span> <span class='ocrx_word' id='word_1_147' title='bbox 1794 2173 1940 2252; x_wconf 89' lang='lat' dir='ltr'>ecclesia,</span> 
     </span>
     <span class='ocr_line' id='line_1_16' title="bbox 434 2274 1942 2357; baseline 0.003 -19"><span class='ocrx_word' id='word_1_148' title='bbox 434 2274 474 2338; x_wconf 91' lang='lat' dir='ltr'>ad</span> <span class='ocrx_word' id='word_1_149' title='bbox 499 2274 708 2339; x_wconf 77' lang='lat' dir='ltr'>collationem</span> <span class='ocrx_word' id='word_1_150' title='bbox 730 2278 886 2357; x_wconf 86' lang='lat' dir='ltr'>prepositi</span> <span class='ocrx_word' id='word_1_151' title='bbox 910 2277 986 2342; x_wconf 89' lang='lat' dir='ltr'>dicti</span> <span class='ocrx_word' id='word_1_152' title='bbox 1009 2276 1204 2353; x_wconf 88' lang='lat' dir='ltr'>monasterii,</span> <span class='ocrx_word' id='word_1_153' title='bbox 1232 2275 1286 2355; x_wconf 90' lang='lat' dir='ltr'>qni</span> <span class='ocrx_word' id='word_1_154' title='bbox 1310 2278 1359 2338; x_wconf 91' lang='lat' dir='ltr'>est</span> <span class='ocrx_word' id='word_1_155' title='bbox 1382 2293 1439 2355; x_wconf 89' lang='lat' dir='ltr'>pro</span> <span class='ocrx_word' id='word_1_156' title='bbox 1462 2281 1614 2356; x_wconf 89' lang='lat' dir='ltr'>ternpore,</span> <span class='ocrx_word' id='word_1_157' title='bbox 1639 2276 1720 2343; x_wconf 88' lang='lat' dir='ltr'>alias</span> <span class='ocrx_word' id='word_1_158' title='bbox 1737 2280 1773 2343; x_wconf 91' lang='lat' dir='ltr'>ut</span> <span class='ocrx_word' id='word_1_159' title='bbox 1788 2279 1942 2342; x_wconf 87' lang='lat' dir='ltr'>asseritur</span> 
     </span>
     <span class='ocr_line' id='line_1_17' title="bbox 434 2377 1940 2461; baseline 0.001 -18"><span class='ocrx_word' id='word_1_160' title='bbox 434 2379 611 2459; x_wconf 71' lang='lat' dir='ltr'>pertinens</span> <span class='ocrx_word' id='word_1_161' title='bbox 641 2398 700 2461; x_wconf 90' lang='lat' dir='ltr'>per</span> <span class='ocrx_word' id='word_1_162' title='bbox 728 2380 919 2445; x_wconf 85' lang='lat' dir='ltr'>eleccionem</span> <span class='ocrx_word' id='word_1_163' title='bbox 949 2383 982 2444; x_wconf 92' lang='lat' dir='ltr'>et</span> <span class='ocrx_word' id='word_1_164' title='bbox 1013 2379 1284 2444; x_wconf 82' lang='lat' dir='ltr'>confirmacionem</span> <span class='ocrx_word' id='word_1_165' title='bbox 1315 2377 1495 2443; x_wconf 88' lang='lat' dir='ltr'>huiusmodi</span> <span class='ocrx_word' id='word_1_166' title='bbox 1519 2398 1556 2443; x_wconf 89' lang='lat' dir='ltr'>ac</span> <span class='ocrx_word' id='word_1_167' title='bbox 1580 2380 1784 2461; x_wconf 86' lang='lat' dir='ltr'>adepeionem</span> <span class='ocrx_word' id='word_1_168' title='bbox 1808 2380 1940 2461; x_wconf 86' lang='lat' dir='ltr'>pacifice</span> 
     </span>
     <span class='ocr_line' id='line_1_18' title="bbox 436 2482 1941 2565; baseline 0.001 -17"><span class='ocrx_word' id='word_1_169' title='bbox 436 2482 651 2562; x_wconf 86' lang='lat' dir='ltr'>possessionis</span> <span class='ocrx_word' id='word_1_170' title='bbox 667 2484 957 2549; x_wconf 86' lang='lat' dir='ltr'>administracionis</span> <span class='ocrx_word' id='word_1_171' title='bbox 969 2485 1120 2549; x_wconf 91' lang='lat' dir='ltr'>bonorum</span> <span class='ocrx_word' id='word_1_172' title='bbox 1132 2484 1234 2565; x_wconf 91' lang='lat' dir='ltr'>ipsius</span> <span class='ocrx_word' id='word_1_173' title='bbox 1247 2484 1442 2562; x_wconf 87' lang='lat' dir='ltr'>monasterii,</span> <span class='ocrx_word' id='word_1_174' title='bbox 1454 2503 1512 2565; x_wconf 91' lang='lat' dir='ltr'>per</span> <span class='ocrx_word' id='word_1_175' title='bbox 1523 2485 1627 2565; x_wconf 91' lang='lat' dir='ltr'>ipsum</span> <span class='ocrx_word' id='word_1_176' title='bbox 1639 2484 1810 2550; x_wconf 90' lang='lat' dir='ltr'>Houricum</span> <span class='ocrx_word' id='word_1_177' title='bbox 1823 2485 1941 2563; x_wconf 89' lang='lat' dir='ltr'>habite,</span> 
     </span>
     <span class='ocr_line' id='line_1_19' title="bbox 438 2587 1943 2669; baseline 0.002 -19"><span class='ocrx_word' id='word_1_178' title='bbox 438 2587 476 2650; x_wconf 88' lang='lat' dir='ltr'>ad</span> <span class='ocrx_word' id='word_1_179' title='bbox 499 2605 637 2668; x_wconf 88' lang='lat' dir='ltr'>presens</span> <span class='ocrx_word' id='word_1_180' title='bbox 659 2607 773 2653; x_wconf 86' lang='lat' dir='ltr'>vacare</span> <span class='ocrx_word' id='word_1_181' title='bbox 797 2588 938 2654; x_wconf 88' lang='lat' dir='ltr'>dicatur:</span> <span class='ocrx_word' id='word_1_182' title='bbox 963 2607 1020 2652; x_wconf 91' lang='lat' dir='ltr'>nos</span> <span class='ocrx_word' id='word_1_183' title='bbox 1043 2589 1217 2669; x_wconf 77' lang='lat' dir='ltr'>cupientes</span> <span class='ocrx_word' id='word_1_184' title='bbox 1242 2593 1277 2652; x_wconf 92' lang='lat' dir='ltr'>ut</span> <span class='ocrx_word' id='word_1_185' title='bbox 1301 2587 1411 2652; x_wconf 86' lang='lat' dir='ltr'>eadem</span> <span class='ocrx_word' id='word_1_186' title='bbox 1434 2588 1646 2669; x_wconf 80' lang='lat' dir='ltr'>parrochialis</span> <span class='ocrx_word' id='word_1_187' title='bbox 1671 2589 1808 2654; x_wconf 87' lang='lat' dir='ltr'>ccclesia</span> <span class='ocrx_word' id='word_1_188' title='bbox 1832 2589 1943 2654; x_wconf 88' lang='lat' dir='ltr'>utilius</span> 
     </span>
     <span class='ocr_line' id='line_1_20' title="bbox 436 2691 1942 2774; baseline -0.001 -17"><span class='ocrx_word' id='word_1_189' title='bbox 436 2693 661 2772; x_wconf 80' lang='lat' dir='ltr'>gubernatoris</span> <span class='ocrx_word' id='word_1_190' title='bbox 683 2693 823 2774; x_wconf 90' lang='lat' dir='ltr'>presidio</span> <span class='ocrx_word' id='word_1_191' title='bbox 846 2692 1007 2770; x_wconf 84' lang='lat' dir='ltr'>fulciatur,</span> <span class='ocrx_word' id='word_1_192' title='bbox 1032 2711 1069 2755; x_wconf 90' lang='lat' dir='ltr'>ac</span> <span class='ocrx_word' id='word_1_193' title='bbox 1092 2691 1235 2755; x_wconf 89' lang='lat' dir='ltr'>volentes</span> <span class='ocrx_word' id='word_1_194' title='bbox 1259 2710 1427 2772; x_wconf 89' lang='lat' dir='ltr'>personam</span> <span class='ocrx_word' id='word_1_195' title='bbox 1450 2691 1527 2754; x_wconf 89' lang='lat' dir='ltr'>dicti</span> <span class='ocrx_word' id='word_1_196' title='bbox 1557 2692 1688 2756; x_wconf 87' lang='lat' dir='ltr'>Henrici</span> <span class='ocrx_word' id='word_1_197' title='bbox 1718 2693 1942 2774; x_wconf 87' lang='lat' dir='ltr'>premissorum</span> 
     </span>
     <span class='ocr_line' id='line_1_21' title="bbox 437 2792 1942 2879; baseline 0 -19"><span class='ocrx_word' id='word_1_198' title='bbox 437 2792 603 2877; x_wconf 66' lang='lat' dir='ltr'>intuitu,⁵)</span> <span class='ocrx_word' id='word_1_199' title='bbox 626 2816 683 2878; x_wconf 91' lang='lat' dir='ltr'>pro</span> <span class='ocrx_word' id='word_1_200' title='bbox 706 2816 768 2879; x_wconf 89' lang='lat' dir='ltr'>quo</span> <span class='ocrx_word' id='word_1_201' title='bbox 792 2798 893 2862; x_wconf 90' lang='lat' dir='ltr'>eciam</span> <span class='ocrx_word' id='word_1_202' title='bbox 916 2795 1060 2879; x_wconf 88' lang='lat' dir='ltr'>prelatus</span> <span class='ocrx_word' id='word_1_203' title='bbox 1083 2794 1264 2877; x_wconf 86' lang='lat' dir='ltr'>patriarcha</span> <span class='ocrx_word' id='word_1_204' title='bbox 1287 2795 1379 2859; x_wconf 89' lang='lat' dir='ltr'>nobis</span> <span class='ocrx_word' id='word_1_205' title='bbox 1414 2815 1510 2877; x_wconf 90' lang='lat' dir='ltr'>super</span> <span class='ocrx_word' id='word_1_206' title='bbox 1540 2794 1597 2859; x_wconf 88' lang='lat' dir='ltr'>hoo</span> <span class='ocrx_word' id='word_1_207' title='bbox 1629 2795 1791 2861; x_wconf 89' lang='lat' dir='ltr'>humiliter·</span> <span class='ocrx_word' id='word_1_208' title='bbox 1821 2798 1942 2879; x_wconf 89' lang='lat' dir='ltr'>suppli·</span> 
     </span>
     <span class='ocr_line' id='line_1_22' title="bbox 434 2897 1943 2982; baseline 0.003 -20"><span class='ocrx_word' id='word_1_209' title='bbox 434 2901 532 2977; x_wconf 88' lang='lat' dir='ltr'>cavit,</span> <span class='ocrx_word' id='word_1_210' title='bbox 556 2902 707 2982; x_wconf 89' lang='lat' dir='ltr'>prosequi</span> <span class='ocrx_word' id='word_1_211' title='bbox 730 2900 950 2965; x_wconf 86' lang='lat' dir='ltr'>favorabiliter</span> <span class='ocrx_word' id='word_1_212' title='bbox 973 2901 1004 2964; x_wconf 91' lang='lat' dir='ltr'>in</span> <span class='ocrx_word' id='word_1_213' title='bbox 1027 2899 1088 2963; x_wconf 89' lang='lat' dir='ltr'>hac</span> <span class='ocrx_word' id='word_1_214' title='bbox 1111 2904 1202 2980; x_wconf 83' lang='lat' dir='ltr'>parte</span> <span class='ocrx_word' id='word_1_215' title='bbox 1226 2899 1350 2979; x_wconf 87' lang='lat' dir='ltr'>sibique</span> <span class='ocrx_word' id='word_1_216' title='bbox 1367 2897 1405 2962; x_wconf 87' lang='lat' dir='ltr'>de</span> <span class='ocrx_word' id='word_1_217' title='bbox 1422 2897 1558 2964; x_wconf 91' lang='lat' dir='ltr'>alicuius</span> <span class='ocrx_word' id='word_1_218' title='bbox 1582 2902 1803 2966; x_wconf 90' lang='lat' dir='ltr'>subvencionis</span> <span class='ocrx_word' id='word_1_219' title='bbox 1826 2901 1943 2966; x_wconf 81' lang='lat' dir='ltr'>auxilio</span> 
     </span>
     <span class='ocr_line' id='line_1_23' title="bbox 433 3003 1944 3085; baseline 0.001 -18"><span class='ocrx_word' id='word_1_220' title='bbox 433 3005 621 3083; x_wconf 88' lang='lat' dir='ltr'>providere,</span> <span class='ocrx_word' id='word_1_221' title='bbox 644 3005 833 3070; x_wconf 87' lang='lat' dir='ltr'>discrecioni</span> <span class='ocrx_word' id='word_1_222' title='bbox 855 3012 962 3069; x_wconf 78' lang='lat' dir='ltr'>vestre</span> <span class='ocrx_word' id='word_1_223' title='bbox 985 3024 1043 3085; x_wconf 91' lang='lat' dir='ltr'>per</span> <span class='ocrx_word' id='word_1_224' title='bbox 1064 3004 1240 3085; x_wconf 82' lang='lat' dir='ltr'>apostoliea</span> <span class='ocrx_word' id='word_1_225' title='bbox 1263 3003 1382 3083; x_wconf 84' lang='lat' dir='ltr'>scripta</span> <span class='ocrx_word' id='word_1_226' title='bbox 1405 3003 1602 3081; x_wconf 86' lang='lat' dir='ltr'>mandamus,</span> <span class='ocrx_word' id='word_1_227' title='bbox 1627 3010 1785 3085; x_wconf 86' lang='lat' dir='ltr'>quatenus</span> <span class='ocrx_word' id='word_1_228' title='bbox 1815 3023 1871 3069; x_wconf 89' lang='lat' dir='ltr'>vos</span> <span class='ocrx_word' id='word_1_229' title='bbox 1894 3005 1944 3068; x_wconf 89' lang='lat' dir='ltr'>vel</span> 
     </span>
     <span class='ocr_line' id='line_1_24' title="bbox 426 3106 1939 3190; baseline 0.001 -19"><span class='ocrx_word' id='word_1_230' title='bbox 426 3106 496 3174; x_wconf 90' lang='lat' dir='ltr'>duo</span> <span class='ocrx_word' id='word_1_231' title='bbox 532 3114 592 3173; x_wconf 89' lang='lat' dir='ltr'>aut</span> <span class='ocrx_word' id='word_1_232' title='bbox 622 3127 704 3173; x_wconf 92' lang='lat' dir='ltr'>unus</span> <span class='ocrx_word' id='word_1_233' title='bbox 733 3115 874 3174; x_wconf 89' lang='lat' dir='ltr'>vestrum</span> <span class='ocrx_word' id='word_1_234' title='bbox 905 3128 963 3190; x_wconf 92' lang='lat' dir='ltr'>per</span> <span class='ocrx_word' id='word_1_235' title='bbox 992 3127 1047 3173; x_wconf 88' lang='lat' dir='ltr'>vos</span> <span class='ocrx_word' id='word_1_236' title='bbox 1085 3107 1135 3171; x_wconf 88' lang='lat' dir='ltr'>vel</span> <span class='ocrx_word' id='word_1_237' title='bbox 1173 3106 1270 3170; x_wconf 90' lang='lat' dir='ltr'>alium</span> <span class='ocrx_word' id='word_1_238' title='bbox 1309 3125 1365 3170; x_wconf 89' lang='lat' dir='ltr'>seu</span> <span class='ocrx_word' id='word_1_239' title='bbox 1404 3107 1494 3184; x_wconf 89' lang='lat' dir='ltr'>alios,</span> <span class='ocrx_word' id='word_1_240' title='bbox 1529 3108 1554 3171; x_wconf 94' lang='lat' dir='ltr'>si</span> <span class='ocrx_word' id='word_1_241' title='bbox 1591 3111 1640 3171; x_wconf 91' lang='lat' dir='ltr'>est</span> <span class='ocrx_word' id='word_1_242' title='bbox 1674 3110 1729 3186; x_wconf 90' lang='lat' dir='ltr'>ita,</span> <span class='ocrx_word' id='word_1_243' title='bbox 1764 3109 1939 3189; x_wconf 88' lang='lat' dir='ltr'>predictam</span> 
     </span>
     <span class='ocr_line' id='line_1_25' title="bbox 420 3210 1943 3292; baseline -0.001 -14"><span class='ocrx_word' id='word_1_244' title='bbox 420 3212 672 3289; x_wconf 85' lang='lat' dir='ltr'>parrochialem</span> <span class='ocrx_word' id='word_1_245' title='bbox 702 3213 869 3278; x_wconf 86' lang='lat' dir='ltr'>ecelesiam</span> <span class='ocrx_word' id='word_1_246' title='bbox 900 3214 945 3277; x_wconf 93' lang='lat' dir='ltr'>sic</span> <span class='ocrx_word' id='word_1_247' title='bbox 968 3217 1144 3288; x_wconf 87' lang='lat' dir='ltr'>vacantem,</span> <span class='ocrx_word' id='word_1_248' title='bbox 1169 3210 1337 3274; x_wconf 89' lang='lat' dir='ltr'>dummodo</span> <span class='ocrx_word' id='word_1_249' title='bbox 1360 3215 1503 3290; x_wconf 86' lang='lat' dir='ltr'>ternpore</span> <span class='ocrx_word' id='word_1_250' title='bbox 1527 3212 1602 3275; x_wconf 89' lang='lat' dir='ltr'>date</span> <span class='ocrx_word' id='word_1_251' title='bbox 1626 3213 1825 3292; x_wconf 88' lang='lat' dir='ltr'>presencium</span> <span class='ocrx_word' id='word_1_252' title='bbox 1850 3213 1881 3276; x_wconf 91' lang='lat' dir='ltr'>in</span> <span class='ocrx_word' id='word_1_253' title='bbox 1905 3232 1943 3277; x_wconf 90' lang='lat' dir='ltr'>ea</span> 
     </span>
     <span class='ocr_line' id='line_1_26' title="bbox 414 3313 1944 3398; baseline -0.002 -15"><span class='ocrx_word' id='word_1_254' title='bbox 414 3330 495 3383; x_wconf 79' lang='lat' dir='ltr'>non</span> <span class='ocrx_word' id='word_1_255' title='bbox 523 3317 570 3394; x_wconf 89' lang='lat' dir='ltr'>sit</span> <span class='ocrx_word' id='word_1_256' title='bbox 591 3316 688 3381; x_wconf 89' lang='lat' dir='ltr'>alicui</span> <span class='ocrx_word' id='word_1_257' title='bbox 711 3316 894 3398; x_wconf 88' lang='lat' dir='ltr'>specialiter</span> <span class='ocrx_word' id='word_1_258' title='bbox 916 3318 966 3381; x_wconf 91' lang='lat' dir='ltr'>ius</span> <span class='ocrx_word' id='word_1_259' title='bbox 989 3316 1158 3398; x_wconf 89' lang='lat' dir='ltr'>quesitum,</span> <span class='ocrx_word' id='word_1_260' title='bbox 1182 3313 1305 3396; x_wconf 89' lang='lat' dir='ltr'>prelato</span> <span class='ocrx_word' id='word_1_261' title='bbox 1336 3313 1474 3378; x_wconf 89' lang='lat' dir='ltr'>Henrico</span> <span class='ocrx_word' id='word_1_262' title='bbox 1504 3317 1667 3396; x_wconf 88' lang='lat' dir='ltr'>preposito</span> <span class='ocrx_word' id='word_1_263' title='bbox 1698 3335 1767 3379; x_wconf 91' lang='lat' dir='ltr'>cum</span> <span class='ocrx_word' id='word_1_264' title='bbox 1798 3317 1944 3381; x_wconf 89' lang='lat' dir='ltr'>omnibus</span> 
     </span>
    </p>

    <p class='ocr_par' dir='ltr' id='par_1_4' title="bbox 409 3417 1948 4961">
     <span class='ocr_line' id='line_1_27' title="bbox 412 3417 1945 3502; baseline 0 -19"><span class='ocrx_word' id='word_1_265' title='bbox 412 3417 566 3487; x_wconf 87' lang='lat' dir='ltr'>iuribus</span> <span class='ocrx_word' id='word_1_266' title='bbox 581 3426 614 3485; x_wconf 89' lang='lat' dir='ltr'>et</span> <span class='ocrx_word' id='word_1_267' title='bbox 629 3422 835 3502; x_wconf 90' lang='lat' dir='ltr'>pertinenciis</span> <span class='ocrx_word' id='word_1_268' title='bbox 858 3422 925 3485; x_wconf 86' lang='lat' dir='ltr'>suis</span> <span class='ocrx_word' id='word_1_269' title='bbox 941 3421 1133 3484; x_wconf 87' lang='lat' dir='ltr'>auctoritate</span> <span class='ocrx_word' id='word_1_270' title='bbox 1156 3418 1332 3499; x_wconf 86' lang='lat' dir='ltr'>apostolica</span> <span class='ocrx_word' id='word_1_271' title='bbox 1355 3418 1589 3495; x_wconf 88' lang='lat' dir='ltr'>commendetis,</span> <span class='ocrx_word' id='word_1_272' title='bbox 1606 3439 1665 3499; x_wconf 87' lang='lat' dir='ltr'>per</span> <span class='ocrx_word' id='word_1_273' title='bbox 1683 3438 1756 3483; x_wconf 87' lang='lat' dir='ltr'>enm</span> <span class='ocrx_word' id='word_1_274' title='bbox 1778 3439 1880 3501; x_wconf 88' lang='lat' dir='ltr'>usqne</span> <span class='ocrx_word' id='word_1_275' title='bbox 1904 3420 1945 3484; x_wconf 89' lang='lat' dir='ltr'>ad</span> 
     </span>
     <span class='ocr_line' id='line_1_28' title="bbox 413 3523 1944 3607; baseline -0.003 -14"><span class='ocrx_word' id='word_1_276' title='bbox 413 3528 527 3593; x_wconf 72' lang='lat' dir='ltr'>sedis</span> <span class='ocrx_word' id='word_1_277' title='bbox 552 3526 728 3606; x_wconf 86' lang='lat' dir='ltr'>apostolice</span> <span class='ocrx_word' id='word_1_278' title='bbox 750 3525 984 3607; x_wconf 87' lang='lat' dir='ltr'>heneplacitum</span> <span class='ocrx_word' id='word_1_279' title='bbox 1007 3524 1186 3601; x_wconf 86' lang='lat' dir='ltr'>tenendam,</span> <span class='ocrx_word' id='word_1_280' title='bbox 1210 3523 1380 3604; x_wconf 88' lang='lat' dir='ltr'>regendam</span> <span class='ocrx_word' id='word_1_281' title='bbox 1397 3543 1433 3586; x_wconf 89' lang='lat' dir='ltr'>ac</span> <span class='ocrx_word' id='word_1_282' title='bbox 1452 3525 1553 3588; x_wconf 87' lang='lat' dir='ltr'>eciam</span> <span class='ocrx_word' id='word_1_283' title='bbox 1575 3524 1808 3604; x_wconf 90' lang='lat' dir='ltr'>possidendam,</span> <span class='ocrx_word' id='word_1_284' title='bbox 1826 3544 1944 3603; x_wconf 89' lang='lat' dir='ltr'>curam,</span> 
     </span>
     <span class='ocr_line' id='line_1_29' title="bbox 409 3627 1944 3713; baseline -0.002 -18"><span class='ocrx_word' id='word_1_285' title='bbox 409 3631 583 3713; x_wconf 85' lang='lat' dir='ltr'>regimen</span> <span class='ocrx_word' id='word_1_286' title='bbox 605 3634 639 3693; x_wconf 92' lang='lat' dir='ltr'>et</span> <span class='ocrx_word' id='word_1_287' title='bbox 661 3629 972 3694; x_wconf 86' lang='lat' dir='ltr'>administracionem</span> <span class='ocrx_word' id='word_1_288' title='bbox 995 3628 1137 3692; x_wconf 87' lang='lat' dir='ltr'>eiusdem</span> <span class='ocrx_word' id='word_1_289' title='bbox 1160 3627 1368 3708; x_wconf 84' lang='lat' dir='ltr'>parrochialis</span> <span class='ocrx_word' id='word_1_290' title='bbox 1392 3627 1527 3691; x_wconf 89' lang='lat' dir='ltr'>ecclesie</span> <span class='ocrx_word' id='word_1_291' title='bbox 1557 3648 1593 3692; x_wconf 87' lang='lat' dir='ltr'>ae</span> <span class='ocrx_word' id='word_1_292' title='bbox 1624 3629 1761 3691; x_wconf 89' lang='lat' dir='ltr'>omnium</span> <span class='ocrx_word' id='word_1_293' title='bbox 1792 3629 1944 3693; x_wconf 90' lang='lat' dir='ltr'>bonerum</span> 
     </span>
     <span class='ocr_line' id='line_1_30' title="bbox 411 3730 1944 3819; baseline -0.002 -20"><span class='ocrx_word' id='word_1_294' title='bbox 411 3732 543 3819; x_wconf 89' lang='lat' dir='ltr'>ipsius</span> <span class='ocrx_word' id='word_1_295' title='bbox 568 3731 692 3813; x_wconf 83' lang='lat' dir='ltr'>prelato</span> <span class='ocrx_word' id='word_1_296' title='bbox 714 3733 831 3798; x_wconf 88' lang='lat' dir='ltr'>Herico</span> <span class='ocrx_word' id='word_1_297' title='bbox 854 3733 981 3815; x_wconf 90' lang='lat' dir='ltr'>plenam</span> <span class='ocrx_word' id='word_1_298' title='bbox 1003 3739 1037 3796; x_wconf 87' lang='lat' dir='ltr'>et</span> <span class='ocrx_word' id='word_1_299' title='bbox 1059 3733 1193 3796; x_wconf 89' lang='lat' dir='ltr'>liberam</span> <span class='ocrx_word' id='word_1_300' title='bbox 1217 3732 1247 3794; x_wconf 93' lang='lat' dir='ltr'>in</span> <span class='ocrx_word' id='word_1_301' title='bbox 1271 3730 1391 3794; x_wconf 87' lang='lat' dir='ltr'>eisdem</span> <span class='ocrx_word' id='word_1_302' title='bbox 1415 3731 1637 3810; x_wconf 90' lang='lat' dir='ltr'>spiritualibus</span> <span class='ocrx_word' id='word_1_303' title='bbox 1660 3739 1693 3795; x_wconf 87' lang='lat' dir='ltr'>et</span> <span class='ocrx_word' id='word_1_304' title='bbox 1715 3733 1944 3814; x_wconf 82' lang='lat' dir='ltr'>temporalibus</span> 
     </span>
     <span class='ocr_line' id='line_1_31' title="bbox 410 3833 1944 3920; baseline -0.004 -15"><span class='ocrx_word' id='word_1_305' title='bbox 410 3856 544 3920; x_wconf 85' lang='lat' dir='ltr'>usque</span> <span class='ocrx_word' id='word_1_306' title='bbox 568 3836 608 3901; x_wconf 83' lang='lat' dir='ltr'>nd</span> <span class='ocrx_word' id='word_1_307' title='bbox 631 3838 750 3901; x_wconf 90' lang='lat' dir='ltr'>dictum</span> <span class='ocrx_word' id='word_1_308' title='bbox 773 3837 1007 3918; x_wconf 88' lang='lat' dir='ltr'>beneplacitum</span> <span class='ocrx_word' id='word_1_309' title='bbox 1030 3836 1262 3899; x_wconf 84' lang='lat' dir='ltr'>committentes</span> <span class='ocrx_word' id='word_1_310' title='bbox 1285 3853 1323 3897; x_wconf 89' lang='lat' dir='ltr'>ac</span> <span class='ocrx_word' id='word_1_311' title='bbox 1346 3833 1556 3897; x_wconf 84' lang='lat' dir='ltr'>concedentes</span> <span class='ocrx_word' id='word_1_312' title='bbox 1572 3835 1601 3897; x_wconf 90' lang='lat' dir='ltr'>ei</span> <span class='ocrx_word' id='word_1_313' title='bbox 1617 3835 1807 3899; x_wconf 85' lang='lat' dir='ltr'>auctoritate</span> <span class='ocrx_word' id='word_1_314' title='bbox 1823 3836 1944 3913; x_wconf 86' lang='lat' dir='ltr'>eadem,</span> 
     </span>
     <span class='ocr_line' id='line_1_32' title="bbox 412 3937 1946 4023; baseline -0.004 -13"><span class='ocrx_word' id='word_1_315' title='bbox 412 3951 465 4009; x_wconf 89' lang='lat' dir='ltr'>ut</span> <span class='ocrx_word' id='word_1_316' title='bbox 494 3942 618 4006; x_wconf 87' lang='lat' dir='ltr'>dictam</span> <span class='ocrx_word' id='word_1_317' title='bbox 646 3940 878 4023; x_wconf 85' lang='lat' dir='ltr'>parrochialem</span> <span class='ocrx_word' id='word_1_318' title='bbox 909 3941 1076 4004; x_wconf 89' lang='lat' dir='ltr'>ecclesiam</span> <span class='ocrx_word' id='word_1_319' title='bbox 1107 3959 1171 4002; x_wconf 91' lang='lat' dir='ltr'>una</span> <span class='ocrx_word' id='word_1_320' title='bbox 1200 3958 1269 4002; x_wconf 93' lang='lat' dir='ltr'>cnm</span> <span class='ocrx_word' id='word_1_321' title='bbox 1302 3937 1426 4018; x_wconf 88' lang='lat' dir='ltr'>prelato</span> <span class='ocrx_word' id='word_1_322' title='bbox 1452 3938 1644 4001; x_wconf 87' lang='lat' dir='ltr'>monasterio</span> <span class='ocrx_word' id='word_1_323' title='bbox 1679 3939 1817 4003; x_wconf 89' lang='lat' dir='ltr'>retinere</span> <span class='ocrx_word' id='word_1_324' title='bbox 1839 3940 1946 4004; x_wconf 84' lang='lat' dir='ltr'>valeat</span> 
     </span>
     <span class='ocr_line' id='line_1_33' title="bbox 416 4041 1946 4126; baseline -0.003 -14"><span class='ocrx_word' id='word_1_325' title='bbox 416 4069 467 4113; x_wconf 83' lang='lat' dir='ltr'>ac</span> <span class='ocrx_word' id='word_1_326' title='bbox 496 4046 541 4109; x_wconf 89' lang='lat' dir='ltr'>de</span> <span class='ocrx_word' id='word_1_327' title='bbox 565 4045 731 4124; x_wconf 73' lang='lat' dir='ltr'>fructibus</span> <span class='ocrx_word' id='word_1_328' title='bbox 755 4044 932 4109; x_wconf 89' lang='lat' dir='ltr'>redditibus</span> <span class='ocrx_word' id='word_1_329' title='bbox 955 4050 988 4107; x_wconf 88' lang='lat' dir='ltr'>et</span> <span class='ocrx_word' id='word_1_330' title='bbox 1010 4044 1215 4126; x_wconf 77' lang='lat' dir='ltr'>proventibus</span> <span class='ocrx_word' id='word_1_331' title='bbox 1238 4042 1380 4106; x_wconf 88' lang='lat' dir='ltr'>eiusdem</span> <span class='ocrx_word' id='word_1_332' title='bbox 1403 4041 1613 4125; x_wconf 89' lang='lat' dir='ltr'>parrochialis</span> <span class='ocrx_word' id='word_1_333' title='bbox 1644 4042 1779 4105; x_wconf 87' lang='lat' dir='ltr'>ecclesie</span> <span class='ocrx_word' id='word_1_334' title='bbox 1810 4043 1946 4108; x_wconf 89' lang='lat' dir='ltr'>durante</span> 
     </span>
     <span class='ocr_line' id='line_1_34' title="bbox 420 4144 1945 4229; baseline -0.005 -10"><span class='ocrx_word' id='word_1_335' title='bbox 420 4150 627 4219; x_wconf 85' lang='lat' dir='ltr'>commenda</span> <span class='ocrx_word' id='word_1_336' title='bbox 655 4149 847 4226; x_wconf 91' lang='lat' dir='ltr'>huiusmodi,</span> <span class='ocrx_word' id='word_1_337' title='bbox 877 4148 994 4213; x_wconf 89' lang='lat' dir='ltr'>debitis</span> <span class='ocrx_word' id='word_1_338' title='bbox 1025 4150 1126 4229; x_wconf 92' lang='lat' dir='ltr'>ipsius</span> <span class='ocrx_word' id='word_1_339' title='bbox 1155 4146 1364 4229; x_wconf 89' lang='lat' dir='ltr'>parrochialis</span> <span class='ocrx_word' id='word_1_340' title='bbox 1395 4144 1530 4209; x_wconf 89' lang='lat' dir='ltr'>ecclesie</span> <span class='ocrx_word' id='word_1_341' title='bbox 1560 4146 1709 4210; x_wconf 87' lang='lat' dir='ltr'>oneribus</span> <span class='ocrx_word' id='word_1_342' title='bbox 1740 4148 1945 4228; x_wconf 87' lang='lat' dir='ltr'>supportatis,</span> 
     </span>
     <span class='ocr_line' id='line_1_35' title="bbox 426 4249 1946 4341; baseline -0.005 -18"><span class='ocrx_word' id='word_1_343' title='bbox 426 4254 577 4341; x_wconf 87' lang='lat' dir='ltr'>perinde</span> <span class='ocrx_word' id='word_1_344' title='bbox 600 4253 747 4318; x_wconf 88' lang='lat' dir='ltr'>ordinare</span> <span class='ocrx_word' id='word_1_345' title='bbox 766 4258 799 4318; x_wconf 90' lang='lat' dir='ltr'>et</span> <span class='ocrx_word' id='word_1_346' title='bbox 814 4254 982 4334; x_wconf 89' lang='lat' dir='ltr'>disponere</span> <span class='ocrx_word' id='word_1_347' title='bbox 1005 4253 1116 4335; x_wconf 91' lang='lat' dir='ltr'>possit,</span> <span class='ocrx_word' id='word_1_348' title='bbox 1134 4250 1183 4338; x_wconf 89' lang='lat' dir='ltr'>[ac</span> <span class='ocrx_word' id='word_1_349' title='bbox 1199 4253 1226 4317; x_wconf 89' lang='lat' dir='ltr'>si</span> <span class='ocrx_word' id='word_1_350' title='bbox 1242 4270 1337 4317; x_wconf 85' lang='lat' dir='ltr'>verus</span> <span class='ocrx_word' id='word_1_351' title='bbox 1352 4257 1457 4316; x_wconf 88' lang='lat' dir='ltr'>rector</span> <span class='ocrx_word' id='word_1_352' title='bbox 1472 4249 1614 4314; x_wconf 87' lang='lat' dir='ltr'>eiusdem</span> <span class='ocrx_word' id='word_1_353' title='bbox 1630 4250 1764 4315; x_wconf 89' lang='lat' dir='ltr'>ecclesie</span> <span class='ocrx_word' id='word_1_354' title='bbox 1783 4252 1946 4330; x_wconf 83' lang='lat' dir='ltr'>existeret,</span> 
     </span>
     <span class='ocr_line' id='line_1_36' title="bbox 428 4354 1946 4441; baseline -0.007 -12"><span class='ocrx_word' id='word_1_355' title='bbox 428 4368 467 4429; x_wconf 87' lang='lat' dir='ltr'>et</span> <span class='ocrx_word' id='word_1_356' title='bbox 494 4361 584 4425; x_wconf 90' lang='lat' dir='ltr'>sicut</span> <span class='ocrx_word' id='word_1_357' title='bbox 606 4363 749 4422; x_wconf 90' lang='lat' dir='ltr'>rectores</span> <span class='ocrx_word' id='word_1_358' title='bbox 771 4358 873 4439; x_wconf 92' lang='lat' dir='ltr'>ipsius</span> <span class='ocrx_word' id='word_1_359' title='bbox 895 4356 1087 4441; x_wconf 75' lang='lat' dir='ltr'>ecclesie,]⁶)</span> <span class='ocrx_word' id='word_1_360' title='bbox 1110 4358 1165 4438; x_wconf 88' lang='lat' dir='ltr'>qui</span> <span class='ocrx_word' id='word_1_361' title='bbox 1188 4355 1317 4420; x_wconf 89' lang='lat' dir='ltr'>luerunt</span> <span class='ocrx_word' id='word_1_362' title='bbox 1339 4374 1396 4437; x_wconf 90' lang='lat' dir='ltr'>pro</span> <span class='ocrx_word' id='word_1_363' title='bbox 1419 4361 1570 4436; x_wconf 89' lang='lat' dir='ltr'>tempore,</span> <span class='ocrx_word' id='word_1_364' title='bbox 1593 4354 1632 4418; x_wconf 89' lang='lat' dir='ltr'>dc</span> <span class='ocrx_word' id='word_1_365' title='bbox 1656 4354 1719 4419; x_wconf 90' lang='lat' dir='ltr'>illis</span> <span class='ocrx_word' id='word_1_366' title='bbox 1742 4356 1890 4419; x_wconf 88' lang='lat' dir='ltr'>ordinare</span> <span class='ocrx_word' id='word_1_367' title='bbox 1913 4360 1946 4419; x_wconf 90' lang='lat' dir='ltr'>et</span> 
     </span>
     <span class='ocr_line' id='line_1_37' title="bbox 432 4459 1946 4546; baseline -0.005 -14"><span class='ocrx_word' id='word_1_368' title='bbox 432 4468 613 4546; x_wconf 89' lang='lat' dir='ltr'>disponere</span> <span class='ocrx_word' id='word_1_369' title='bbox 636 4467 809 4543; x_wconf 88' lang='lat' dir='ltr'>potuerunt</span> <span class='ocrx_word' id='word_1_370' title='bbox 831 4482 869 4526; x_wconf 91' lang='lat' dir='ltr'>ac</span> <span class='ocrx_word' id='word_1_371' title='bbox 891 4463 990 4526; x_wconf 85' lang='lat' dir='ltr'>eciam</span> <span class='ocrx_word' id='word_1_372' title='bbox 1014 4461 1201 4538; x_wconf 89' lang='lat' dir='ltr'>debuerunt,</span> <span class='ocrx_word' id='word_1_373' title='bbox 1225 4459 1424 4524; x_wconf 89' lang='lat' dir='ltr'>alienacione</span> <span class='ocrx_word' id='word_1_374' title='bbox 1446 4464 1554 4523; x_wconf 90' lang='lat' dir='ltr'>tamen</span> <span class='ocrx_word' id='word_1_375' title='bbox 1573 4459 1725 4523; x_wconf 89' lang='lat' dir='ltr'>bonorum</span> <span class='ocrx_word' id='word_1_376' title='bbox 1742 4459 1946 4524; x_wconf 88' lang='lat' dir='ltr'>immobilium</span> 
     </span>
     <span class='ocr_line' id='line_1_38' title="bbox 434 4564 1946 4647; baseline -0.005 -13"><span class='ocrx_word' id='word_1_377' title='bbox 434 4571 525 4634; x_wconf 88' lang='lat' dir='ltr'>dicte</span> <span class='ocrx_word' id='word_1_378' title='bbox 550 4566 688 4630; x_wconf 87' lang='lat' dir='ltr'>ecclesie</span> <span class='ocrx_word' id='word_1_379' title='bbox 711 4566 813 4630; x_wconf 89' lang='lat' dir='ltr'>eidem</span> <span class='ocrx_word' id='word_1_380' title='bbox 837 4565 974 4631; x_wconf 88' lang='lat' dir='ltr'>chrico</span> <span class='ocrx_word' id='word_1_381' title='bbox 997 4566 1125 4647; x_wconf 88' lang='lat' dir='ltr'>penitus</span> <span class='ocrx_word' id='word_1_382' title='bbox 1148 4564 1328 4641; x_wconf 87' lang='lat' dir='ltr'>interdicta,</span> <span class='ocrx_word' id='word_1_383' title='bbox 1351 4587 1386 4628; x_wconf 88' lang='lat' dir='ltr'>ac</span> <span class='ocrx_word' id='word_1_384' title='bbox 1407 4569 1581 4628; x_wconf 86' lang='lat' dir='ltr'>inducentes</span> <span class='ocrx_word' id='word_1_385' title='bbox 1603 4586 1668 4627; x_wconf 88' lang='lat' dir='ltr'>euru</span> <span class='ocrx_word' id='word_1_386' title='bbox 1685 4614 1817 4629; x_wconf 94' lang='grc'><strong>......</strong></span> <span class='ocrx_word' id='word_1_387' title='bbox 1833 4570 1946 4628; x_wconf 84' lang='lat' dir='ltr'>mencio</span> 
     </span>
     <span class='ocr_line' id='line_1_39' title="bbox 436 4673 1947 4755; baseline -0.006 -16"><span class='ocrx_word' id='word_1_388' title='bbox 436 4678 591 4755; x_wconf 86' lang='lat' dir='ltr'>specialis.</span> <span class='ocrx_word' id='word_1_389' title='bbox 636 4678 771 4752; x_wconf 88' lang='lat' dir='ltr'>Proviso,</span> <span class='ocrx_word' id='word_1_390' title='bbox 801 4677 879 4750; x_wconf 84' lang='lat' dir='ltr'>quod</span> <span class='ocrx_word' id='word_1_391' title='bbox 909 4677 1105 4749; x_wconf 86' lang='lat' dir='ltr'>parrochialis</span> <span class='ocrx_word' id='word_1_392' title='bbox 1134 4676 1260 4734; x_wconf 88' lang='lat' dir='ltr'>ecclesio</span> <span class='ocrx_word' id='word_1_393' title='bbox 1285 4674 1419 4748; x_wconf 89' lang='lat' dir='ltr'>predicta</span> <span class='ocrx_word' id='word_1_394' title='bbox 1443 4674 1550 4732; x_wconf 87' lang='lat' dir='ltr'>debitis</span> <span class='ocrx_word' id='word_1_395' title='bbox 1573 4674 1690 4731; x_wconf 88' lang='lat' dir='ltr'>interim</span> <span class='ocrx_word' id='word_1_396' title='bbox 1713 4692 1770 4734; x_wconf 92' lang='lat' dir='ltr'>non</span> <span class='ocrx_word' id='word_1_397' title='bbox 1794 4673 1947 4732; x_wconf 82' lang='lat' dir='ltr'>fraudetur</span> 
     </span>
     <span class='ocr_line' id='line_1_40' title="bbox 437 4778 1948 4857; baseline -0.005 -12"><span class='ocrx_word' id='word_1_398' title='bbox 437 4783 593 4857; x_wconf 86' lang='lat' dir='ltr'>obsequiis</span> <span class='ocrx_word' id='word_1_399' title='bbox 616 4788 646 4841; x_wconf 89' lang='lat' dir='ltr'>et</span> <span class='ocrx_word' id='word_1_400' title='bbox 668 4783 830 4840; x_wconf 89' lang='lat' dir='ltr'>animarum</span> <span class='ocrx_word' id='word_1_401' title='bbox 853 4799 924 4840; x_wconf 88' lang='lat' dir='ltr'>cura</span> <span class='ocrx_word' id='word_1_402' title='bbox 946 4782 976 4838; x_wconf 93' lang='lat' dir='ltr'>in</span> <span class='ocrx_word' id='word_1_403' title='bbox 999 4798 1034 4839; x_wconf 86' lang='lat' dir='ltr'>ea</span> <span class='ocrx_word' id='word_1_404' title='bbox 1057 4781 1222 4838; x_wconf 88' lang='lat' dir='ltr'>nullatenus</span> <span class='ocrx_word' id='word_1_405' title='bbox 1245 4779 1419 4853; x_wconf 84' lang='lat' dir='ltr'>negligatur.</span> <span class='ocrx_word' id='word_1_406' title='bbox 1442 4778 1504 4836; x_wconf 71' lang='lat' dir='ltr'>Nos</span> <span class='ocrx_word' id='word_1_407' title='bbox 1527 4778 1603 4836; x_wconf 91' lang='lat' dir='ltr'>eninr</span> <span class='ocrx_word' id='word_1_408' title='bbox 1626 4778 1742 4836; x_wconf 89' lang='lat' dir='ltr'>irritum</span> <span class='ocrx_word' id='word_1_409' title='bbox 1765 4778 1948 4837; x_wconf 82' lang='lat' dir='ltr'>decemimus</span> 
     </span>
     <span class='ocr_line' id='line_1_41' title="bbox 438 4876 1531 4961; baseline -0.009 -13"><span class='ocrx_word' id='word_1_410' title='bbox 438 4932 554 4948; x_wconf 92' lang='grc'><strong>.....</strong></span> <span class='ocrx_word' id='word_1_411' title='bbox 570 4888 752 4961; x_wconf 79' lang='lat' dir='ltr'>attemptari.</span> <span class='ocrx_word' id='word_1_412' title='bbox 798 4879 837 4943; x_wconf 90' lang='lat' dir='ltr'>D.</span> <span class='ocrx_word' id='word_1_413' title='bbox 860 4878 1019 4944; x_wconf 86' lang='lat' dir='ltr'>Aninione</span> <span class='ocrx_word' id='word_1_414' title='bbox 1043 4897 1114 4944; x_wconf 91' lang='lat' dir='ltr'>non.</span> <span class='ocrx_word' id='word_1_415' title='bbox 1138 4876 1328 4942; x_wconf 88' lang='lat' dir='ltr'>Novembris</span> <span class='ocrx_word' id='word_1_416' title='bbox 1355 4895 1383 4940; x_wconf 89' lang='lat' dir='ltr'>a.</span> <span class='ocrx_word' id='word_1_417' title='bbox 1408 4882 1531 4957; x_wconf 89' lang='lat' dir='ltr'>quarto.</span> 
     </span>
    </p>
   </div>
   <div class='ocr_carea' id='block_1_4' title="bbox 438 5062 1944 5223">
    <p class='ocr_par' dir='ltr' id='par_1_5' title="bbox 438 5062 1944 5223">
     <span class='ocr_line' id='line_1_42' title="bbox 547 5062 1944 5135; baseline -0.004 -13"><span class='ocrx_word' id='word_1_418' title='bbox 547 5068 698 5124; x_wconf 83' lang='lat' dir='ltr'>Clementis</span> <span class='ocrx_word' id='word_1_419' title='bbox 722 5068 761 5122; x_wconf 85' lang='lat' dir='ltr'>Vl</span> <span class='ocrx_word' id='word_1_420' title='bbox 785 5071 819 5123; x_wconf 84' lang='lat' dir='ltr'>A.</span> <span class='ocrx_word' id='word_1_421' title='bbox 845 5068 909 5135; x_wconf 82' lang='lat' dir='ltr'>lVll</span> <span class='ocrx_word' id='word_1_422' title='bbox 942 5070 997 5134; x_wconf 81' lang='lat'>(82)</span> <span class='ocrx_word' id='word_1_423' title='bbox 1025 5067 1043 5120; x_wconf 83' lang='lat' dir='ltr'>i.</span> <span class='ocrx_word' id='word_1_424' title='bbox 1072 5068 1141 5135; x_wconf 74' lang='lat' dir='ltr'>stl&#39;,</span> <span class='ocrx_word' id='word_1_425' title='bbox 1167 5064 1201 5120; x_wconf 87' lang='lat' dir='ltr'>de</span> <span class='ocrx_word' id='word_1_426' title='bbox 1224 5064 1365 5119; x_wconf 84' lang='lat' dir='ltr'>beneflciis</span> <span class='ocrx_word' id='word_1_427' title='bbox 1391 5064 1550 5118; x_wconf 77' lang='lat' dir='ltr'>vacantibus</span> <span class='ocrx_word' id='word_1_428' title='bbox 1572 5079 1618 5131; x_wconf 87' lang='lat' dir='ltr'>qu.</span> <span class='ocrx_word' id='word_1_429' title='bbox 1641 5063 1750 5117; x_wconf 78' lang='lat' dir='ltr'>ezv.</span> <span class='ocrx_word' id='word_1_430' title='bbox 1778 5069 1827 5118; x_wconf 82' lang='grc'>170</span> <span class='ocrx_word' id='word_1_431' title='bbox 1851 5062 1869 5119; x_wconf 82' lang='lat' dir='ltr'>i.</span> <span class='ocrx_word' id='word_1_432' title='bbox 1896 5070 1944 5118; x_wconf 79' lang='lat'>231</span> 
     </span>
     <span class='ocr_line' id='line_1_43' title="bbox 438 5150 1671 5223; baseline -0.007 -11"><span class='ocrx_word' id='word_1_433' title='bbox 438 5176 467 5212; x_wconf 93' lang='lat' dir='ltr'>n.</span> <span class='ocrx_word' id='word_1_434' title='bbox 486 5161 552 5212; x_wconf 79' lang='lat'><strong>325.</strong></span> <span class='ocrx_word' id='word_1_435' title='bbox 569 5185 604 5195; x_wconf 91' lang='lat'>-</span> <span class='ocrx_word' id='word_1_436' title='bbox 631 5160 655 5221; x_wconf 81' lang='lat'>¹)</span> <span class='ocrx_word' id='word_1_437' title='bbox 671 5173 742 5212; x_wconf 85' lang='lat' dir='ltr'>corr.</span> <span class='ocrx_word' id='word_1_438' title='bbox 760 5173 796 5211; x_wconf 87' lang='lat' dir='ltr'>ax</span> <span class='ocrx_word' id='word_1_439' title='bbox 814 5154 924 5223; x_wconf 74' lang='lat' dir='ltr'>,dileen‘</span> <span class='ocrx_word' id='word_1_440' title='bbox 943 5158 976 5208; x_wconf 85' lang='lat' dir='ltr'>A.</span> <span class='ocrx_word' id='word_1_441' title='bbox 1005 5156 1028 5221; x_wconf 85' lang='lat' dir='ltr'>b)</span> <span class='ocrx_word' id='word_1_442' title='bbox 1048 5168 1118 5209; x_wconf 89' lang='lat' dir='ltr'>corr.</span> <span class='ocrx_word' id='word_1_443' title='bbox 1136 5170 1171 5209; x_wconf 85' lang='lat' dir='ltr'>ex</span> <span class='ocrx_word' id='word_1_444' title='bbox 1188 5153 1276 5221; x_wconf 82' lang='lat' dir='ltr'>,intni‘</span> <span class='ocrx_word' id='word_1_445' title='bbox 1295 5155 1329 5205; x_wconf 84' lang='lat' dir='ltr'>A.</span> <span class='ocrx_word' id='word_1_446' title='bbox 1354 5167 1377 5219; x_wconf 64' lang='grc' dir='ltr'>τ)</span> <span class='ocrx_word' id='word_1_447' title='bbox 1397 5152 1487 5220; x_wconf 91' lang='lat' dir='ltr'>suppl.</span> <span class='ocrx_word' id='word_1_448' title='bbox 1507 5166 1542 5205; x_wconf 86' lang='lat' dir='ltr'>ex</span> <span class='ocrx_word' id='word_1_449' title='bbox 1560 5150 1593 5203; x_wconf 89' lang='lat' dir='ltr'>V.</span> <span class='ocrx_word' id='word_1_450' title='bbox 1614 5156 1671 5204; x_wconf 77' lang='lat'>170.</span> 
     </span>
    </p>
   </div>
   <div class='ocr_carea' id='block_1_5' title="bbox 1096 5369 1299 5378">
    <p class='ocr_par' dir='ltr' id='par_1_6' title="bbox 1096 5369 1299 5378">
     <span class='ocr_line' id='line_1_44' title="bbox 1096 5369 1299 5378; baseline -0.01 0"><span class='ocrx_word' id='word_1_451' title='bbox 1096 5369 1299 5378; x_wconf 75' lang='lat'>———-</span> 
     </span>
    </p>
   </div>
   <div class='ocr_carea' id='block_1_6' title="bbox 0 0 2611 7044">
    <p class='ocr_par' dir='ltr' id='par_1_7' title="bbox 0 0 2611 7044">
     <span class='ocr_line' id='line_1_45' title="bbox 0 0 2611 7044; baseline 0 0"><span class='ocrx_word' id='word_1_452' title='bbox 0 0 2611 7044; x_wconf 95' lang='lat' dir='ltr'> </span> 
     </span>
    </p>
   </div>
  </div>
 </body>
</html>
