5184 7050
382 520 514 587 331.
549 519 683 584 Nicolao
706 519 787 585 dicto
810 519 1011 601 btoeborner,
1035 520 1069 586 in
1089 520 1339 587 subdiaconatus
1361 519 1470 588 ordine
1491 521 1668 598 canditate,
1688 525 1873 606 prwidctnr
1896 525 1936 591 de

381 624 611 688 carmnieatu
644 624 792 688 ecelesiae
821 626 1024 690 Patavicusis
1054 626 1111 691 sub
1133 626 1348 708 expectatione
1375 625 1584 708 praebendae.
1631 629 1682 705 ,D.
1707 627 1865 695 Aninionc
1887 629 1931 695 id.

385 727 549 810 Aprilis
580 749 611 792 o.
634 729 789 794 secundo‘.
814 767 856 776 —
880 731 919 794 In
952 753 977 795 e.
1000 750 1041 795 m.
1066 729 1176 794 abbati
1202 729 1387 794 monasterii
1409 728 1670 811 Altenburqeusis
1698 737 1730 796 et
1748 734 1932 817 praeposito

385 833 543 896 *liuentis
565 832 673 895 sancti
698 832 784 896 Paci
798 833 833 897 in
848 835 994 910 anrrot
1018 833 1222 898 Patariernis
1235 837 1266 896 et
1283 832 1498 898 Olornucensis
1521 834 1700 911 diocesium,
1724 857 1763 902 ac
1778 838 1934 905 nantuac

756 935 977 1000 Aoinionensis
1000 936 1213 1002 eeclesiarum.
1259 937 1376 1002 Forma
1397 941 1434 1002 ut
1455 937 1491 1002 in
1512 958 1542 1002 n.
1566 939 1597 1003 6.

531 1019 581 1230 ὲ.
1392 1120 1554 1200 Arinione,
1579 1122 1664 1187 1344
1686 1121 1812 1206 Aprilis
1835 1127 1888 1191 13.

494 1177 504 1191 V

458 1216 489 1230 ta

525 1318 675 1372 Clementis
693 1317 731 1370 VI
748 1319 782 1370 A.
800 1317 857 1387 Iltb
877 1318 932 1387 (ib)
952 1316 970 1370 t'.
990 1319 1059 1384 230⁹,
1078 1316 1112 1371 dc
1130 1316 1292 1372 canonicatu
1311 1317 1364 1371 sub
1384 1316 1576 1386 expectatione
1600 1320 1775 1388 praebendae
1800 1338 1846 1390 qu.
1871 1327 1931 1375 7:

399 1405 448 1459 V.
479 1411 532 1458 1238
556 1404 576 1458 f.
604 1406 662 1457 186'
687 1421 713 1458 u.
737 1406 807 1457 323¹.

400 1896 512 1961 332.
547 1892 721 1967 lobonnes,
743 1911 801 1956 rac
822 1892 1003 1969 Boberniac,
1025 1891 1196 1974 supplicat,
1219 1895 1374 1973 eumenus
1396 1891 1538 1955 omnibus
1558 1913 1630 1956 verc
1645 1893 1878 1974 poenitentibus
1899 1900 1930 1959 ct

403 1998 586 2078 confessis,
616 1997 672 2079 qui
689 2016 750 2079 pro
771 1997 1025 2077 reaedificatione
1045 1997 1232 2061 monaterii
1255 1997 1375 2060 Hortus
1385 1998 1411 2078 ·)
1443 1995 1535 2076 Coeli,
1557 1996 1678 2061 ordinis
1703 1996 1928 2078 Cidadcnsis,

408 2100 678 2181 Mapuntinensis
700 2101 842 2176 diocesis,
865 2101 947 2184 quod
963 2101 1169 2185 paupertatis
1191 2120 1282 2163 onem
1304 2104 1351 2163 est
1365 2100 1574 2179 devastatam,
1596 2121 1711 2165 rnonus
1728 2105 1930 2185 porrexerint

405 2205 593 2270 adiutrices
614 2205 662 2270 nel
683 2206 789 2290 ipsum
804 2207 839 2270 in
847 2194 1083 2286 festivitatibus
1105 2204 1216 2267 beatae
1238 2203 1377 2284 ttrptnis
1400 2205 1530 2270 Mariae
1552 2226 1590 2269 ac
1612 2204 1807 2270 dedicatione
1824 2206 1928 2291 ipsius

403 2309 567 2372 eeclesiae
589 2309 693 2372 deuote
714 2309 924 2387 visitaverint,
948 2307 1164 2389 indulpentioe
1188 2306 1316 2388 aliperao
1337 2309 1555 2373 comedentur.
1600 2311 1686 2384 ,otor
1709 2312 1748 2375 R.
1795 2313 1845 2374 De
1864 2330 1928 2375 uno
1975 2294 1978 2298 λ

512 2432 597 2476 anno
618 2417 649 2476 et
669 2434 737 2477 una
758 2413 967 2496 quadrapena
992 2412 1058 2492 lv)
1102 2412 1145 2475 D.
1169 2409 1327 2475 Aninionc
1350 2412 1425 2476 XII
1439 2412 1503 2476 bal.
1527 2413 1613 2479 Maii
1635 2435 1664 2478 o.
1687 2415 1842 2479 secunda‘

1388 2585 1552 2667 Avinione,
1576 2590 1661 2655 1344
1682 2587 1808 2672 Aprilis
1829 2591 1882 2655 20.

523 2775 672 2830 Clementis
684 2775 722 2829 Vl
741 2775 766 2830 S.
786 2775 841 2846 Hft
860 2778 897 2841 (4)
917 2776 1007 2830 tutto.
1027 2805 1058 2814 —
1087 2780 1110 2841 ⁸)
1129 2774 1229 2842 ,Ortus‘
1247 2774 1275 2829 S.
1294 2806 1325 2814 -
1347 2777 1366 2838 ¹)
1384 2775 1478 2830 littera
1495 2775 1550 2830 ista
1568 2791 1622 2829 non
1641 2783 1684 2830 est
1701 2783 1820 2847 reperta.

1064 3023 1269 3030 ———-

412 3266 508 3330 333.
535 3262 674 3329 Tbornas
696 3264 734 3327 de
757 3262 1033 3346 Septomsontvbus,
1057 3261 1146 3325 utiles
1169 3266 1199 3325 et
1220 3262 1422 3326 consiliarius
1444 3263 1613 3343 lobannis,
1636 3264 1720 3345 repis
1742 3263 1923 3340 Bobcmiae,

417 3368 585 3452 supplicat,
609 3363 917 3450 quammultae
935 3366 1082 3438 Thomas,
1106 3367 1255 3430 canonico
1269 3365 1419 3431 eeclesiae
1433 3367 1538 3431 sancti
1555 3365 1705 3433 Gereonis
1723 3368 1923 3443 &boniensis

418 3472 453 3535 de
474 3473 667 3538 canonicatu
688 3477 718 3536 et
735 3471 919 3555 praebenda
942 3470 977 3535 in
998 3469 1131 3534 ccclesia
1158 3469 1334 3535 Colonierni
1362 3471 1558 3555 vacantibus,
1574 3473 1791 3555 provideatur.
1837 3472 1923 3551 ,Fiat

419 3577 455 3639 de
475 3578 669 3641 canonicatu
695 3576 754 3639 sub
776 3576 994 3658 crpreetacione
1018 3573 1175 3656 preberuie
1200 3576 1351 3657 Rip...
1398 3578 1440 3641 D.
1464 3577 1621 3640 Aninione
1651 3578 1723 3640 XII
1747 3575 1811 3641 bol.
1838 3578 1923 3641 binii

1065 3701 1096 3742 a.
1119 3680 1272 3743 seeurnlo!

1380 3767 1542 3841 Avinione,
1569 3770 1652 3832 1344
1674 3767 1801 3849 Aprilis
1821 3772 1874 3833 20.

518 3959 668 4012 Clementis
687 3957 724 4010 Vl
742 3956 770 4011 S.
788 3957 844 4024 llp'u
863 3961 902 4025 (4)
921 3957 939 4009 f.
957 3960 1026 4011 uss‘.
1047 3985 1079 3993 -
1099 3956 1118 4015 ¹)
1136 3912 1228 4007 littori
1246 3954 1301 4007 ista
1319 3971 1374 4008 non
1394 3963 1436 4009 est
1454 3963 1574 4024 reperta.

417 4464 504 4531 334.
525 4462 689 4530 lebannes
712 4461 871 4543 qcmndam
892 4459 1052 4525 lobannis
1075 4458 1113 4523 de
1136 4458 1307 4523 Kannnicc
1328 4456 1500 4541 supplicat,
1522 4462 1678 4540 qnatenus
1699 4479 1802 4525 secum
1824 4480 1919 4544 super

824 4565 949 4646 defectu
970 4564 1130 4629 natalium
1150 4568 1182 4627 ct
1203 4562 1285 4627 oculi
1306 4563 1513 4648 dispensetur.

1377 4718 1540 4798 Aviuionc,
1562 4722 1651 4786 1344
1672 4719 1800 4804 Aprilis
1819 4724 1872 4786 20.

515 4894 682 4980 Significat
714 4896 746 4963 S.
780 4896 818 4961 V.
852 4894 988 4960 devotus
1021 4899 1128 4958 vester
1156 4898 1264 4959 orator
1296 4892 1461 4957 iohannes
1493 4893 1653 4974 quondam
1685 4893 1843 4959 Johauuis
1876 4893 1917 4958 dc

414 4998 573 5081 Kcmnicc,
596 5000 768 5083 Pragensis
790 4999 938 5077 diocesis,
961 4997 1046 5079 quod
1068 4998 1144 5062 olim
1166 4997 1273 5061 dictus
1294 4994 1469 5074 lohannes,
1496 5002 1590 5079 pater
1612 5015 1699 5075 suus,
1721 5016 1792 5062 eum
1814 5003 1917 5062 matre

414 5121 470 5170 sua
491 5103 729 5170 matrimonium
751 5101 949 5167 clandestine
979 5101 1137 5167 contraxit
1158 5106 1193 5163 et
1212 5118 1272 5181 per
1293 5098 1411 5164 multas
1433 5117 1534 5163 annos
1558 5100 1686 5164 insimul
1708 5106 1744 5164 ut
1765 5100 1917 5182 coniuges

413 5206 596 5275 habitarunt
617 5211 652 5270 et
673 5206 778 5287 ipsum
799 5205 980 5269 iohannem
1001 5224 1038 5268 nc
1061 5204 1173 5285 plures
1203 5204 1285 5268 alios
1315 5204 1432 5268 liberos
1462 5209 1679 5285 procrearunt,
1713 5203 1789 5269 licet
1811 5204 1915 5269 dietus
