5184 7050
541 844 608 911 668

553 1050 675 1119 1251.
697 1048 841 1118 Johouui
864 1047 1033 1115 deuotum
1056 1048 1093 1114 de
1118 1045 1233 1115 Ciossa
1249 1047 1436 1133 prouideteu
1450 1047 1473 1130 ¹)
1497 1048 1535 1113 dr
1553 1047 1757 1132 parrochiali
1779 1043 1924 1112 ecdesia
1942 1045 1979 1109 ia
1996 1043 2068 1111 lue·

542 1153 692 1236 poticella
715 1158 857 1233 vaccule,
881 1159 916 1217 ut
938 1155 973 1218 iu
995 1174 1079 1218 uum.
1103 1156 1190 1218 1250
1211 1152 1427 1236 supplicatum
1449 1154 1564 1218 emeth.
1586 1154 1639 1229 ,D.
1663 1150 1828 1217 Auioioue
1852 1151 1898 1216 Il
1916 1149 1964 1216 id.
1985 1150 2066 1218 Jeeii

550 1280 579 1325 a
614 1264 715 1325 nouo!
751 1297 792 1307 —
827 1261 867 1324 Iu
903 1280 928 1323 e.
962 1278 1003 1323 ue.
1040 1258 1183 1341 episcopo
1221 1257 1399 1322 lubecensi
1432 1261 1463 1322 et
1497 1257 1606 1322 abbati·
1637 1255 1830 1321 monasterii
1865 1254 2065 1337 swanua

555 1362 816 1429 Vratislaoieusis
839 1362 982 1442 diocesis,
1005 1383 1043 1426 ac
1064 1362 1220 1427 sacristae
1242 1361 1391 1426 ccclesiae
1412 1360 1644 1427 Aoiuioueusis.
1679 1362 1800 1425 ibrum
1824 1364 1862 1424 ut
1887 1361 1926 1424 ire
1949 1381 1981 1424 u.
2001 1361 2063 1425 illl.

1551 1474 1713 1548 Aoiuioue,
1740 1476 1832 1540 1350
1853 1474 1959 1541 Juaii
1979 1477 2027 1539 12.

654 1586 803 1641 Clementis
822 1585 861 1640 VI
879 1585 911 1639 V.
931 1591 981 1640 205
1001 1560 1081 1639 issee'
1106 1602 1131 1639 n.
1154 1590 1196 1652 28,
1227 1585 1262 1639 de
1280 1584 1421 1640 beneficiis
1445 1585 1620 1653 ramatham
1647 1585 1783 1654 quaterni
1811 1584 1979 1639 huiusmodi
1997 1585 2021 1638 in
2037 1587 2062 1646 h,

550 1672 687 1729 deficiunt.
705 1673 773 1741 Reg.
792 1673 819 1726 in
838 1671 937 1726 ZVGA
955 1671 1112 1727 Schlesiens
1130 1670 1215 1739 HV,
1234 1677 1293 1725 293.
1313 1703 1346 1713 -
1367 1673 1387 1739 ¹)
1406 1670 1440 1726 de
1460 1673 1661 1741 supplicatione
1680 1671 1850 1727 hlieuordis
1883 1671 1921 1726 dc
1941 1672 2060 1726 murenis

549 1760 595 1815 hic
613 1760 690 1814 nulle
707 1760 737 1814 iit
755 1759 866 1815 mentio.

1201 1851 1242 1858 -ι
1252 1852 1408 1859 --.-.-—-

551 1988 673 2055 1252.
698 1986 841 2060 Carolus,
865 1987 1079 2051 Rousouorum
1101 2006 1168 2064 ree,
1190 1985 1362 2071 supplicat,
1384 1992 1421 2052 ut
1443 1986 1583 2068 liudolfo
1610 1986 1693 2052 dicto
1717 1988 1827 2065 Lossc,
1852 1984 2058 2071 capellanoet

551 2091 733 2157 consiliario
761 2110 828 2166 suo,
859 2089 1057 2167 coucedatur,
1087 2095 1124 2155 ut
1152 2092 1357 2156 canonicatus
1380 2096 1411 2157 et
1435 2090 1637 2176 praebendae
1659 2112 1698 2157 oo
1720 2091 1905 2157 &canotus
1927 2088 2058 2155 teduine

908 2194 1165 2276 hlopuutineasis
1182 2194 1413 2279 possessiouem
1437 2196 1575 2280 adipisci
1591 2196 1706 2280 possit.

1552 2309 1717 2389 Aoiuiouc,
1740 2311 1831 2374 1350
1853 2307 1955 2375 Juuii
1975 2310 2021 2374 15.

654 2421 817 2506 Significat
839 2421 870 2488 S.
894 2421 932 2485 V.
956 2422 1180 2489 devotissimus
1203 2424 1225 2489 i.
1248 2445 1277 2488 v.
1301 2423 1450 2504 Karalus,
1481 2424 1693 2490 Romanorum
1724 2441 1792 2501 rex,
1825 2422 1915 2504 quod
1951 2421 2053 2488 dudum

554 2527 586 2595 S.
609 2527 647 2593 V.
671 2526 711 2591 de
734 2526 920 2593 canonicatu
944 2538 974 2591 et
998 2528 1161 2610 prebenda
1183 2547 1220 2594 ae
1242 2528 1399 2594 decanatu
1422 2528 1558 2595 ecclesio
1585 2528 1783 2611 Mogontiue,
1809 2544 1893 2609 quos
1929 2526 2057 2591 dominus

559 2630 724 2710 Gerlacus,
760 2630 1019 2714 archiepiscopus
1060 2633 1277 2715 hloguntinus,
1318 2638 1461 2717 tempore
1499 2633 1708 2716 promociouis
1746 2638 1780 2696 et
1818 2631 2058 2697 mnsecracion'a

553 2753 611 2801 sue
644 2736 676 2801 in
711 2736 781 2818 ipsa
815 2734 952 2801 ecelesia
986 2737 1160 2818 obtinebat,
1194 2736 1328 2803 Rodolio
1360 2737 1446 2804 dicto
1468 2738 1579 2817 Losse,
1602 2735 1731 2802 officiali
1753 2736 1963 2814 Treuerensi,
1985 2734 2057 2799 sedis

552 2840 728 2923 apostolice
762 2840 927 2924 capellano
961 2845 994 2905 et
1028 2842 1129 2924 ipsius
1162 2842 1247 2925 regis
1282 2842 1472 2923 consiliario,
1506 2841 1680 2925 providerit
1702 2840 1852 2923 graciose
1877 2844 1912 2905 et
1935 2839 2054 2905 voluerit

552 2944 652 3010 eciam
675 2945 716 3010 de
739 2963 893 3011 consensu
917 2945 1053 3028 predicti
1076 2945 1211 3026 Rodolfi,
1234 2946 1320 3029 quod
1344 2948 1413 3030 ipse
1436 2948 1670 3031 possessionem
1697 2964 1809 3010 eorum
1842 2945 1981 3027 adipisci
2008 2961 2058 3007 nou

552 3048 683 3129 valeret,
718 3048 818 3114 donec
851 3049 935 3114 idem
970 3050 1230 3134 archiepiscopus
1263 3052 1499 3133 possessionem
1534 3049 1827 3115 administracionis
1861 3051 2058 3115 bonorumet

552 3154 669 3219 iurium
703 3153 999 3236 archiepiscopatus
1033 3156 1083 3220 sui
1117 3154 1201 3220 ieret
1233 3155 1366 3237 pacifice
1401 3160 1568 3221 assecutus
1597 3154 1648 3219 vel
1679 3155 1766 3237 ipsos
1790 3155 2013 3220 canonicatum
2032 3159 2057 3217 et

553 3258 745 3341 prebendam
768 3278 806 3323 ac
828 3259 1016 3324 decanatum
1039 3259 1139 3325 libere
1162 3260 1347 3340 dimitteret,
1371 3260 1518 3344 idemque
1541 3259 1802 3341 archiepiscopus
1835 3257 2054 3324 administraci-

553 3381 645 3429 onem
675 3363 887 3445 spiritualium
916 3365 1020 3430 tocius
1050 3365 1189 3431 civitatis
1220 3372 1253 3430 et
1281 3366 1410 3431 maioris
1444 3365 1543 3447 partis
1566 3363 1702 3429 diocesis
1726 3380 1859 3428 suarum
1883 3367 1920 3428 et
1943 3360 2056 3427 nonnul·

553 3464 654 3532 lorum
685 3467 837 3533 bonorum
867 3469 1089 3553 temporalium
1117 3469 1201 3535 dicte
1225 3468 1361 3535 ecclesie
1383 3468 1520 3552 adeptus
1543 3469 1671 3535 existat.
1696 3468 1805 3547 Quare
1830 3467 1995 3552 supplicat
2013 3483 2057 3532 rer

555 3571 728 3655 predictus
741 3577 899 3654 quatenus
911 3578 1086 3639 memorato
1099 3574 1244 3656 Redolio,
1263 3581 1299 3640 ut
1314 3577 1394 3658 ipse,
1409 3575 1563 3658 predictis
1579 3579 1635 3639 aut
1650 3590 1843 3656 quacunque
1859 3573 2059 3644 concessione,

554 3693 613 3760 per
627 3675 658 3741 S.
675 3676 712 3741 V.
729 3676 832 3741 eidem
854 3677 1093 3761 archiepiscopo
1116 3679 1201 3745 lucta
1224 3680 1264 3745 de
1287 3680 1382 3745 dietis
1406 3680 1593 3745 canonicatu
1616 3683 1649 3742 et
1672 3677 1837 3761 prebenda
1860 3696 1902 3743 ao
1919 3678 2058 3744 desumto

556 3781 731 3846 retinendis
754 3786 810 3847 aut
832 3800 940 3847 eorum
963 3782 1119 3849 fructibus
1152 3784 1376 3867 percipiendis,
1402 3784 1461 3850 sub
1495 3801 1684 3865 quacunque
1717 3782 1820 3847 forma
1854 3781 1909 3847 vel
1948 3797 2060 3848 conces

557 3886 645 3952 sione
681 3887 858 3965 verborum,
892 3905 986 3968 quam
1016 3887 1134 3954 habere
1164 3885 1336 3972 dignemini
1364 3907 1423 3972 pro
1446 3905 1607 3971 expressa,
1630 3904 1833 3969 nequaquam
1857 3885 2058 3952 obstantibus

557 3990 713 4056 dictorum
736 3991 941 4057 canonicatus
963 3997 997 4056 et
1018 3992 1180 4074 prebende
1203 4012 1241 4058 ae
1264 3993 1439 4058 decanatus
1461 3992 1697 4075 possessiouem
1719 3989 1857 4073 adipisci
1880 3996 1917 4057 et
1937 3990 2059 4074 moden

556 4100 590 4161 et
612 4101 799 4160 executores
822 4095 872 4160 sui
896 4095 927 4159 in
950 4096 1130 4161 huiusmodi
1152 4097 1345 4163 erecucioue
1368 4096 1492 4179 negocii
1511 4095 1684 4179 procedere
1699 4094 1801 4159 libere
1818 4095 1961 4173 adeant,
1976 4094 2058 4160 salsis

555 4204 662 4265 tamem
684 4200 803 4282 grossis
826 4200 982 4265 huctibus
1005 4202 1177 4267 eorundem
1200 4203 1414 4282 canonicatus,
1438 4201 1599 4284 prebende
1622 4205 1656 4265 et
1678 4200 1856 4265 decanatus
1881 4201 1945 4282 ipsi
1972 4198 2058 4264 archi·

558 4306 717 4388 episcopo,
741 4304 840 4371 donec
863 4305 933 4386 ipse
963 4306 1113 4371 maiorem
1146 4311 1270 4389 partem
1304 4305 1592 4372 administracionis
1625 4303 1851 4386 temporalium
1887 4305 1939 4369 sui
1973 4301 2059 4368 archi·

559 4410 761 4493 episcopatus
794 4413 962 4475 assecutus
996 4410 1093 4475 luerit
1130 4415 1186 4476 aut
1222 4429 1319 4493 super
1356 4410 1436 4494 ipsis
1472 4408 1702 4492 temporalibus
1739 4426 1797 4473 seu
1832 4409 1949 4473 maiori
1982 4413 2059 4491 parto

557 4514 750 4596 transegerit
769 4518 824 4579 aut
847 4512 928 4579 alias
951 4515 1173 4597 composuerit,
1197 4516 1370 4598 dignemini
1393 4515 1576 4595 concedere,
1600 4532 1671 4579 cum
1694 4512 1842 4578 omnibus
1865 4511 2016 4578 clausulis
2034 4517 2057 4572 u

557 4616 630 4683 aliis
653 4637 715 4683 non
737 4619 938 4684 obstantibus
960 4620 1126 4702 oportunis
1149 4626 1183 4685 et
1205 4620 1439 4685 executoribus.

660 4722 733 4787 Fiat
755 4723 792 4787 R.
836 4723 880 4788 Et
902 4741 932 4804 q.
955 4728 978 4787 t.
1002 4741 1027 4787 s.
1050 4741 1078 4787 a.
1103 4723 1123 4787 l.
1168 4723 1241 4788 Fiat
1262 4723 1300 4787 R.
1347 4724 1385 4788 D.
1409 4722 1566 4788 Auinione
1597 4719 1689 4787 XVII
1715 4720 1778 4785 kal.
1803 4720 1885 4786 iulii
1918 4742 1947 4787 a
1980 4737 2057 4787 nono.

663 4842 811 4899 Clementis
829 4842 912 4898 VIS.
930 4843 997 4912 lel
1017 4844 1072 4908 (20)
1090 4842 1108 4897 i.
1128 4847 1171 4898 58.

559 5089 679 5156 1253.
721 5086 864 5168 Carolus,
897 5110 954 5154 rec
989 5090 1211 5167 Romareorum,
1246 5092 1388 5169 reputor,
1419 5093 1455 5153 ut
1489 5088 1639 5168 Quidoui,
1672 5067 1828 5172 episcopo,
1862 5091 1894 5152 et
1928 5083 2059 5154 aeduine

559 5191 700 5275 Aqeoeasi
738 5212 800 5276 pro
833 5193 1069 5277 recuperatione
1101 5192 1300 5273 quorundam
1334 5197 1521 5271 castrorum,
1555 5191 1706 5256 bonorum
1736 5196 1767 5255 et
1796 5193 1907 5257 iurum
1937 5189 2057 5258 mamm

558 5297 705 5364 cccloeiae
728 5296 861 5362 auxiliis
884 5297 1019 5362 acuat
1040 5298 1070 5360 et
1089 5294 1260 5379 priudcpia
1283 5295 1386 5381 ipsius
1408 5295 1558 5362 molestae
1579 5296 1750 5380 coufirmat.
1785 5297 1840 5375 ,D.
1863 5301 1902 5361 ut
1924 5317 1950 5363 s.
1978 5292 2060 5384 [Au-

1007 5401 1098 5465 nioue
1123 5400 1194 5464 XII
1210 5399 1275 5467 ital.
1298 5399 1384 5467 Jtdii
1406 5423 1436 5467 o.
1459 5397 1575 5488 oouo.]‘
1592 5401 1615 5482 ¹)

1562 5504 1726 5581 Aoiuiooe,
1749 5506 1839 5572 1350
1864 5507 1959 5575 Juaii
1978 5509 2025 5571 20.

665 5620 812 5675 Clementis
837 5618 874 5673 VI
900 5618 931 5673 V.
959 5623 1006 5671 loo
1032 5621 1113 5686 (secr.
1138 5633 1161 5672 a.
1189 5616 1239 5685 IX)
1268 5615 1286 5669 i.
1315 5622 1356 5670 34.
1377 5647 1409 5656 -
1428 5616 1495 5686 Reg.
1516 5615 1678 5686 Weruuslry,
1698 5616 1841 5686 Excerpta
1859 5634 1886 5672 n.
1904 5615 2059 5684 sibilator

563 5710 610 5762 'lit
633 5723 658 5760 n.
678 5715 736 5762 atti.
758 5739 788 5750 -
811 5708 830 5770 ²)
850 5715 880 5761 ut
903 5706 930 5759 in
958 5705 977 5760 i.
1005 5711 1051 5758 3⁴:
1080 5704 1209 5772 iohanni,
1238 5703 1448 5775 archiepiscopo
1467 5703 1674 5758 Mediolanensi.

1213 5875 1417 5884 —..——-—-—-
