5184 7050
534 824 598 891 276

532 1033 627 1099 465.
651 1032 786 1096 Henn’eo
808 1031 890 1096 dieto
912 1031 951 1097 do
972 1033 1070 1114 Kryr,
1091 1031 1173 1097 laico
1199 1034 1370 1114 Prayeusis
1392 1033 1533 1113 diocesis,
1558 1034 1735 1099 conceditur
1757 1033 1914 1098 absolutio
1943 1034 2030 1118 pleno

534 1135 569 1200 in
587 1137 697 1201 meotis
720 1136 863 1201 articulo.
887 1139 939 1216 ‚D.
955 1137 1112 1201 Aninioue
1127 1137 1251 1202 XVIII
1266 1137 1331 1204 ou.
1346 1138 1504 1206 Ianuarii
1519 1160 1549 1204 o.
1565 1138 1681 1205 cerem‘
1704 1141 1821 1205 mrum
1836 1143 1873 1203 ut
1887 1139 1924 1203 in
1937 1161 1967 1205 n.
1981 1141 2027 1205 65.

1438 1329 1602 1406 Asinionc,
1628 1332 1717 1395 1344
1738 1328 1922 1396 Desemlm's
1944 1333 1994 1396 15.

640 1542 788 1598 Clementis
806 1544 842 1597 Vl
860 1545 892 1598 A.
911 1545 980 1615 Ilel
999 1548 1055 1614 (80)
1072 1546 1091 1600 t.
1106 1550 1147 1599 ἴθ’
1161 1563 1187 1600 n.
1199 1549 1260 1612 481,
1274 1543 1309 1598 de
1323 1543 1495 1600 absolutione
1508 1562 1552 1613 qu.
1565 1551 1581 1596 '2
1592 1544 1665 1599 :V.
1680 1550 1728 1598 166
1740 1545 1759 1599 f.
1772 1547 1833 1600 δεῦθ’
1847 1563 1875 1600 ιι.
1891 1550 1941 1600 469
1953 1545 2031 1614 (sicl).

1182 1827 1387 1835 .-

535 2119 628 2186 466.
660 2116 801 2195 enum,
831 2117 971 2181 marchio
1002 2121 1176 2194 Morauioe,
1210 2119 1381 2203 supplicat,
1406 2126 1559 2202 quatem
1582 2140 1652 2182 oum
1679 2121 1769 2182 Petro
1792 2118 1875 2183 dieto
1899 2121 2034 2203 Hopfet

686 2219 815 2302 Aguete,
837 2242 934 2286 uxore
956 2222 1033 2302 eius,
1056 2244 1152 2306 super
1174 2224 1375 2288 mammonin
1397 2223 1464 2287 lom
1486 2226 1645 2287 contracto
1667 2222 1876 2306 dispensetur.

1443 2414 1606 2494 delusione,
1629 2416 1715 2478 1344
1737 2413 1922 2478 Decembris
1943 2421 1994 2481 22.

638 2603 801 2687 Significat
823 2606 854 2670 S.
878 2605 915 2669 V.
940 2605 1072 2671 devotus
1095 2606 1116 2672 f.
1140 2627 1169 2671 v.
1193 2607 1340 2686 Karalus,
1360 2607 1500 2672 marchio
1524 2607 1677 2684 Morauie,
1702 2606 1933 2689 primogenitus
1954 2608 2034 2689 regis

533 2710 673 2787 Boemie,
708 2709 792 2790 qnod
825 2709 899 2773 olim
922 2710 981 2776 XV
1003 2711 1094 2776 annis
1128 2711 1246 2794 elapsis
1280 2711 1416 2778 dilectus
1450 2730 1527 2777 suus
1560 2711 1674 2776 Petrus
1708 2710 1813 2774 dictus
1839 2709 1938 2792 Hopl,
1961 2712 2033 2776 civis

535 2813 751 2891 Chattnensis,
774 2818 808 2878 et
830 2814 964 2895 quedam
988 2816 1104 2894 Agnes,
1128 2816 1271 2882 eiusdem
1293 2816 1365 2895 loci,
1389 2816 1557 2897 Pragensis
1580 2815 1727 2892 diocesis,
1751 2816 1935 2895 ignorantes
1957 2816 2035 2880 inter

534 2936 590 2984 eos
612 2918 739 3000 aliquod
761 2919 1019 3000 impedimentum
1042 2920 1189 2998 existere,
1213 2920 1298 3002 quod
1332 2921 1564 2986 matrimonium
1595 2919 1774 3002 impediret,
1804 2921 2033 2984 matrimonium

534 3024 574 3088 ad
608 3023 740 3087 invicem
774 3023 814 3087 ad
847 3022 973 3087 modum
994 3028 1028 3088 et
1050 3025 1309 3089 consuetudinem
1332 3023 1418 3089 illius
1441 3025 1553 3106 patric,
1578 3025 1609 3088 in
1632 3044 1695 3107 qua
1716 3043 1779 3088 non
1801 3030 2032 3089 consueverunt

533 3129 638 3192 banna
661 3127 768 3209 aliqua
791 3128 823 3192 in
845 3129 1044 3193 matrimonio
1068 3129 1182 3192 civium
1206 3134 1239 3193 et
1261 3129 1413 3194 nobilium
1437 3129 1633 3211 proclamari,
1656 3129 1770 3193 bannis
1793 3148 1856 3194 non
1886 3130 1983 3194 editis
2005 3130 2033 3193 in

533 3231 616 3296 facie
647 3231 782 3296 ecclesie
812 3231 985 3296 solenniter
1014 3237 1240 3296 contraxerunt
1269 3238 1304 3298 et
1336 3235 1460 3313 inipso
1490 3234 1690 3297 matrimonio
1720 3233 1830 3297 decem
1860 3238 1928 3297 tam
1957 3233 2033 3298 filios

533 3354 628 3417 quam
657 3335 740 3400 filias
770 3341 987 3418 susceperunt.
1032 3336 1150 3401 Verum
1180 3338 1283 3402 tribus
1314 3339 1404 3402 annis
1435 3339 1576 3417 proxime
1607 3337 1714 3419 lapsis,
1739 3337 1770 3401 in
1793 3338 1911 3418 quibus
1934 3339 2030 3419 parati

533 3445 641 3505 sancte
670 3441 780 3505 matris
810 3437 943 3505 ecclesie
973 3440 1102 3505 obedire
1125 3441 1282 3505 mandatis
1307 3442 1346 3505 ab
1370 3442 1452 3505 omni
1475 3441 1596 3505 carnali
1620 3441 1733 3524 copula
1755 3448 1972 3519 cessaverunt,
1995 3442 2031 3507 ad

533 3565 640 3611 eorum
674 3547 821 3611 noticiam
855 3550 906 3610 est
939 3545 1119 3624 delectum,
1154 3547 1237 3629 quod
1261 3597 1293 3611 ..
1318 3548 1476 3628 qnondam
1509 3551 1612 3611 mater
1642 3547 1718 3611 dicti
1749 3547 1836 3612 Petri
1859 3548 2030 3629 predictam

532 3651 686 3731 Agnetem
710 3650 749 3714 de
772 3668 862 3716 sacro
893 3650 980 3716 tonte
1010 3650 1135 3715 levavit.
1183 3650 1264 3716 Cum
1286 3657 1402 3729 autem
1427 3656 1518 3731 pater
1541 3652 1748 3730 sanctissime,
1773 3671 1811 3716 ex
1836 3652 1985 3729 divorcio,
2008 3652 2031 3715 si

531 3753 624 3819 fieret
652 3755 736 3819 inter
764 3773 828 3833 eoa,
861 3759 990 3836 possent
1019 3756 1102 3819 inter
1132 3756 1232 3836 ipsius
1263 3756 1360 3834 Petri,
1391 3757 1444 3837 qui
1468 3757 1500 3820 in
1523 3762 1671 3820 montana
1695 3755 1894 3833 Chattnensi,
1920 3757 1973 3821 ubi
1995 3755 2031 3819 ad

530 3876 673 3940 magnam
703 3858 872 3923 utilitatem
906 3859 982 3923 dicti
1006 3859 1196 3923 marchionis
1218 3866 1384 3941 argentum
1406 3860 1534 3937 foditur,
1560 3866 1672 3941 potens
1695 3861 1812 3937 existit,
1837 3864 1870 3924 et
1892 3860 2031 3944 predicta

530 3963 663 4046 Agnetis
690 3964 941 4046 consanguineos
964 3968 997 4028 et
1019 3964 1136 4027 amicos
1159 3963 1445 4046 argentifodinas·)
1472 3970 1504 4030 et
1526 3965 1605 4029 elios
1628 3984 1752 4047 guerre,
1776 3964 2001 4042 dissensiones,
2009 3963 2032 4046 l)

530 4068 704 4133 occisiones
720 4073 753 4133 et
767 4067 916 4133 scandala
938 4067 1074 4151 plurima
1097 4069 1128 4131 in
1153 4068 1260 4150 populi
1284 4067 1447 4134 christiani
1470 4067 1596 4133 illarum
1619 4070 1761 4149 parcium
1783 4069 2031 4135 destruccionem

530 4177 564 4237 et
585 4173 685 4255 ipsius
707 4172 895 4237 marchionis
917 4191 979 4236 non
1003 4172 1158 4237 modicum
1182 4172 1350 4253 dampnum
1374 4174 1459 4249 oriri,
1479 4173 1638 4254 supplicat
1651 4173 1814 4238 humiliter
1829 4173 1934 4239 eidem
1951 4174 1981 4240 S.
1997 4174 2030 4238 V.

529 4278 612 4343 idem
635 4278 784 4349 marchio,
802 4283 960 4359 quatenus
975 4277 1014 4340 ad
1031 4277 1179 4341 evitanda
1198 4277 1347 4341 scandala
1369 4283 1402 4340 et
1424 4277 1559 4359 dampna
1581 4279 1726 4359 predicta
1749 4297 1819 4341 cum
1842 4279 1922 4359 ipsis
1945 4280 2033 4343 Petro

529 4387 562 4447 et
595 4382 728 4465 Agnete,
764 4389 798 4448 ut
833 4383 865 4446 in
895 4382 941 4446 sic
973 4386 1134 4445 contracto
1168 4382 1367 4446 matrimonio
1390 4382 1613 4464 impedimento
1636 4402 1698 4446 non
1721 4383 1869 4446 obstante
1893 4383 2031 4465 predicto

528 4486 668 4569 legitime
698 4487 827 4551 valeant
859 4492 894 4550 ut
925 4486 1074 4568 coniuges
1103 4504 1278 4564 remanere,
1310 4505 1348 4550 ex
1379 4486 1575 4565 benignitate
1602 4487 1696 4550 solita
1718 4486 1891 4568 dignemini
1913 4488 2031 4552 miseri-

528 4591 668 4656 corditer
697 4592 892 4673 dispensare,
926 4590 1046 4672 prolem
1077 4595 1256 4671 susceptam
1286 4594 1321 4655 et
1351 4591 1583 4671 srrscipiendam
1613 4589 1785 4671 legitimam
1816 4589 2030 4655 decernentes.

632 4696 705 4760 Flet
727 4714 784 4778 per
806 4695 1019 4773 diocesanum,
1044 4696 1070 4758 si
1095 4695 1215 4773 sitite,
1239 4694 1296 4758 sed
1320 4694 1454 4758 fundent
1477 4700 1508 4758 et
1532 4694 1643 4757 dotent
1665 4693 1746 4758 infra
1761 4693 1926 4759 biennium
1943 4714 2029 4760 unam

530 4801 684 4881 capellam
717 4800 756 4863 de
785 4800 1037 4881 vigintiquinque
1068 4799 1195 4863 llcrenis
1229 4799 1266 4862 R.
1312 4800 1355 4863 Et
1378 4817 1407 4879 q.
1431 4803 1453 4860 t.
1477 4815 1502 4861 s,
1526 4818 1552 4861 a.
1577 4797 1597 4861 l.
1636 4797 1707 4861 Fiat
1729 4796 1766 4860 R.
1812 4798 1851 4863 Ι).
1879 4799 2030 4863 Aninione

442 4944 462 4970 .
528 4903 575 4970 XI
597 4904 660 4968 kal.
685 4903 829 4970 Ianuarii
853 4923 881 4968 a.
905 4904 1015 4968 tercio.

631 5117 780 5174 clementis
798 5117 835 5171 vl
855 5115 881 5170 S.
900 5116 968 5186 Insa
987 5122 1024 5183 (7)
1044 5116 1061 5170 l.
1083 5120 1151 5171 118¹.
1170 5148 1203 5157 -
1230 5118 1253 5186 ι)
1273 5118 1313 5173 sic
1331 5118 1357 5173 S.
1385 5117 1408 5184 b)
1427 5115 1634 5184 ,dissenciones
1652 5114 1679 5170 S.
