5184 7050
2001 888 2064 956 769

553 1083 673 1151 1496.
700 1084 893 1149 Theoderico
915 1086 953 1149 de
977 1089 1110 1152 Bruuna
1137 1089 1325 1171 providetur
1348 1091 1386 1154 de
1408 1091 1596 1154 canonicatu
1619 1092 1766 1155 ccclesiae
1787 1097 1893 1158 sancti
1915 1096 2005 1159 Petri
2026 1098 2064 1161 dc

553 1187 699 1267 Brnuna,
725 1188 938 1254 Olomucensis
961 1191 1101 1272 diocesis,
1124 1193 1181 1257 aab
1204 1195 1419 1276 expectatione
1434 1193 1644 1277 praebendae.
1670 1196 1722 1273 ,D.
1740 1195 1896 1261 Aninione
1913 1199 1969 1263 lli
1989 1219 2061 1265 non.

550 1288 637 1357 tuit
651 1313 681 1356 a.
699 1292 880 1357 undecimo!
897 1333 938 1340 —
964 1296 1041 1360 Ine.
1057 1317 1098 1359 m.
1119 1296 1227 1360 abbati
1248 1298 1434 1362 monasterii
1457 1297 1749 1363 Zahrdooiceneia·.
1770 1320 1871 1384 prope
1894 1304 2062 1367 Brunnam

552 1398 584 1457 et
611 1397 799 1479 'praeposito
836 1397 1114 1481 asseruerant)
1157 1400 1370 1467 (dorcacensis
1407 1401 1548 1480 diocesis,
1583 1424 1621 1467 ac
1653 1403 1810 1468 sacristae
1842 1405 2064 1471 Aninioneneis

673 1512 682 1585 Ι
1012 1502 1226 1568 ecclesiarum.
1250 1506 1366 1569 hrum
1388 1508 1425 1569 nt
1446 1506 1481 1568 in
1503 1527 1533 1572 n.
1556 1508 1587 1570 6.

598 1582 641 1724 ‚l'l
660 1604 711 1724 ’.ἑ
1586 1611 1746 1691 Aainionc,
1773 1615 1856 1676 1352
1878 1612 1963 1681 Julii
1985 1616 2015 1678 5.

659 1791 808 1848 Clementis
823 1794 860 1847 Vl
878 1797 910 1847 Α.
930 1795 992 1863 llll!
1017 1801 1090 1858 (120)
1109 1795 1127 1850 i.
1147 1801 1205 1863 336,
1225 1795 1259 1851 de
1277 1797 1440 1851 canonicatu
1458 1799 1511 1853 sub
1531 1799 1721 1867 expectatione
1740 1800 1914 1868 praebendae
1932 1820 1977 1871 qu.
1998 1810 2008 1855 1
2024 1821 2056 1854 :

551 1878 585 1932 V.
609 1885 661 1933 tlt
688 1880 706 1934 t.
733 1882 791 1933 Μ’
818 1897 845 1934 ιι.
870 1886 929 1936 ³82.
954 1912 987 1921 -
1011 1882 1062 1935 Ed.
1088 1883 1173 1937 GDM.
1199 1884 1264 1937 v111
1287 1899 1315 1937 n.
1342 1890 1399 1938 loo.
1419 1916 1452 1925 -
1479 1888 1501 1952 Ι)
1527 1884 1799 1953 ,Zabardouicensls‘
1822 1890 1857 1942 A.
1886 1892 1908 1955 ΙΙ)
1933 1888 2060 1955 ,Cherus-

551 1966 649 2020 censia‘
669 1967 701 2019 Α.

1202 2098 1408 2106 .——---..

552 2331 673 2397 1496.
694 2330 839 2398 Johanni
857 2332 1016 2396 Wcrahcri
1039 2332 1076 2397 de
1091 2334 1207 2413 Lesna,
1231 2334 1347 2399 rectori
1363 2334 1563 2417 parochialis
1585 2336 1731 2401 ecclesiae
1752 2338 1786 2400 in
1801 2336 2060 2422 Striyonoraicr,¹)

557 2434 816 2500 Vratisiaaienaie
846 2435 987 2515 diocesis,
1018 2442 1199 2501 reserantur
1227 2437 1408 2521 benficium
1437 2459 1506 2504 earm
1538 2438 1586 2504 eet
1607 2440 1675 2504 aine
1697 2460 1784 2518 curo,
1808 2442 1897 2505 cuius
1924 2446 2057 2521 frotetus

550 2542 593 2603 25
615 2560 698 2622 resp.
720 2541 765 2604 18
785 2560 969 2604 marcarum
991 2542 1116 2622 arpenti
1138 2562 1164 2607 s.
1186 2546 1209 2607 t.
1233 2542 1263 2607 d.
1286 2542 1426 2607 calmem
1449 2564 1589 2607 annuum
1611 2564 1674 2608 non
1695 2544 1856 2624 eor-cedant,
1872 2546 1997 2628 siquod
2016 2547 2059 2612 ad

550 2642 747 2708 mhatmaem
781 2643 917 2728 epiceopi
951 2648 982 2709 et
1014 2644 1136 2726 decani,
1167 2645 1387 2711 archidiaconi
1416 2652 1446 2711 et
1466 2647 1602 2730 capituti
1631 2647 1887 2715 Vratislaoiensis
1910 2650 2059 2715 ecclesiae

548 2749 652 2827 vacat,
681 2745 730 2812 oet
758 2749 1020 2827 amandaverit,
1042 2769 1105 2814 non
1127 2750 1279 2830 obstante,
1303 2750 1395 2831 ,quod
1411 2751 1648 2833 parrochialem
1671 2752 1831 2817 eedesiam
1855 2752 1892 2817 de
1914 2753 2056 2835 Strinao·

548 2850 669 2929 uomitu,
700 2849 971 2915 Wratiataniensis
993 2851 1135 2933 diocesis,
1158 2855 1294 2918 nosceris
1317 2852 1461 2919 obtinere.
1503 2854 1648 2918 Volumus
1678 2859 1793 2935 autem,
1823 2856 1914 2938 qaod,
1946 2877 2056 2939 qnam·

542 2954 686 3037 primum
707 2955 813 3036 ripere
827 2955 1028 3038 presencium
1052 2959 1198 3021 arratum
1212 2956 1394 3040 herreficium
1410 2957 1545 3043 pacifice
1560 2959 1670 3040 saeris
1686 2963 1856 3034 assecutus,
1875 2962 2057 3043 predictam

543 3055 779 3140 parrochialem
800 3057 977 3139 ecclesiam,
1000 3080 1095 3142 qnam
1116 3064 1229 3127 extunc
1243 3081 1360 3126 vocare
1375 3061 1579 3142 decernimus,
1596 3064 1719 3128 omnino
1736 3064 1893 3128 dimittere
1908 3066 2056 3132 tenearis.

549 3160 1472 3232 .....1)Aeonumlclmnaauaanoeamof-
1503 3169 1545 3231 In
1574 3189 1599 3231 e.
1629 3189 1670 3232 m.
1701 3172 1832 3232 sanctae
1864 3170 1992 3233 itariae
2022 3168 2056 3233 in

547 3265 660 3332 Areua
681 3270 711 3331 ct
725 3268 832 3332 sanai
845 3267 998 3332 Vincentii
1015 3289 1116 3353 prope
1131 3269 1359 3336 Vratislaoiam
1380 3271 1641 3336 uwnosteriorum
1664 3271 1828 3336 abbatibus
1848 3293 1887 3337 ac
1902 3273 2057 3336 serenatae

903 3372 1051 3437 ecclesiae
1073 3372 1304 3440 Asinioncnsie.
1352 3375 1466 3440 Forma
1488 3379 1524 3438 at
1545 3375 1581 3439 in
1602 3396 1633 3438 n.
1656 3379 1686 3442 2.

592 3526 638 3615 ‚i
1578 3513 1743 3590 avaritae,
1765 3518 1851 3581 1352
1873 3514 1957 3583 rats
1979 3519 2010 3581 5.

653 3680 804 3737 clementia
822 3681 859 3736 VI
877 3683 910 3738 A.
929 3683 996 3752 Xltl
1018 3685 1092 3752 (120)
1115 3682 1133 3738 i.
1153 3689 1212 3751 tlt,
1237 3684 1271 3739 dc
1298 3683 1440 3740 beneficiis
1467 3700 1529 3739 cum
1556 3685 1601 3739 vel
1627 3685 1685 3739 sine
1713 3700 1779 3739 eura
1807 3703 1851 3753 qu.
1877 3686 1981 3740 azv.
2003 3694 2052 3739 att

546 3767 567 3822 i.
586 3771 647 3824 240⁴
666 3786 692 3823 n.
710 3775 770 3822 476.
788 3799 822 3810 -
840 3768 907 3838 ng.
926 3769 955 3825 in
973 3769 1071 3824 ZVGA
1089 3769 1247 3826 Schlesiens
1273 3769 1358 3838 XXV,
1383 3775 1441 3824 tao.
1462 3800 1495 3811 —-
1515 3772 1534 3828 ¹t
1559 3770 1642 3825 bodie
1665 3771 1840 3838 ‚Pascbnitat
1877 3772 1931 3827 cir.
1960 3773 2053 3828 Codex

546 3854 614 3924 dipl.
632 3855 748 3911 silesiae
765 3855 828 3910 XIV
846 3872 908 3925 pag.
927 3863 961 3912 46
978 3874 1005 3910 n.
1024 3864 1067 3911 28.

546 4241 667 4308 1497.
692 4239 843 4306 Nicotaus
868 4239 1046 4306 Eberhardi
1067 4241 1105 4304 de
1127 4240 1284 4308 Budissin
1304 4239 1474 4324 supplicat,
1496 4244 1533 4304 at
1553 4239 1616 4303 sihi
1637 4238 1675 4302 de
1696 4240 1884 4304 canonicatu
1906 4239 2051 4304 ecclesiae

546 4342 719 4409 hsrsuensis
741 4344 799 4409 aa
828 4345 1042 4428 seminatione
1068 4345 1201 4409 maioris
1225 4344 1427 4428 praebendae
1456 4348 1549 4427 atque
1579 4342 1756 4424 dipaitatia
1782 4348 1974 4425 personatus
2002 4342 2050 4408 oei

963 4447 1063 4532 officii
1084 4469 1154 4514 cum
1175 4447 1223 4513 oct
1244 4448 1313 4514 sine
1334 4467 1412 4514 arra
1428 4447 1644 4531 provideatur.

1573 4567 1736 4646 Aniciana,
1758 4571 1846 4633 1352
1868 4567 1953 4635 Julii
1975 4571 2005 4633 6.

648 4723 814 4808 Supplicat
829 4726 859 4791 S.
877 4726 913 4791 V.
930 4725 1081 4790 Nicolaus
1096 4723 1265 4790 Ebirhardi
1283 4725 1322 4790 dc
1338 4724 1498 4805 Badissin,
1516 4725 1716 4790 decretorum
1740 4723 1858 4802 doctor,
1879 4723 2050 4788 Misnensis

546 4828 692 4907 diocesia,
706 4834 862 4911 quatenus
874 4830 935 4895 sibi
946 4830 1117 4911 specialem
1129 4830 1266 4912 graciam
1284 4829 1450 4908 iacientes,
1463 4827 1502 4893 de
1518 4829 1703 4893 canonicatu
1724 4829 1856 4892 ecclesie
1869 4828 2050 4907 blisuensia,

546 4931 577 4995 in
608 4949 673 5013 qua
701 4935 839 4998 maiores
870 4939 902 4998 et
931 4935 1069 5000 minores
1098 4933 1259 5014 prebende
1288 4935 1439 5012 existunt,
1460 4938 1493 4997 et
1516 4934 1546 4996 iu
1570 4951 1632 5015 qua
1648 4933 1839 5011 auctoritate
1863 4932 1994 5013 capituli
2018 4933 2050 4996 in

546 5037 730 5101 canonicum
753 5042 803 5102 est
825 5043 972 5120 receptus
994 5043 1028 5103 et
1049 5037 1243 5119 prebendam
1259 5043 1417 5119 expectat,
1434 5037 1606 5119 dignemini
1621 5037 1788 5117 providere
1803 5056 1840 5101 ac
1855 5035 2049 5118 prebendam

545 5157 650 5219 uuam,
673 5140 823 5206 videlicet
846 5142 885 5206 de
906 5143 1088 5221 maioribus,
1112 5160 1233 5206 necnon
1263 5141 1458 5224 dignitatem,
1488 5145 1694 5222 personatum
1724 5139 1776 5203 vel
1808 5139 1944 5205 officium
1978 5158 2048 5203 curu

547 5260 622 5307 aura
650 5241 703 5308 vel
732 5244 801 5308 sine
826 5263 911 5324 cura,
935 5246 1036 5309 eciam
1060 5245 1088 5309 si
1110 5244 1249 5325 dignitas
1272 5245 1304 5308 in
1325 5245 1437 5324 eadem
1460 5244 1597 5310 ecclesia
1620 5244 1720 5308 maior
1742 5247 1815 5326 post
1836 5241 2049 5323 episcopalem

546 5346 664 5412 existat
685 5353 720 5413 et
742 5349 783 5412 ad
806 5366 875 5413 eam
897 5368 956 5430 per
978 5349 1168 5413 eleccionem
1192 5349 1392 5413 consueverit
1414 5348 1485 5430 quis
1507 5348 1634 5422 assumi,
1652 5346 1679 5410 si
1701 5351 1818 5411 vacant
1841 5345 1881 5409 ad
1905 5363 2047 5426 precene,

547 5456 603 5515 aut
633 5470 704 5516 enm
734 5453 828 5517 simul
857 5451 908 5517 vel
938 5453 1116 5518 successive
1146 5454 1340 5532 vacaverint,
1370 5451 1597 5532 conferenda·)
1629 5451 1689 5532 ipsi
1723 5449 1853 5515 Nicolao
1884 5448 2048 5513 donaciani

546 5554 720 5638 apostolice
750 5574 924 5636 reservare,
954 5575 1016 5621 uon
1046 5557 1245 5622 obstantibus
1279 5557 1379 5638 ipsius
1402 5555 1536 5619 ecclesie
1559 5555 1689 5619 statutis
1711 5558 1744 5618 et
1766 5552 2048 5618 consuetudinibus

546 5665 579 5725 et
607 5661 778 5742 presertim
808 5660 881 5740 illis,
913 5660 1027 5743 quibus
1058 5661 1161 5724 caveri
1192 5660 1318 5739 dicitur,
1349 5659 1433 5740 quod
1463 5658 1568 5723 nullus
1599 5659 1631 5724 in
1654 5658 1764 5724 eadem
1787 5658 1922 5723 ecclesia
1943 5657 2046 5739 possit

545 5766 695 5831 maiorem
717 5766 862 5830 obtinere
885 5765 1085 5847 prebendam,
1109 5766 1169 5829 nisi
1191 5766 1281 5848 prius
1304 5765 1455 5830 minorem
1478 5764 1651 5829 obtinuerit
1671 5765 1702 5827 in
1718 5763 1828 5828 eadem
1844 5767 1877 5826 ct
1891 5760 2046 5844 gradatim

1910 5887 1942 5935 m
