5184 7050
1994 808 2062 875 699

546 1009 660 1085 mirus,
676 1010 719 1088 (¹2)
751 1010 1038 1077 commendatorem
1070 1028 1127 1075 seu
1159 1015 1378 1092 preceptorem
1409 1011 1521 1076 domus
1544 1011 1576 1077 iu
1600 1011 1741 1092 Cruce,¹t
1765 1012 1935 1097 hospitalis
1958 1013 2061 1088 sancti

547 1111 708 1178 Jcbsnnis
730 1114 990 1191 ierosolimitani,
1014 1114 1098 1179 dicte
1122 1115 1268 1194 diocesia,
1281 1134 1352 1180 cum
1375 1134 1488 1197 magna
1511 1114 1664 1180 effusione
1688 1119 1852 1199 sanguinis
1868 1118 1900 1183 in
1916 1118 2062 1199 pluribus

549 1218 696 1298 partibus
727 1220 775 1285 sui
807 1220 948 1301 corporis
978 1221 1149 1285 enormiter
1179 1219 1387 1284 vulnerarunt
1417 1220 1508 1297 arico,
1540 1220 1623 1301 quod
1654 1223 1723 1303 ipse
1754 1222 1854 1286 irater
1884 1222 1916 1287 iu
1939 1241 2000 1288 auc
2024 1240 2062 1285 en

547 1321 690 1387 brachiis
713 1324 780 1388 suis
803 1322 988 1388 debilitatus
1011 1329 1062 1390 est
1083 1323 1187 1401 valde,
1211 1327 1244 1387 et
1266 1324 1351 1405 quod
1373 1324 1434 1405 ipsi
1452 1329 1563 1405 postea
1584 1325 1757 1406 superbiis
1773 1346 1844 1391 cum
1860 1326 1944 1391 dicto
1963 1325 2063 1391 fratre

547 1430 583 1490 et
607 1426 760 1491 fratribus
783 1427 859 1492 dicti
882 1427 1003 1493 ordinis
1026 1427 1256 1493 concordarunt
1278 1432 1311 1492 et
1334 1428 1380 1493 eis
1404 1445 1541 1510 congrue
1564 1428 1798 1495 satisfecerunt.
1831 1431 1938 1509 Quare
1960 1428 2059 1494 bumi-

546 1529 626 1594 liter
647 1531 835 1613 supplicant,
860 1537 1026 1613 quatenoc,
1050 1550 1121 1596 cum
1144 1538 1274 1614 propter
1296 1549 1427 1614 guerras
1450 1539 1483 1597 et
1500 1534 1620 1597 viarum
1637 1532 1818 1599 discrimina
1834 1535 1874 1600 ad
1891 1535 2063 1600 Romanam

548 1635 672 1699 curiam
696 1637 742 1700 eis
765 1636 858 1701 nimis
882 1636 1021 1702 difficilis
1044 1638 1086 1701 sit
1109 1655 1267 1714 accessus,
1291 1636 1463 1719 dignemini
1487 1637 1526 1701 de
1549 1637 1721 1703 clemencia
1745 1646 1896 1704 consueta
1916 1639 2063 1705 commit-

546 1745 620 1804 tere
644 1740 738 1805 alicui
762 1743 794 1805 iu
818 1742 973 1824 partibus,
997 1747 1042 1819 ut,
1066 1742 1094 1806 si
1117 1742 1176 1807 sibi
1200 1741 1240 1806 de
1263 1741 1484 1807 satisfaccione
1507 1742 1651 1825 predicta
1673 1744 1860 1822 constiterit,
1885 1744 1971 1825 ipsos
2002 1743 2060 1806 irn-

545 1845 656 1926 posita
686 1844 733 1908 eis
764 1863 861 1925 super
892 1845 951 1909 hoc
980 1845 1162 1927 penitencia
1194 1845 1327 1910 salutari
1349 1845 1388 1911 ab
1410 1847 1747 1912 excommunicacionis
1770 1849 1943 1924 sentencia,
1968 1866 2062 1929 quam

544 1953 757 2030 propterea-t
780 1950 990 2028 incurrerunt,
1013 1950 1158 2013 absolvat
1180 1949 1268 2013 iuxta
1289 1948 1423 2014 formam
1447 1949 1582 2014 ecclesie
1606 1955 1799 2028 consuetam,
1824 1970 1893 2017 curu
1917 1951 2062 2019 omuibus

546 2051 703 2129 clausulis
725 2058 758 2118 et
780 2071 842 2117 uon
865 2053 1065 2118 obstantibus
1088 2053 1263 2134 oportunis.

654 2157 726 2221 Fiat
749 2176 806 2239 per
828 2158 1041 2236 diocessuum‚
1065 2158 1092 2222 si
1115 2158 1157 2222 sit
1180 2158 1235 2222 ita.
1259 2158 1296 2222 R.
1321 2157 1364 2222 Et
1386 2176 1416 2239 q.
1439 2162 1462 2221 t.
1487 2176 1511 2222 s.
1536 2178 1565 2223 a.
1589 2159 1608 2222 l.
1636 2158 1744 2241 Fiatl)
1769 2160 1805 2224 R.
1839 2161 1878 2227 D.
1902 2160 2060 2231 Auiniune

544 2261 611 2326 Vii
634 2261 697 2327 kal.
721 2261 886 2327 Februarii
909 2281 937 2326 a.
962 2262 1107 2343 septimo.

653 2415 780 2484 bigotum
800 2431 893 2469 errore
907 2415 942 2470 ad
956 2415 1102 2469 Clementis
1116 2413 1152 2468 VI
1166 2415 1191 2469 S.
1206 2415 1275 2486 111s1
1291 2419 1329 2485 (6)
1343 2415 1362 2470 f.
1379 2422 1435 2470 120.
1445 2448 1477 2456 -
1493 2418 1515 2485 ⁵·)
1535 2422 1679 2486 ,proptam‘
1692 2416 1719 2471 S.
1749 2417 1772 2485 b)
1791 2418 1880 2488 suppl.
1895 2433 1979 2487 supra
1992 2417 2019 2473 8.
2029 2448 2062 2458 -

547 2505 569 2571 ¹)
589 2503 705 2569 Piibicc‚
724 2503 760 2570 ll)
779 2502 840 2556 vide
859 2502 945 2556 CDM.
964 2503 1014 2556 VII
1032 2520 1058 2557 n.
1078 2508 1137 2557 863.

544 2820 670 2889 1080.
705 2820 862 2902 Episcopo
898 2817 1097 2882 Oloruuccusi
1129 2817 1315 2895 macedum,
1352 2821 1389 2880 ut
1417 2817 1596 2884 Jcbauuem
1631 2815 1779 2884 Obuuadi
1808 2819 1846 2882 dc
1872 2819 2002 2884 Peitoica
2031 2823 2062 2883 ct

546 2928 691 2992 Paulum
717 2923 860 2988 Gobetiui
881 2923 919 2987 cie
941 2924 1088 3002 Bruuua,
1111 2923 1209 2986 laicos
1231 2943 1309 2987 arae
1328 2922 1469 2998 diocesis,
1487 2922 1526 2986 ab
1541 2923 1872 2989 excommunicationis
1895 2924 2061 3001 scatentia,

543 3053 644 3116 quam
675 3051 714 3094 ca
745 3031 850 3094 causis
880 3029 916 3093 iu
944 3049 1028 3093 uum.
1052 3030 1139 3094 1079
1161 3028 1313 3111 repositis
1335 3026 1548 3103 incurrerunt,
1573 3026 1723 3103 absoluat,
1743 3033 1914 3111 postquam
1937 3030 1966 3092 ci
1990 3048 2061 3092 corr-

541 3137 676 3214 stitcrit,
700 3134 820 3199 eosdem
842 3133 909 3197 iam
930 3133 1188 3213 satisfactionem
1212 3152 1382 3212 congruam
1412 3133 1624 3215 praestitisse,
1646 3136 1678 3196 ct
1699 3135 1735 3196 ut
1752 3153 1813 3215 pro
1835 3132 1925 3196 modo
1948 3131 2062 3215 cuipas

631 3241 676 3305 eis
696 3239 923 3324 poeniteutiam
945 3236 1101 3317 iniungat.
1149 3238 1201 3315 ,D.
1225 3235 1383 3300 Auiuiouc
1413 3236 1480 3300 VII
1496 3234 1560 3301 ical.
1585 3234 1752 3299 Februarii
1773 3257 1805 3300 a.
1828 3237 1980 3319 septima‘

606 3397 634 3520 ξ(
1490 3392 1652 3470 Aoiuicue,
1674 3394 1761 3457 1349
1783 3392 1941 3458 Januarii
1962 3395 2015 3458 26.

646 3508 803 3608 'Clementis
821 3552 861 3605 VI
879 3554 912 3605 Α.
931 3552 997 3621 Visa
1018 3553 1073 3620 (93)
1092 3551 1110 3605 f.
1130 3554 1181 3617 η’,
1200 3551 1259 3605 sine
1277 3549 1358 3604 titulo
1377 3548 1504 3617 quaterni
1518 3568 1549 3601 ·.·.
1563 3549 1595 3602 V.
1618 3554 1664 3603 ist
1682 3548 1702 3602 l.
1721 3554 1771 3603 394
1789 3564 1816 3602 u.
1835 3554 1893 3603 932.

1200 3747 1407 3754 ——-

542 3941 669 4011 1081.
701 3938 846 4007 Joiiauui
876 3936 914 4001 de
947 3935 1051 4000 Tuiua
1081 3934 1265 4018 providetur
1298 3933 1337 3998 cic
1370 3933 1557 4009 cavacur‘catu
1590 3931 1742 3998 ecciesiae
1765 3932 1968 3997 [idacicusis
2000 3932 2061 3996 sub

540 4048 761 4130 espectatiouc
780 4042 988 4127 praebendae.
1012 4042 1066 4116 ,D.
1091 4040 1246 4105 Auiuioue
1275 4039 1343 4103 VH
1359 4037 1423 4101 icai.
1449 4037 1615 4105 Februarii
1639 4059 1669 4101 a.
1692 4037 1846 4119 septimo‘
1863 4074 1905 4084 -
1921 4040 1960 4102 Iu
1974 4059 2000 4102 e.
2017 4058 2057 4102 m.

541 4152 781 4233 archiepiscopo
799 4147 955 4228 Prapcusi
974 4151 1003 4209 ct
1026 4145 1170 4227 episcopo
1185 4143 1383 4223 Frisiupeusi
1396 4147 1425 4205 et
1442 4140 1550 4205 arthoti
1565 4140 1749 4204 mamistcrii
1768 4138 2058 4223 Campiliiiorum,·)

670 4252 676 4325 Ι
929 4248 1132 4313 Pctaoieusis
1155 4248 1295 4321 diocesis.
1342 4247 1457 4310 Forma
1480 4249 1517 4309 ut
1538 4247 1573 4309 iu
1594 4266 1625 4309 u.
1649 4244 1679 4309 6.

589 4321 635 4464 ,ni
653 4342 700 4462 ξ
1488 4365 1651 4442 rumne,
1677 4367 1761 4431 1349
1782 4364 1941 4440 aarum
1962 4367 2014 4430 ac.

652 4530 800 4584 Clementis
820 4528 857 4581 VI
876 4531 909 4582 Α.
929 4525 1003 4596 Viijt
1027 4532 1082 4591 (99)
1101 4525 1120 4577 i.
1139 4527 1200 4577 491'
1220 4541 1246 4577 n.
1266 4528 1308 4590 68,
1328 4521 1362 4577 de
1381 4520 1547 4592 praebendis
1565 4520 1702 4574 vacaturis
1719 4535 1765 4586 qu.
1784 4524 1846 4571 2:
1859 4518 1888 4571 V.
1909 4522 1958 4571 189
1977 4518 1995 4571 l.
2014 4521 2056 4571 30¹

540 4638 568 4674 n.
591 4624 634 4672 58.
655 4649 686 4656 -
714 4622 737 4683 ¹)
756 4616 996 4684 ,Campisiliornm‘
1016 4616 1048 4667 Α.

1195 4740 1401 4751 ——-——

542 4934 668 5003 1⁰82.
693 4930 884 5012 Pr'cdcopius
908 4910 1067 4995 &aribonis
1090 4928 1128 4991 cie
1149 4926 1299 4993 Sudoroii
1314 4923 1484 5007 supplicat,
1501 4925 1656 5003 quatenus
1678 4920 1740 4985 sibi
1761 4925 1792 4984 ct
1814 4919 1890 4983 aliis
1909 4919 2055 5003 personis

1021 5030 1191 5097 uorruuliac
1211 5030 1339 5111 gratiae
1362 5027 1581 5092 concedantur.

1482 5148 1645 5223 Auiuiouc,
1668 5148 1755 5211 1349
1777 5146 1933 5214 Jauuarii
1956 5147 2010 5210 26.

653 5299 819 5381 Supplicat
842 5298 872 5364 S.
897 5298 935 5362 V.
959 5297 1074 5362 devota
1099 5299 1248 5359 creatura
1270 5296 1379 5356 vestra
1401 5289 1634 5372 Przedwogius,
1658 5286 1798 5351 decanus
1821 5283 1958 5349 ecclesie
1978 5285 2053 5349 Pra-

542 5408 663 5490 gensis
687 5410 845 5487 quatenus
868 5403 928 5467 sibi
952 5402 983 5465 in
1007 5419 1174 5483 personam
1204 5397 1368 5473 Jchannis,
1402 5395 1511 5460 fratris
1543 5394 1592 5458 sui
1624 5391 1775 5475 germani,
1807 5390 1873 5453 nati
1897 5388 2055 5470 quondam

543 5512 728 5589 CradcouiS,
752 5510 863 5574 militis
887 5508 927 5571 de
949 5506 1126 5583 Zudomirz,
1150 5503 1320 5586 Pragensis
1343 5501 1489 5577 diocesis,
1513 5504 1547 5563 et
1570 5496 1784 5581 procuratoris
1808 5495 1933 5576 nepotis
1958 5494 1989 5559 S.
2015 5494 2053 5560 V.

543 5620 574 5683 in
599 5617 747 5699 partibus
770 5613 909 5691 Boemie,
933 5611 1105 5693 specialem
1128 5609 1265 5691 graciam
1294 5606 1458 5682 iacientes,
1490 5604 1592 5667 cidem
1622 5600 1760 5666 Jolranni
1793 5599 1832 5662 de
1864 5598 2054 5664 canonicatu

543 5722 680 5788 ecclesie
702 5717 976 5783 Wratislauiensis
999 5735 1070 5780 curn
1094 5714 1313 5779 reservacione
1336 5707 1496 5793 prebende
1519 5725 1640 5771 necnon
1663 5704 1840 5787 dignitatis
1864 5707 2054 5784 personatus
