5184 7050
678 838 744 905 406

672 1047 766 1113 683.
790 1043 909 1109 ntum
939 1045 1126 1109 monosterii
1155 1045 1446 1126 umosmsemisp)
1474 1045 1714 1129 Ratisponcnsis
1744 1044 1884 1119 dormis,
1917 1047 1949 1107 et
1979 1043 2179 1126 praepositas

674 1151 847 1232 stapam-‘s
884 1171 923 1214 oc
954 1150 1092 1214 decanos
1124 1148 1424 1232 l'ysseyrodeasisl)
1454 1150 1658 1215 ecclesiaram
1690 1151 1924 1215 constituuntur
1952 1152 2180 1213 commotores

675 1253 995 1337 bonomsmnaoqistri
1015 1257 1046 1316 et
1068 1258 1235 1331 conserano
1256 1254 1441 1330 osonqsters‘i
1470 1255 1576 1317 suncti
1598 1254 1775 1332 Prosenses}
1798 1252 1921 1318 ordinis
1945 1251 2178 1334 Orsm'feromm

674 1360 713 1424 de
736 1357 840 1433 stello,
863 1358 899 1421 in
922 1357 1005 1441 pede
1028 1358 1138 1441 pontis
1161 1358 1335 1440 Properate
1357 1379 1455 1440 nsque
1476 1358 1511 1422 ιἰι
1532 1358 1700 1426 bennum.
1747 1360 1799 1438 ,D.
1823 1358 1911 1443 opud
1940 1357 2178 1429 Villomaouom,

736 1547 763 1602 X
925 1460 966 1527 A.
990 1462 1031 1541 d,
1057 1464 1136 1527 IIII
1153 1463 1219 1529 leel.
1242 1463 1327 1530 Jsdii
1349 1486 1379 1530 o.
1402 1465 1532 1546 quinto‘
1576 1464 1693 1530 Formo
1716 1467 1752 1528 nt
1773 1464 1809 1529 in
1829 1485 1860 1529 n.
1884 1465 1937 1529 92.

719 1617 780 1743 ἐξ,
917 1630 920 1635 ’
1099 1604 1101 1608 ’
1468 1653 1565 1740 Apta
1594 1654 1834 1732 noemam,
1862 1656 1950 1720 1346
1973 1654 2071 1722 June
2090 1657 2141 1720 aa.

779 1878 929 1933 Clementis
947 1860 1035 1933 vl'n.
1055 1880 1108 1950 Vsa
1126 1883 1181 1947 (89)
1200 1879 1218 1933 l.
1238 1884 1289 1934 278
1308 1896 1333 1932 n.
1354 1886 1379 1947 2,
1402 1879 1437 1934 de
1464 1881 1674 1936 conservatoriis
1702 1897 1746 1950 qu.
1767 1880 1867 1934 l:V.
1888 1884 1938 1933 lto
1957 1879 1975 1932 f.
1996 1880 2039 1932 33·
2060 1895 2086 1932 n.
2105 1884 2129 1931 2.
2150 1909 2177 1919 -

676 1967 704 2034 ⁸)
724 1965 945 2034 ‚Valtsnezensis‘
964 1969 997 2020 A.
1025 1967 1049 2032 l)
1068 1966 1315 2036 ,vissegradensis
1333 1967 1366 2019 A.

676 2509 770 2576 684.
800 2507 1044 2591 Aron-icpisoopo
1067 2509 1223 2590 Properas·
1251 2507 1436 2584 mandatur,
1467 2512 1621 2591 quatenus
1642 2507 1985 2592 officioinquisitionis
2007 2507 2183 2572 haereticae

672 2613 849 2697 prociduis
871 2614 906 2676 in
921 2633 1014 2694 reqno
1030 2612 1200 2676 Belemioe
1222 2611 1260 2675 dc
1283 2613 1460 2677 carceribus
1482 2617 1513 2677 et
1535 2613 1611 2678 aliis
1634 2614 1822 2677 necessariis
1839 2611 2008 2696 providere
2025 2615 2181 2695 procuret.

1472 2803 1569 2889 Apod
1601 2803 1836 2925 lillomooeom,
1861 2805 1946 2868 1346
1968 2806 2067 2872 Juaa'
2087 2806 2138 2870 30.

781 2995 819 3061 V.
843 2995 864 3060 i.
882 3047 889 3059 .
907 3046 913 3059 .
937 2996 1177 3078 archiepiscopo
1195 2996 1358 3079 Progensi.
1382 2995 1552 3061 Referente
1569 2996 1598 3059 d.
1615 2995 1635 3060 f.
1653 2995 1755 3073 Gallo,
1770 2995 1811 3059 de
1826 2995 1937 3061 ordine
1952 2996 2090 3061 fratrum
2110 2997 2180 3062 Pte

676 3099 863 3178 dicatorum,
887 3101 1073 3181 inquisitore
1096 3100 1238 3165 heretice
1262 3101 1429 3182 pravitatis
1451 3100 1483 3164 in
1506 3119 1603 3181 regno
1627 3100 1756 3164 Boemie
1786 3101 1977 3164 auctoritate
2008 3100 2180 3182 apostoliea

677 3203 840 3285 deputato,
858 3206 1067 3287 percepimus,
1091 3206 1175 3287 quod
1198 3204 1336 3271 officium
1359 3206 1578 3286 inquisicionis
1599 3205 1755 3287 predicte,
1779 3205 1980 3286 inpartibus
2003 3203 2069 3270 illis
2091 3205 2179 3270 valde

678 3310 902 3386 necessarium,
926 3309 1025 3372 arsuris
1048 3326 1105 3373 seu
1128 3309 1206 3373 locis
1229 3328 1286 3391 pro
1309 3308 1490 3375 carceribus
1513 3309 1635 3373 idoneis
1659 3328 1696 3374 ao
1712 3309 1795 3386 aliie,
1812 3327 1868 3391 pro
1893 3309 2085 3391 inquisitore
2099 3309 2179 3373 dicte

675 3413 854 3494 pravitatis,
879 3414 932 3494 qui
956 3418 1006 3477 est
1027 3413 1071 3478 ibi
1087 3433 1144 3494 pro
1159 3419 1313 3494 tempore,
1333 3414 1534 3491 necessariis
1550 3432 1622 3478 esse
1646 3413 1821 3478 dinoscitur
1841 3414 2065 3496 multipliciter
2087 3415 2179 3489 desti.-

676 3520 796 3583 tutum..
836 3517 902 3583 Nos
937 3518 1042 3599 igitur,
1079 3518 1133 3599 qui
1167 3518 1333 3601 negocium
1366 3517 1441 3583 fidei
1470 3516 1649 3584 huiusmodi
1681 3518 1799 3600 ubique
1822 3518 1967 3601 cupimus
1990 3518 2178 3602 prosperari,

676 3621 820 3686 volentes
844 3640 941 3702 super
963 3622 1025 3686 hiis
1048 3623 1200 3687 decenter
1221 3629 1254 3687 et
1276 3623 1399 3687 utiliter
1421 3623 1590 3705 provideri,
1614 3623 1808 3688 fraternitati
1830 3628 1885 3687 tue
1918 3641 1979 3705 per
2008 3623 2177 3706 spasmum

675 3727 795 3807 scripta
828 3726 1023 3802 mandamns,
1058 3732 1215 3807 quatenus
1238 3744 1335 3808 super
1356 3727 1521 3810 premissis
1544 3731 1708 3791 eteorum
1731 3726 1874 3808 singulis,
1897 3734 1993 3809 prout
2016 3729 2127 3794 utilius
2147 3732 2177 3791 et

675 3830 790 3896 melius
813 3848 885 3894 esse
908 3831 1101 3910 cognoveris
1125 3831 1259 3896 studeas
1282 3816 1439 3909 ordinare,
1471 3830 1554 3912 quod
1589 3829 1726 3895 cilicium
1761 3831 1940 3914 predictum
1974 3832 2091 3899 ellectu
2124 3852 2175 3898 suo

676 3934 912 4017 quomodolibet
934 3935 966 3998 in
990 3934 1165 4026 periculum
1189 3953 1244 3998 seu
1269 3936 1493 4000 detrimentum
1514 3934 1588 3999 fidei
1612 3954 1673 3999 ιιοιι
1689 3936 1870 4000 frustretur.
1896 3937 1933 4001 l).
1951 3938 2039 4019 apud
2055 3937 2174 4002 Villam·

676 4057 801 4117 nouam,
826 4040 863 4103 Α.
888 4037 928 4116 d,
953 4040 985 4104 ll
1009 4038 1072 4104 kal.
1096 4038 1175 4104 Julii
1199 4058 1227 4103 a.
1251 4040 1372 4121 quinto.

780 4226 929 4281 Clementis
947 4228 985 4280 Vl
1004 4227 1035 4279 V.
1057 4234 1106 4281 140
1134 4232 1214 4296 (secr.
1234 4246 1257 4283 a.
1277 4228 1314 4294 V>
1332 4227 1351 4281 f.
1370 4230 1413 4281 48¹
1433 4245 1458 4281 n.
1480 4234 1535 4282 leo.
1562 4258 1594 4268 -
1619 4228 1668 4281 Ed.
1697 4228 1788 4283 Vntik.
1815 4230 1909 4285 Amen
1935 4247 1962 4284 n.
1991 4235 2069 4297 228⁷,
2096 4228 2171 4283 Ruit

675 4313 722 4367 IV.
741 4331 767 4367 n.
787 4320 863 4367 2233.

673 4820 767 4886 685.
803 4818 944 4898 Carolus,
967 4820 1110 4883 orurcdio
1142 4820 1316 4899 Morosaoe,
1349 4820 1520 4903 supplicat,
1554 4824 1708 4901 quotenus
1741 4822 1887 4904 (lemano
1916 4822 1956 4886 de
1986 4819 2169 4888 Mediana

746 4925 933 4987 carnulenta
954 4924 1105 4988 ecclesiae
1130 4924 1345 4989 Olomucensis
1366 4924 1424 4987 seso
1446 4926 1661 5007 expectatione
1677 4926 1887 5009 praebendae
1896 4927 2114 5011 procidentes.
2163 4970 2165 4973 ⁴

1682 5114 1844 5193 Aoiaionc,
1867 5118 1957 5183 1346
1977 5117 2064 5185 Jsda
2083 5119 2133 5184 16.
2162 5106 2165 5117 '

778 5324 944 5405 Supplicat
967 5324 997 5389 S.
1023 5324 1059 5389 V.
1085 5325 1218 5390 devotus
1240 5325 1262 5391 f.
1287 5344 1315 5389 r.
1340 5313 1487 5404 Karalus,
1511 5326 1649 5391 marchio
1673 5326 1827 5407 Mornuie
1859 5334 2021 5409 quatenus
2054 5330 2114 5395 sibi
2144 5329 2169 5393 in

673 5447 841 5509 personam
866 5428 975 5493 dilecti
998 5429 1105 5493 clerici
1129 5430 1178 5493 sui
1202 5430 1343 5511 Gerungi
1366 5431 1406 5494 de
1431 5429 1566 5494 Medlico
1593 5431 1763 5513 specialem
1794 5433 1932 5513 maciem
1963 5433 2126 5511 lenientes,
2146 5431 2169 5496 ei

674 5532 713 5595 de
736 5535 922 5598 canonicatu
947 5534 1080 5597 ecclesie
1104 5533 1325 5599 Olouuiceusis
1349 5554 1418 5598 curn
1443 5534 1640 5616 plenitudine
1664 5536 1741 5599 iuris
1761 5536 1903 5601 canonici
1920 5537 2094 5619 dignemini
2109 5555 2170 5620 pro

675 5637 783 5700 ridere
803 5657 838 5700 ιιι·
856 5637 1059 5720 prebemlanq
1077 5639 1104 5700 si
1121 5657 1184 5717 qua
1201 5639 1277 5702 inibi
1298 5645 1389 5703 racat
1404 5639 1444 5702 ad
1461 5657 1602 5720 presens,
1619 5639 1668 5702 vel
1685 5659 1756 5703 cum
1771 5642 1940 5720 vacaverit,
1958 5642 2170 5708 conferendam

673 5741 733 5806 sibi
757 5742 923 5806 <lassariani
946 5743 1119 5823 apostolice
1142 5761 1316 5820 reservare,
1341 5761 1411 5807 cuin
1434 5744 1664 5825 acceptatione,
1682 5744 1881 5823 iuhibicione‚
1898 5744 2030 5811 decreto
2046 5753 2080 5813 et
2095 5746 2170 5811 clau·
