5184 7050
1953 845 2016 915 44?

511 1051 568 1117 snb
590 1053 819 1133 expectacione
842 1052 1002 1135 prebende
1024 1054 1167 1118 noscitur
1188 1053 1342 1131 obtinere,
1366 1073 1436 1118 cum
1459 1053 1530 1118 aliis
1553 1054 1838 1120 nonobstantibus
1869 1063 1901 1122 et
1931 1057 2017 1122 clau-

512 1156 589 1223 sulis
611 1156 779 1239 oportunis
801 1162 835 1222 et
856 1157 1090 1223 executoribus.

616 1258 693 1325 Fiat
713 1258 752 1323 R.

613 1363 698 1430 Item
720 1362 880 1447 supplicat
902 1363 1005 1430 eidem
1028 1365 1071 1444 S.,
1095 1371 1251 1447 quatenus
1274 1365 1409 1430 similem
1431 1367 1568 1449 graciam
1592 1367 1652 1432 sibi
1673 1368 1704 1433 in
1720 1385 1888 1450 personam
1911 1369 2016 1435 devoti

513 1465 620 1533 clerici
643 1468 695 1534 sui
716 1468 881 1548 lobannis,
903 1469 971 1533 nati
994 1467 1151 1551 quondam
1174 1469 1289 1535 nobilis
1312 1470 1372 1534 viri
1394 1471 1544 1536 'lassonis
1574 1473 1774 1551 delossum,
1798 1471 2018 1538 Olomucensis

512 1570 660 1650 diocesis,
694 1572 858 1652 facientes,
882 1572 985 1638 eidem
1018 1573 1058 1637 de
1091 1573 1278 1640 canonicatu
1312 1580 1347 1640 et
1378 1575 1540 1658 prebenda
1578 1576 1610 1641 in
1644 1575 1780 1641 ecclesia
1815 1575 2017 1643 Olomucensi

512 1676 699 1743 vacantibus
721 1677 867 1743 similiter
889 1696 947 1760 per
969 1665 1243 1743 renunciacionem
1267 1678 1384 1743 domini
1407 1679 1577 1745 cardinalis
1600 1680 1734 1762 predicti
1759 1680 1930 1764 dignemini
1946 1700 2018 1764 pro·

513 1781 630 1861 cidere,
663 1800 727 1846 non
760 1782 916 1861 obstante,
951 1782 1035 1864 quod
1068 1782 1152 1847 idem
1185 1782 1351 1849 lohannes
1384 1784 1552 1851 ecclesiam
1583 1783 1812 1867 parrochialem
1835 1785 1868 1850 in
1891 1785 2016 1868 Papias,

514 1886 656 1953 eiusdem
678 1885 825 1964 diocesis,
848 1890 883 1952 et
904 1887 1123 1952 canonicatum
1146 1888 1205 1953 sub
1238 1888 1464 1979 expectacione
1493 1888 1652 1971 prebende
1685 1889 1717 1952 in
1738 1887 1876 1955 ecclesia
1898 1887 2018 1954 wissa-

512 1990 672 2074 gradensi,
703 1991 875 2074 Pragensis
904 1990 1050 2070 diocesis,
1081 1990 1224 2056 noscitur
1254 1991 1406 2072 obtinere,
1435 1997 1468 2057 et
1490 2011 1560 2057 cum
1583 1992 1655 2057 aliis
1677 2010 1740 2057 non
1762 1992 1963 2058 obstantibus
1986 1997 2019 2060 et

516 2095 669 2163 clausulis
692 2100 728 2161 ut
750 2114 856 2178 supra.

617 2200 692 2266 Fiat
712 2198 752 2264 lt
774 2201 818 2267 Et
839 2220 869 2283 q.
894 2204 915 2266 t
940 2218 965 2265 s.
988 2219 1016 2265 a
1041 2200 1062 2265 l.
1085 2199 1158 2265 Fiat
1179 2199 1216 2263 R.
1240 2200 1279 2266 D.
1300 2200 1457 2265 Auinione
1479 2201 1526 2267 xl
1548 2200 1612 2266 kal.
1636 2201 1822 2267 Decembris
1846 2221 1874 2267 a.
1898 2202 2017 2285 quinto.

620 2388 769 2444 Clementis
787 2387 825 2443 Vl
842 2390 868 2445 S.
888 2390 940 2459 Vsa
958 2391 1013 2457 (ιῖ)
1032 2389 1050 2444 l.
1071 2391 1138 2444 103⁹.
1157 2388 1305 2459 Reponitur
1323 2389 1404 2445 etiam
1428 2390 1574 2459 registrutu
1597 2390 1625 2444 in
1652 2388 1719 2444 folio
1749 2393 1805 2445 lotl'
1833 2391 2017 2461 praecedenti,

514 2474 562 2531 sed
581 2491 638 2531 nou
656 2476 803 2532 terminata
821 2482 849 2533 et
865 2477 1017 2533 cancellata
1034 2493 1095 2531 cum
1114 2483 1180 2532 nota
1198 2477 1225 2532 in
1245 2477 1381 2547 margine:
1400 2477 1474 2545 ‚alibi
1493 2483 1536 2532 est
1553 2477 1716 2546 capistratu‘⁸

1165 2716 1367 2724 m·—

515 2938 607 3006 ⁷43.
627 2937 781 3019 Jobanni,
804 2942 879 3003 nato
902 2938 1059 3021 quondum
1081 2938 1241 3006 tloloannc'c
1264 2937 1342 3004 dicti
1365 2937 1402 3002 dc
1422 2938 1630 3025 Kameuicr‚·)
1658 2938 1845 3023 providetur
1868 2940 1912 3005 ad
1943 2960 2019 3024 cup·

508 3040 715 3124 plicationcm
738 3042 855 3117 Caroli,
877 3042 961 3125 repis
986 3044 1209 3118 Romanorum,
1232 3042 1269 3107 de
1297 3041 1493 3126 praebenda,
1526 3063 1608 3125 puae
1641 3041 1677 3107 in
1709 3041 1838 3108 ecclesia
1864 3043 2019 3125 Prapeuea'

512 3151 607 3212 cacat
622 3170 685 3231 per
705 3146 839 3212 liberam
859 3146 1104 3228 reciprocationem
1128 3145 1291 3226 Quidnam,
1311 3145 1399 3210 titadi
1413 3150 1545 3212 sanctam
1561 3145 1695 3212 Occitiac
1712 3147 1893 3231 presbyteri
1913 3147 2017 3214 cordi·

514 3251 608 3327 udis,
630 3272 693 3318 non
714 3250 857 3317 obstante
878 3254 915 3315 ut
936 3250 972 3315 in
992 3272 1076 3315 num.
1102 3252 1174 3330 742,
1196 3240 1247 3316 ita
1267 3255 1384 3331 tamen,
1407 3256 1443 3315 ut
1471 3250 1607 3330 litterae,
1627 3273 1687 3334 per
1710 3271 1789 3334 puae
1819 3253 1854 3316 in
1885 3251 2016 3317 ccclesia

513 3354 584 3439 iprae
600 3356 757 3437 Prapcncu‘
773 3355 991 3439 praebendam
1006 3359 1159 3439 eapcctat,
1177 3360 1207 3422 et
1222 3357 1424 3439 quaecunque
1439 3354 1633 3420 indecentia
1650 3359 1734 3434 sunt,
1757 3356 1863 3438 quoad
1885 3356 2017 3422 eandem

508 3457 726 3544 praebendam
747 3460 918 3526 dumtaxat
939 3458 1005 3525 siut
1026 3480 1123 3527 casea
1144 3465 1175 3526 et
1195 3460 1303 3539 irrita,
1319 3459 1556 3545 quamprimum
1574 3460 1679 3542 cipere
1696 3459 2018 3544 preoccupatae

514 3563 634 3630 dictam
651 3564 867 3649 praebendum
888 3565 925 3630 in
946 3565 1055 3630 eodem
1075 3567 1231 3648 Propensi
1252 3565 1385 3632 ecclesia
1399 3566 1507 3646 fuerit
1523 3565 1660 3650 pacifice
1675 3569 1846 3631 assecutam.
1870 3566 1924 3640 ,D.
1940 3563 2019 3628 Aut·

515 3668 605 3733 nr'one
626 3668 679 3733 XI
697 3667 760 3736 aar.
785 3667 967 3734 Decembris
991 3691 1020 3734 a.
1043 3670 1172 3752 quinto!
1195 3709 1236 3716 -
1260 3672 1300 3735 ln
1322 3692 1346 3735 e.
1371 3692 1412 3733 m.
1434 3669 1668 3754 archiepiscopo
1693 3669 1822 3752 Ripenri
1852 3672 1882 3733 et
1912 3667 2021 3734 abbati

515 3772 699 3838 mammerti
727 3771 1007 3860 Br'conour'encial)
1042 3796 1081 3841 ac
1114 3774 1231 3841 decano
1264 3773 1414 3841 eccleciae
1444 3774 1705 3857 Vyscepradeusia
1732 3792 1833 3858 prope
1867 3774 2019 3855 trapam.

1100 3880 1215 3946 Forma
1237 3884 1274 3945 ut
1294 3879 1331 3945 in
1351 3901 1383 3945 n.
1405 3882 1437 3945 4.

559 3945 607 4102 ξ
626 3979 670 4104 {⁰
1421 4000 1585 4082 aaaron,
1608 4003 1694 4067 roro
1716 3997 1901 4066 Naoura
1922 4000 1975 4065 21.

618 4187 767 4244 Clementis
785 4188 824 4242 vl
841 4189 875 4242 Δ.
894 4187 946 4258 Vsu
964 4194 1020 4258 (89)
1038 4190 1057 4244 t.
1076 4192 1136 4245 371'
1156 4208 1182 4246 n.
1202 4196 1244 4258 bl,
1263 4190 1296 4245 do
1315 4189 1480 4260 praebendis
1499 4189 1659 4245 vacuatibus
1677 4206 1721 4258 qu.
1742 4196 1803 4245 ³:
1817 4186 1848 4242 V.
1869 4194 1916 4242 ill
1935 4186 1954 4243 t.
1968 4193 2018 4242 202

517 4291 542 4328 n.
560 4279 601 4328 b'l.
620 4306 654 4315 -
680 4280 704 4340 ⁸)
720 4277 862 4343 ‚Komucz‘
880 4278 913 4330 A.
941 4279 964 4343 b)
985 4277 1200 4344 ,Breaouienais‘
1219 4280 1252 4331 A.

520 4701 782 4778 calauritanae,
805 4708 881 4768 nato
902 4705 1061 4786 quondam
1087 4706 1237 4771 Tossonia
1259 4706 1298 4770 cte
1323 4707 1450 4785 Tasaoc,
1475 4705 1635 4786 armant,
1664 4704 1850 4788 providetur
1880 4705 1923 4768 ud
1944 4724 2018 4787 sup·

512 4806 716 4889 plicationem
740 4806 856 4887 Caroli,
879 4809 964 4890 repis
987 4811 1209 4890 namuurum,
1233 4813 1270 4876 de
1293 4810 1482 4875 canonicatu
1504 4813 1534 4872 et
1555 4809 1748 4892 praebenda,
1772 4808 1826 4889 qui
1848 4811 1964 4873 cocant
1984 4807 2020 4872 in

520 4909 715 4977 Olomuecroei
747 4909 877 4976 ecclesia
906 4935 967 4996 per
999 4913 1131 4978 liberam
1161 4915 1404 4996 resipmrtioncm
1429 4913 1592 4991 Quidouu'a
1615 4912 1702 4977 titudo?
1733 4917 1865 4977 saumae
1889 4910 2021 4978 Cecitr'ae

513 5012 689 5096 preabyteru‘
709 5013 897 5090 cardinatis,
920 5036 981 5080 non
1003 5017 1146 5083 obstante
1168 5021 1204 5082 ut
1225 5018 1260 5083 iu
1283 5038 1367 5082 nuru.
1393 5020 1464 5083 742.
1490 5017 1540 5095 ‚D.
1558 5016 1715 5082 Aninione
1737 5016 1791 5080 XI
1807 5012 1871 5100 kal.
1895 5015 2020 5080 Decem

518 5117 582 5183 tric
601 5139 634 5183 a.
649 5119 778 5202 quinto!
794 5155 836 5166 ·-
853 5120 894 5184 In
907 5142 933 5185 c.
949 5143 989 5188 rn.
1006 5121 1238 5206 archiepiscopo
1255 5119 1411 5203 Prapcmc'
1426 5123 1457 5184 ct
1474 5119 1591 5185 dcccino
1610 5119 1783 5202 lbcpcncic
1806 5139 1845 5184 ac
1866 5117 2022 5183 camiaco

618 5265 656 5282 -
847 5212 1071 5292 Acinioncneie
1093 5225 1306 5291 ecclesiarum,
1351 5227 1466 5290 Forum
1489 5227 1525 5288 ut
1547 5226 1582 5289 in
1603 5246 1634 5290 n.
1656 5226 1688 5290 4.

559 5369 604 5459 ,ἶ
619 5372 669 5460 ἱ.
1421 5390 1584 5469 Aetnam,
1606 5392 1694 5455 1346
1716 5386 1903 5456 manure
1924 5389 1977 5452 21.

620 5594 770 5651 Clementis
794 5596 832 5650 Vl
856 5600 890 5651 A.
919 5596 969 5663 Vll
1002 5600 1057 5663 (86)
1085 5598 1103 5650 f.
1131 5601 1200 5665 491',
1226 5597 1260 5652 de
1285 5596 1425 5651 beneficiis
1451 5597 1609 5651 vacantibus
1633 5613 1677 5668 qu.
1704 5595 1826 5654 ltzv.
1856 5600 1904 5651 17³
1922 5593 1941 5649 t
1961 5594 2020 5648 ³60·

519 5697 542 5734 n.
560 5686 618 5738 703.
636 5713 669 5723 -·
688 5680 775 5739 ΟΜ.
793 5682 845 5737 Vll
865 5701 891 5737 n.
911 5689 968 5739 678.

1163 5843 1364 5855 ..ι-...-
