5184 7050
1951 899 1994 957 lx

600 1104 647 1167 Re
669 1104 702 1167 in
726 1103 907 1167 universum
931 1101 1133 1168 considerata
1166 1104 1304 1185 registra
1333 1104 1512 1190 apostolica·
1541 1101 1714 1166 Cleurentis
1749 1100 1801 1163 VI.
1836 1099 1994 1180 pontilicis

490 1218 575 1281 sartis
597 1217 723 1299 integra
760 1216 800 1279 ad
823 1234 881 1281 nos
918 1216 1103 1298 pervenisse
1134 1236 1196 1281 xron
1231 1219 1397 1302 negaveris
1453 1217 1543 1294 Quod
1581 1217 1608 1279 si
1631 1215 1664 1278 in
1694 1213 1828 1295 singulis
1851 1213 1994 1278 seriebus

491 1330 650 1411 quaedam
672 1329 804 1392 lacunae
828 1334 911 1410 sunt,
934 1334 1068 1409 possunt
1089 1329 1275 1411 plerumque
1299 1350 1338 1396 ex
1362 1332 1504 1397 seriebus
1534 1327 1697 1411 parallelis
1720 1325 1869 1408 suppleri,
1892 1344 1994 1406 neque

490 1444 587 1507 abest
609 1460 683 1523 spes
706 1439 782 1521 fore,
805 1446 842 1504 nt
863 1458 910 1522 ea,
933 1458 1015 1520 quae
1038 1440 1140 1505 adhoc
1163 1443 1288 1524 desunt,
1311 1462 1412 1525 pauca
1433 1442 1490 1505 illa
1512 1440 1639 1521 quidem
1662 1439 1761 1504 totius
1784 1438 1924 1520 corporis
1946 1457 1994 1501 ra·

489 1555 581 1619 tione
605 1553 723 1634 habita,
747 1552 779 1616 in
803 1553 897 1617 tomis
920 1553 1127 1636 reg'strorum
1150 1555 1282 1620 aliorum
1306 1553 1489 1637 pontificum
1512 1553 1720 1634 reperiantur.

600 1684 636 1747 ln
658 1683 791 1765 singidis
814 1682 908 1746 huius
931 1683 1007 1747 tomi
1030 1685 1186 1765 capitibus
1209 1685 1343 1750 edendis
1366 1703 1507 1750 normam
1529 1683 1679 1765 religiose
1703 1682 1804 1747 secuti
1828 1700 1934 1747 sumus
1955 1681 1993 1744 ab

492 1797 657 1862 Historiam
679 1814 760 1877 quae
784 1803 914 1861 vocatur
937 1795 1164 1863 Conrruiasione
1187 1799 1425 1880 praescriptam,
1458 1816 1538 1880 quae
1569 1803 1685 1877 tamen,
1710 1795 1781 1859 dum
1806 1794 1887 1859 liber
1909 1794 1994 1876 typis

492 1911 745 1991 rlcsrribebatur,
769 1911 808 1973 ab
831 1910 943 1973 eadem
966 1929 1023 1991 pro
1046 1911 1238 1975 necessitate
1270 1918 1326 1976 aut
1348 1911 1556 1993 supplebatur
1589 1916 1645 1974 aut
1677 1909 1911 1972 immutabatur.
1945 1908 1993 1972 De

492 2024 597 2087 forma
619 2023 712 2087 huius
735 2022 885 2086 editionis
916 2021 995 2085 haec
1029 2022 1198 2088 admoneo:
1236 2023 1375 2105 Singulis
1410 2024 1566 2105 capitibus
1600 2022 1667 2086 sive
1697 2022 1738 2086 ad
1775 2023 1903 2085 verbum
1927 2016 1994 2084 siue

492 2136 629 2218 carptim
653 2135 822 2216 descriptis
844 2135 877 2198 in
901 2133 1004 2199 fronte
1028 2137 1235 2216 praemissum
1258 2147 1309 2202 est
1331 2142 1492 2219 regestum
1515 2154 1608 2216 quam
1630 2133 1859 2213 brevissimum,
1881 2150 1942 2213 quo
1961 2138 1996 2196 et

492 2252 715 2330 argumentum
737 2253 905 2311 enarratur
937 2252 979 2328 et,
1002 2247 1030 2311 si
1053 2266 1131 2329 opus
1155 2256 1213 2327 est,
1236 2249 1374 2331 litterae,
1397 2266 1477 2330 quae
1501 2247 1631 2313 formam
1643 2247 1799 2328 integram
1823 2245 1995 2325 continent,

492 2361 721 2441 sigerihcantur.
745 2359 953 2441 Subiungitur
975 2360 1173 2425 dextrorsum
1204 2361 1283 2439 dica,
1321 2382 1382 2443 quo
1416 2362 1510 2425 (latae
1544 2360 1672 2425 litterae
1696 2362 1780 2432 sunt,
1805 2362 1912 2422 nostro
1937 2375 1994 2420 usu

492 2473 716 2554 transcriptrm,
740 2472 955 2537 sinistrorsum
980 2473 1110 2539 taxatio.
1135 2472 1285 2555 Sequitur
1308 2481 1416 2539 textus
1439 2475 1508 2554 ipse
1539 2472 1588 2535 vel
1612 2476 1805 2552 excerptum,
1829 2475 1995 2549 utrumque

493 2586 611 2650 iisdem
635 2586 740 2649 verbis
762 2586 937 2665 eademque
961 2585 1120 2650 scribendi
1143 2587 1275 2668 ratione,
1310 2605 1390 2667 quae
1425 2587 1457 2649 in
1492 2584 1637 2667 registris
1671 2584 1829 2665 leguntur,
1853 2581 1996 2662 relatum,

492 2698 558 2761 nisi
581 2698 664 2778 quod
687 2719 705 2760 o
728 2703 762 2761 et
785 2718 805 2758 a
828 2696 956 2762 litterae
979 2697 1025 2761 ita
1050 2699 1313 2780 transcribantur,
1338 2705 1373 2762 ut
1395 2716 1478 2762 nunc
1501 2697 1750 2780 pronuntiamus,
1773 2700 1807 2758 et
1822 2714 1878 2776 pro
1901 2714 1922 2775 y
1944 2694 1995 2758 lit·

493 2818 575 2891 tera,
600 2811 661 2874 nisi
684 2829 723 2874 ex
746 2811 956 2894 etymologiae
979 2811 1103 2892 leg'bus
1127 2812 1223 2876 debet
1246 2811 1436 2892 conservari,
1460 2811 1472 2873 i
1495 2811 1651 2874 scribitur.
1676 2809 1789 2888 Verba,
1812 2806 1997 2887 locutiones,

494 2923 662 3000 formulae,
686 2943 766 3004 tynae
790 2924 918 3005 saepius
941 2930 1138 3007 repetuntur,
1164 2924 1348 2989 abbreviata
1371 2932 1453 2989 smrt
1477 2924 1566 3001 Quae
1589 2921 1771 3004 compendia
1804 2920 1878 3001 quid
1901 2919 1997 3001 signi-

494 3040 600 3115 hcent,
624 3035 657 3098 in
680 3041 823 3100 extrema
846 3035 1043 3118 praefatione
1060 3037 1211 3118 reperies.
1237 3037 1273 3100 ln
1286 3036 1543 3101 adnotationibus
1556 3036 1657 3100 textui
1674 3033 1849 3099 subiunctis
1864 3033 1999 3115 primum

493 3148 664 3230 indicatur,
687 3149 770 3212 unde
794 3149 919 3231 singula
941 3149 1086 3230 exempla
1110 3150 1296 3230 deprompta
1319 3149 1391 3213 sint.
1416 3148 1452 3212 A.
1475 3149 1585 3212 littera
1600 3145 1758 3228 signifieat
1770 3146 1906 3228 registra
1918 3145 1998 3208 Ave-

493 3261 630 3342 niensis,
662 3261 692 3325 V.
718 3262 855 3342 registra
886 3261 1048 3342 Vaticana,
1071 3262 1103 3326 S.
1140 3262 1277 3343 registra
1311 3261 1596 3344 supplicationum,
1630 3260 1662 3323 in
1693 3258 1841 3333 nummis
1873 3257 1925 3337 qui
1949 3275 1998 3321 se-

493 3380 646 3455 quuntur,
670 3374 779 3438 fractis
802 3391 960 3456 numerus,
983 3375 1037 3454 qni
1060 3393 1156 3456 snpra
1178 3383 1238 3457 est,
1254 3380 1330 3440 nota
1346 3374 1644 3456 Romanasoriptus,
1657 3390 1771 3436 annum
1788 3371 1999 3454 pontificatus,

494 3504 649 3550 numerus
673 3491 778 3551 autem
803 3484 944 3563 inferior,
967 3491 1044 3550 nota
1067 3486 1201 3551 Arabica
1223 3486 1370 3567 scriptus,
1393 3503 1555 3550 nnmerum
1587 3485 1806 3549 decurrentem
1830 3484 1905 3549 tomi
1930 3483 1999 3547 eius

493 3599 571 3663 armi
596 3599 738 3662 denotat.
764 3598 847 3662 Nota
870 3599 1005 3663 Arabica
1028 3599 1184 3679 adiuncta,
1209 3600 1297 3662 uncis
1320 3598 1450 3679 inclusa,
1484 3617 1645 3661 nornerum
1670 3596 1746 3661 tomi
1770 3597 1802 3660 in
1826 3602 1894 3660 tota
1916 3595 1999 3660 serie

495 3714 721 3778 decurrentem
757 3714 886 3779 indicat.
922 3712 1072 3794 Sequitur
1104 3713 1256 3778 indicatio
1289 3712 1368 3794 folii,
1406 3713 1439 3775 in
1476 3730 1539 3791 qua
1561 3726 1709 3773 numerus
1732 3727 1829 3790 purus
1852 3709 1999 3791 paginam

496 3832 629 3904 rectam,
652 3842 802 3889 numerus
825 3832 978 3890 commate
1003 3827 1201 3891 dextrorsum
1236 3843 1332 3906 supra
1363 3824 1500 3903 ascripto
1535 3822 1681 3904 paginam
1711 3838 1835 3885 versam
1858 3822 1998 3886 denotat.

493 3938 533 4001 ln
556 3937 677 4001 litteris
700 3955 738 4001 ex
763 3938 910 4018 registris
934 3938 1165 4001 dveniensibus
1189 3936 1385 4019 depromptis
1407 3936 1504 4000 etiam
1528 3952 1627 4016 genus
1643 3938 1677 3997 et
1691 3950 1840 3997 numerus
1852 3933 1999 4013 quaterni

493 4049 636 4113 refertur
660 4068 722 4112 una
744 4069 813 4114 cum
838 4056 932 4131 tomo,
954 4050 1030 4115 folio
1065 4056 1099 4114 et
1121 4068 1251 4114 numero
1287 4049 1470 4131 apographi,
1509 4047 1592 4127 quod
1616 4052 1667 4110 est
1687 4046 1719 4109 in
1742 4044 1888 4126 registris
1911 4044 1998 4109 Vati-

495 4162 592 4225 canis.
632 4161 710 4224 Tum
734 4162 806 4226 libri
846 4163 896 4227 vel
934 4163 1215 4227 commentationes
1253 4168 1488 4241 enrnnerantur,
1521 4161 1554 4223 in
1577 4159 1690 4238 quibus
1714 4176 1771 4221 eae
1794 4158 1921 4223 litterae
1945 4164 2001 4221 aut

498 4275 606 4339 editae
631 4279 687 4337 ant
709 4274 868 4360 iudicatae
893 4281 975 4339 sunt.
1011 4275 1097 4351 Quas
1131 4281 1236 4338 tamen
1271 4274 1527 4338 enumerationes
1557 4290 1620 4335 non
1643 4287 1698 4334 eas
1722 4269 1791 4335 volo
1815 4270 1999 4350 existimari,

497 4406 578 4467 qnae
603 4405 713 4450 omnes
736 4386 967 4467 publicationes
992 4387 1250 4468 cornplectantnr,
1274 4404 1331 4449 eas
1361 4385 1541 4467 praecipue,
1580 4401 1660 4463 quae
1683 4383 1717 4447 in
1740 4383 1881 4447 externis
1904 4383 2000 4447 terris

496 4501 603 4564 editae
628 4500 701 4578 sint,
724 4519 795 4563 cum
818 4500 1006 4581 praesertim
1030 4499 1124 4563 huius
1162 4500 1288 4580 generis
1323 4497 1520 4581 typographo
1542 4496 1707 4559 nraxinrarn
1742 4501 1865 4576 partem
1888 4514 1927 4559 ex
1950 4515 1999 4560 re-

498 4613 597 4686 gestis
621 4618 777 4692 constent,
801 4612 897 4675 variis
921 4611 1021 4674 modis
1045 4612 1084 4675 ad
1109 4612 1229 4674 varium
1254 4629 1343 4673 usunr
1368 4609 1469 4673 iactis.
1494 4607 1651 4688 Sequitur,
1667 4614 1703 4671 nt
1729 4608 1769 4671 de
1799 4608 1918 4689 duplici
1945 4627 1999 4673 an-

498 4727 697 4790 notationum
713 4742 830 4806 genere
840 4725 950 4789 dicam.
963 4722 1100 4799 Quinum
1118 4724 1261 4796 alterum,
1280 4723 1396 4787 litteris
1412 4726 1563 4800 notatum,
1576 4720 1678 4784 varias
1691 4720 1853 4798 lectiones,
1866 4721 1999 4786 alterum

494 4838 636 4903 numeris
660 4837 814 4920 appositis
844 4855 949 4900 rerum
972 4836 1201 4919 explicationes
1224 4836 1358 4899 maxime
1381 4833 1578 4898 necessarias
1602 4832 1773 4897 continent.

601 4969 745 5033 Litterae
769 4968 858 5049 ipsae
882 4967 1001 5048 triplici
1024 4967 1115 5031 modo
1139 4966 1334 5030 referuntur:
1366 4971 1421 5029 aut
1444 4965 1572 5027 verbnm
1596 4981 1633 5026 ex
1659 4965 1763 5045 verbo,
1787 4970 1842 5028 aut
1865 4983 1923 5046 per
1946 4982 1999 5028 ex-

496 5090 616 5164 cerpta,
640 5087 697 5145 aut
719 5099 776 5163 per
799 5088 934 5162 regesta.
968 5079 1014 5143 Ad
1050 5081 1177 5143 verbnm
1201 5079 1322 5143 relatae
1354 5084 1429 5142 sunt
1463 5078 1592 5142 litterae
1616 5076 1744 5140 maioris
1767 5078 1926 5159 momenti,
1951 5078 2000 5141 vel

494 5213 561 5275 eae,
585 5212 718 5272 quarum
742 5193 916 5276 archetypa
939 5199 1125 5258 conservata
1148 5199 1229 5272 sunt,
1254 5192 1303 5255 vel
1317 5192 1413 5256 etiam
1436 5208 1607 5272 eae,quae,
1621 5208 1690 5253 cum
1707 5190 1837 5255 minoris
1851 5194 1999 5256 momenti

496 5306 561 5371 sint
584 5312 619 5368 et
642 5324 699 5387 per
721 5312 905 5387 excerptum
929 5305 1029 5369 solum
1054 5305 1102 5367 vel
1126 5310 1285 5385 regestum
1321 5304 1373 5367 edi
1397 5303 1574 5379 debuerint,
1610 5322 1648 5367 eo
1671 5305 1754 5384 quod
1778 5311 1844 5369 tum
1867 5306 2001 5386 primum

499 5426 618 5483 certam
643 5419 775 5482 sormam
798 5436 874 5499 prae
899 5436 933 5479 se
956 5416 1062 5480 ferunt
1084 5423 1118 5479 ot
1141 5415 1277 5479 orrrnimrr
1302 5415 1561 5495 subsequentimn
1585 5417 1732 5497 exempla
1747 5425 1830 5499 sunt,
1855 5419 1922 5483 h'err'
1940 5437 2001 5484 non

497 5532 610 5613 potuit,
633 5532 709 5611 quin
735 5531 864 5594 verbum
888 5549 926 5593 ex
950 5531 1045 5592 verbo
1069 5528 1273 5591 referrentur.
1299 5529 1452 5602 Litterae,
1467 5548 1598 5608 quarum
1622 5530 1795 5613 arcthetypa
1811 5540 1998 5597 coxrserxata

496 5653 581 5726 sunt,
605 5644 655 5708 his
680 5643 759 5725 ipsis
783 5642 935 5706 adhibitis
958 5659 1059 5721 neque
1090 5660 1129 5703 ex
1153 5642 1357 5719 registrormrr
1389 5642 1580 5723 apographis
1610 5643 1749 5708 fideliter·
1772 5652 1846 5709 sunt
1869 5646 2000 5709 relatae.

495 5759 555 5823 liic
578 5767 685 5822 tamen
710 5756 861 5820 lectorem
893 5756 963 5818 volo
986 5754 1216 5835 praernonitum
1246 5773 1295 5817 me
1331 5774 1391 5817 non
1423 5756 1565 5836 potuisse
1590 5757 1628 5820 de
1652 5759 1795 5821 orrrnihus
1820 5759 2001 5839 archetypis
