5184 7050
1870 823 1926 888 481

423 1031 518 1097 812.
546 1031 699 1114 Episcopo
725 1031 949 1112 Ratispanensi
964 1034 994 1093 et
1010 1027 1211 1093 Medticensis
1235 1048 1273 1090 ac
1290 1027 1545 1096 decernantnr
1566 1026 1768 1091 l'ataoiensis
1791 1029 1933 1101 (lirensis,

421 1134 685 1199 neonasteriarnm
706 1134 871 1198 abbatibus
893 1135 1067 1198 marrdatnr
1089 1133 1132 1196 ad
1163 1131 1425 1215 supplicationem
1451 1133 1567 1210 (lereti,
1602 1133 1685 1211 repis
1711 1135 1932 1209 ttorrrnnorarn,

418 1244 577 1322 qnatenus
602 1240 747 1304 Ottonem
769 1238 886 1302 dictam
916 1237 1015 1314 reta,
1038 1237 1221 1302 carenacum
1243 1237 1429 1299 nranasterii
1452 1238 1485 1299 in
1505 1236 1663 1317 l'arnip,'‘)
1687 1238 1807 1300 eattae
1830 1238 1936 1301 ser-neti

422 1342 606 1425 Anpnstini,
631 1343 873 1427 Ratisponensis
896 1341 1036 1420 diocesis,
1067 1341 1105 1405 de
1135 1341 1239 1405 eodem
1273 1342 1462 1404 monasterio
1496 1341 1539 1404 ad
1572 1342 1796 1404 nrarrasterinrn
1830 1342 1935 1405 saneti

424 1446 585 1531 Hippotiti
599 1451 624 1528 ο)
655 1448 693 1511 de
722 1449 839 1513 Sernota
871 1443 1077 1528 llippotito,·¹)
1113 1444 1250 1509 einsdene
1280 1445 1412 1521 ordinis,
1444 1449 1656 1525 transpbrant.
1703 1447 1755 1527 ,m
1779 1445 1935 1509 Aninione

481 1605 518 1619 -
921 1551 955 1614 X
973 1550 1038 1615 leat.
1063 1549 1244 1614 Decembris
1268 1571 1299 1613 a.
1323 1549 1451 1630 quintet

468 1636 529 1761 ‘lxi
1335 1688 1497 1766 Acinione,
1523 1691 1608 1752 1346
1632 1687 1814 1752 Novembris
1837 1694 1889 1754 22.

529 1846 681 1901 Clementis
693 1846 731 1899 Vl
744 1847 777 1896 A.
790 1844 844 1910 vp
858 1848 913 1910 (88)
928 1843 945 1896 f.
960 1851 1008 1897 191
1024 1861 1049 1897 n.
1065 1850 1105 1908 78,
1120 1842 1154 1896 de
1168 1841 1335 1912 recipiendis
1357 1842 1498 1896 monachis
1512 1859 1556 1909 qu.
1570 1842 1668 1895 ‘2:V.
1684 1849 1733 1896 176
1746 1842 1763 1896 l.
1777 1846 1837 1896 ‘273'
1852 1861 1876 1898 n.
1893 1849 1933 1897 18.

420 1937 450 1999 ·)
470 1932 686 1999 ‚Chutwicensis‘
705 1933 737 1984 A.
766 1931 790 1998 ¹³)
808 1929 926 1999 ,Pering‘
944 1932 976 1982 A.
1004 1938 1025 1997 ⁰)
1045 1930 1166 1999 ,Ypoliti‘
1186 1932 1218 1982 A.
1246 1931 1270 1996 «1)
1289 1930 1420 1999 ,Ypolito‘
1439 1933 1471 1982 A.

423 2369 519 2435 813.
542 2368 798 2433 Anabassiatores
823 2367 939 2446 Caroli,
964 2370 1177 2433 Rornanorum
1198 2370 1229 2429 ct
1253 2365 1423 2430 Bobemiae
1445 2369 1537 2448 repis,
1556 2369 1749 2452 supplicant,
1777 2375 1932 2450 praetenue

430 2472 596 2536 t'encestao
625 2472 783 2555 arandam
814 2471 974 2537 Stanistai
1003 2472 1041 2535 de
1078 2470 1220 2535 Udertice
1248 2470 1286 2534 de
1320 2473 1512 2536 canonicatu
1541 2474 1689 2538 ecclesiae
1722 2474 1935 2539 libertatern-sis

420 2577 483 2640 snb
506 2578 721 2659 ccpectatiane
739 2577 942 2661 praebendae
963 2581 993 2640 et
1015 2575 1149 2651 Lndcro,
1174 2579 1249 2639 nato
1273 2577 1468 2656 Merraaardi
1490 2579 1528 2642 de
1553 2578 1658 2652 llnda,
1685 2579 1724 2642 de
1745 2581 1935 2643 canonicato

421 2685 456 2744 et
478 2682 623 2746 cantoria
647 2682 679 2745 in
702 2682 833 2747 ecclesia
863 2680 1012 2744 Verdensi
1034 2684 1169 2744 carente
1190 2680 1247 2744 snb
1266 2682 1479 2762 expectatione
1496 2682 1698 2764 praebendae
1716 2683 1933 2766 provideatur.

1334 2836 1496 2911 Aoinione,
1520 2841 1606 2902 1346
1630 2839 1814 2904 Novembris
1837 2846 1888 2905 22.

531 2996 718 3076 Supplicant
749 2996 779 3060 S.
810 2995 848 3059 V.
879 2995 985 3058 (levati
1016 2993 1047 3057 ti.
1079 3013 1177 3056 vv...
1209 2994 1456 3059 ambassiatores
1487 2994 1681 3059 devotissimi
1712 2997 1732 3060 f.
1764 3017 1792 3060 v.
1817 2997 1933 3062 dornini

422 3098 548 3177 Karali,
572 3100 783 3164 Romanorum
807 3117 843 3163 ac
867 3099 998 3162 Boemie
1021 3098 1105 3180 regis
1129 3097 1273 3173 illustria,
1296 3105 1455 3179 quatenus
1478 3100 1539 3163 sibi
1563 3100 1595 3163 iu
1612 3118 1777 3180 personam
1801 3102 1934 3166 Wence·

422 3203 495 3278 slai,
519 3203 627 3269 clerici
651 3203 872 3269 Olomucensis
895 3203 1042 3281 diocesia,
1073 3203 1232 3284 qnondam
1263 3202 1413 3267 stanislai
1445 3203 1484 3266 de
1515 3203 1670 3282 Vderlicz‚
1698 3206 1823 3286 nopotis
1846 3208 1935 3288 peni-

420 3308 574 3372 tenciarii
595 3309 695 3375 vestri
717 3307 826 3372 fratris
849 3307 1003 3372 Jobannis
1034 3307 1074 3370 de
1106 3308 1244 3384 Boemia,
1276 3306 1447 3388 specialem
1478 3307 1615 3388 graciam
1641 3308 1806 3386 facientes,
1830 3311 1933 3374 eidem

421 3411 615 3477 Wenceslao
639 3412 679 3476 de
702 3412 889 3477 canonicatu
912 3410 1046 3479 ecclesie
1079 3410 1300 3476 olomucensis
1331 3412 1502 3492 dignemini
1533 3412 1709 3493 providere,
1741 3415 1933 3494 prebendam

420 3523 591 3582 vacantem
616 3516 657 3582 ad
680 3536 811 3599 presens
835 3515 884 3579 vel
908 3521 1089 3581 vacaturam
1121 3515 1262 3597 proxime
1294 3515 1326 3580 in
1356 3515 1466 3580 eadem
1497 3517 1581 3583 dicto
1610 3516 1797 3583 Wenceslac
1828 3518 1933 3583 eonio·
1995 3576 1998 3582 .

420 3621 557 3686 rendam
589 3622 756 3686 donaciani
787 3620 961 3702 apostolice
991 3625 1202 3698 reservantes,
1233 3639 1303 3683 cum
1333 3621 1555 3701 acceptatione
1589 3627 1660 3701 etc,
1692 3641 1761 3686 curn
1789 3623 1933 3687 omnibus

420 3744 487 3790 non
512 3724 714 3790 obstantibus
737 3730 770 3789 et
793 3723 946 3789 clausulis
970 3726 1134 3807 oportunis
1158 3730 1190 3788 et
1214 3726 1476 3806 executoribusd)

531 3830 603 3894 Fiat
626 3829 663 3893 R.

530 3934 611 3998 Item
635 3931 815 4015 supplicant
838 3934 914 3997 dicti
946 3934 1201 4011 ambassiatorem,
1232 3938 1389 4013 quatenus
1415 3934 1474 3997 sibi
1506 3934 1537 3997 in
1562 3953 1728 4015 personam
1752 3935 1859 3999 dilecti
1884 3936 1932 3999 sui

421 4038 555 4115 Luderi,
579 4037 645 4102 nati
668 4036 854 4118 Marquardi
879 4038 918 4101 de
941 4037 1044 4116 Huda,
1068 4038 1226 4119 armigeri,
1251 4037 1359 4100 cleriei
1383 4038 1565 4101 Brnrrrensis
1589 4039 1736 4114 diocesin,
1763 4039 1933 4120 specialem

421 4143 565 4225 graciam
588 4141 753 4219 iacientes,
778 4141 881 4206 eidem
912 4141 951 4205 do
982 4142 1169 4206 canonicatu
1200 4140 1336 4204 ecclesie
1368 4141 1538 4206 Verdensis
1565 4160 1602 4205 ac
1626 4143 1767 4206 cantoria
1791 4142 1932 4206 eiusdem

422 4246 571 4323 ecclesie,
595 4251 729 4309 vacante
751 4264 811 4327 per·
832 4246 953 4310 obitum
984 4246 1157 4310 Hermanni
1188 4244 1227 4307 de
1258 4245 1405 4321 Staelrcu,
1437 4245 1595 4325 quendam
1626 4246 1767 4310 eiusdem
1796 4246 1929 4310 ecclesie

422 4351 528 4416 ultimi
560 4350 709 4428 cantorie,
741 4350 796 4431 qui
827 4355 917 4415 extra
947 4350 1118 4414 Romanam
1150 4350 1269 4413 curiam
1301 4348 1384 4412 diem
1415 4368 1506 4413 suum
1541 4349 1655 4414 elausit
1685 4356 1869 4428 extremum,
1901 4357 1934 4415 et

423 4456 550 4535 cuium)
573 4454 704 4520 collatio
729 4455 817 4519 iuxta
839 4455 1067 4520 Lateranensis
1091 4459 1212 4519 statuta
1235 4452 1360 4517 aoncilii
1384 4459 1434 4517 est
1449 4452 1507 4518 hac
1531 4455 1600 4517 vice
1624 4454 1709 4535 apud
1726 4455 1834 4519 sedmn
1858 4475 1933 4536 apo-

422 4559 571 4625 stolicam
595 4559 734 4641 legitime
758 4558 917 4637 devoluta,
942 4560 1044 4623 eidem
1067 4558 1193 4622 Ludere
1217 4557 1389 4638 dignemini
1411 4558 1587 4639 providere,
1607 4559 1811 4639 prebendam,
1827 4560 1854 4623 si
1871 4579 1933 4640 qua

421 4667 455 4730 in
479 4664 592 4728 cadem
616 4662 752 4728 ecelesia
774 4669 867 4727 vacat
890 4663 929 4728 ad
953 4681 1094 4743 preceris,
1118 4661 1168 4725 vel
1192 4682 1262 4725 cum
1285 4664 1457 4738 tranaverit,
1474 4662 1576 4726 eidem
1596 4663 1819 4727 conterendam
1836 4664 1933 4727 ‹irina-

422 4768 508 4833 cioni
531 4766 705 4849 apostolice
728 4774 940 4846 reservantes,
972 4786 1041 4831 curn
1072 4768 1304 4848 acceptacione,
1336 4766 1536 4844 inhibitione,
1568 4767 1695 4833 [lactata
1726 4774 1759 4832 et
1789 4767 1931 4832 clausula

420 4872 589 4950 anteferri,
612 4891 674 4936 non
697 4873 855 4951 obstante,
879 4873 962 4953 quod
993 4870 1099 4935 nullus
1131 4872 1161 4935 in
1192 4872 1261 4953 ipsa
1292 4871 1429 4936 ecelesia
1459 4872 1591 4935 eandem
1616 4873 1789 4936 cantoriam
1814 4872 1932 4937 babere

419 4977 537 5061 possit,
569 4976 629 5040 nisi
661 4981 734 5040 actu
766 4976 844 5040 inibi
875 4977 1044 5041 canonieus
1076 4975 1289 5056 prebendatus
1320 4977 1446 5054 existat,
1478 4995 1533 5040 seu
1566 4976 1648 5058 quod
1681 4977 1764 5040 idenr
1788 4977 1933 5041 Luderus

419 5081 645 5148 mnonicatum
669 5085 701 5143 et
724 5081 915 5162 prebendam
947 5079 1114 5160 collegiata
1144 5079 1281 5144 ecclesie
1312 5080 1412 5144 sancti
1445 5079 1571 5143 Andree
1599 5079 1770 5143 Veniensis
1793 5083 1933 5146 noscitur

418 5187 581 5263 obtinere,
612 5203 682 5249 cum
712 5184 856 5250 omnibus
887 5185 959 5249 aliis
990 5204 1051 5249 nau
1081 5185 1281 5249 obstantibus
1313 5190 1347 5248 et
1378 5182 1528 5248 clausulis
1558 5184 1722 5264 oportunis
1754 5190 1786 5248 et
1819 5204 1932 5250 enecu-

416 5291 557 5357 toribus.

529 5393 603 5458 Fiat
624 5393 662 5457 R.
685 5393 729 5459 Et
752 5412 780 5475 q.
805 5398 827 5457 t.
852 5411 877 5458 a.
902 5412 930 5458 a.
955 5394 974 5458 l.
999 5392 1071 5457 Fiat
1093 5392 1130 5457 R.
1166 5393 1205 5457 D.
1230 5394 1386 5458 Auinione
1409 5392 1438 5457 Χ
1463 5394 1525 5459 kal.
1550 5394 1736 5460 Decembris
1759 5414 1787 5458 a.
1811 5396 1930 5477 quinto.

532 5547 856 5615 ClementisVISth
876 5548 967 5614 (1111.
990 5550 1106 5601 1012-
1134 5550 1156 5615 ιι)
1176 5548 1253 5614 ,eius‘
1273 5547 1299 5601 S.
1319 5580 1351 5587 -
1373 5551 1391 5618 ¹)
1417 5548 1582 5618 supplicavit
1610 5566 1659 5618 pro
1685 5549 1781 5603 eodem
1809 5550 1933 5604 similiter

416 5640 507 5695 etiam
526 5634 643 5690 Carolus
660 5651 710 5689 rex
730 5635 789 5702 ipse
809 5634 973 5702 (videnum.
995 5641 1045 5687 745
1064 5652 1125 5702 pag.
1144 5642 1222 5702 Aba„
1259 5635 1366 5691 litteras
1385 5644 1476 5689 antem
1495 5635 1555 5689 virle
1575 5636 1624 5690 sab
1644 5653 1716 5689 narn.
1736 5643 1794 5689 804.

1796 5856 1825 5901 31
