5184 7050
681 823 748 890 500

682 1029 774 1096 863.
798 1026 956 1108 Magistro
980 1025 1118 1091 Gerololo
1141 1026 1178 1090 cle
1200 1029 1372 1107 claraco,
1396 1025 1618 1091 archidiacono
1648 1026 1687 1091 dc
1709 1026 1852 1091 Baltesr'o
1881 1026 1917 1089 ia
1946 1026 2085 1091 ecclesia
2120 1027 2192 1091 Con·

681 1131 861 1206 stantiensi,
884 1131 1047 1216 capellano
1064 1151 1184 1213 papae,
1216 1130 1408 1213 apostolicae
1436 1130 1522 1195 sedis
1553 1131 1663 1195 nomm
1694 1130 1736 1195 ad
1759 1129 1919 1210 Cordum,
1949 1151 2058 1212 repens
2082 1132 2194 1196 Roma·

682 1257 803 1314 nortors,
826 1237 991 1314 destinato,
1014 1235 1134 1299 dantur
1156 1233 1282 1299 litterae
1302 1236 1404 1300 secari
1419 1235 1597 1313 condomas,
1613 1239 1648 1298 at
1662 1234 1799 1317 sinordis
1814 1234 1923 1300 cliebm
1936 1235 2196 1318 pwcwatioaern

724 1343 747 1405 4
760 1340 957 1425 florenorum
974 1344 1081 1423 petere
1104 1342 1134 1403 et
1156 1338 1280 1420 ccipere
1297 1340 1411 1421 possit.
1426 1340 1478 1418 ,D.
1501 1339 1659 1405 Aninione
1690 1339 1716 1401 V
1733 1360 1805 1404 non.
1830 1339 1951 1405 Marcii
1976 1360 2008 1404 a.
2031 1339 2162 1422 qaae:

1680 1530 1844 1605 Acinione,
1868 1531 1956 1595 1347
1982 1531 2104 1596 Martii
2126 1531 2156 1593 3.

788 1718 937 1775 Clementis
956 1720 994 1775 Vl
1015 1720 1045 1774 V.
1066 1725 1115 1773 140
1133 1725 1214 1788 (secr.
1232 1734 1257 1772 a
1274 1719 1311 1785 V)
1329 1717 1349 1772 f.
1367 1720 1427 1772 809'
1447 1735 1474 1773 ιι.
1494 1723 1570 1773 1377.
1588 1749 1622 1759 -
1640 1717 1692 1772 Ed.
1710 1717 1803 1773 Vetik.
1820 1717 1915 1775 Aktan
1934 1735 1962 1774 n.
1982 1724 2062 1774 2318.

686 2330 776 2397 854.
798 2328 918 2394 Abbati
939 2330 1125 2393 monasterii
1147 2330 1185 2394 de
1209 2328 1337 2412 Campo,
1364 2328 1555 2395 Coloniensis
1578 2328 1720 2404 diocesis,
1736 2331 1766 2393 et
1781 2329 1887 2393 sancti
1910 2328 2041 2394 Hilarii
2064 2328 2193 2393 Pictori-

683 2433 769 2499 ensis
791 2454 830 2498 ac
851 2433 955 2498 sancti
980 2432 1108 2515 Georgii
1132 2432 1324 2499 Coloniensls
1347 2431 1553 2498 ecclesiaram
1576 2431 1704 2496 decanis
1734 2432 1918 2512 mandatur,
1956 2437 2118 2514 qnaterm
2142 2430 2193 2497 nt

684 2537 836 2602 mannam
866 2538 986 2603 dictam
1016 2538 1054 2602 de
1085 2539 1215 2617 Grmen,
1246 2537 1302 2619 qai
1331 2537 1450 2601 dadam
1480 2536 1515 2600 in
1544 2535 1733 2600 monaaato
1756 2536 1794 2600 cle
1816 2536 1943 2619 Herpis,
1983 2536 2191 2603 mammis

683 2642 814 2718 ordinis,
841 2642 1032 2710 Cblonimsis
1054 2642 1197 2722 diocesis,
1220 2645 1371 2725 receptas,
1394 2641 1509 2706 ibidem
1540 2640 1679 2724 amplias
1701 2640 1880 2723 qaindecim
1903 2662 2009 2706 annos
2032 2640 2191 2706 monacisca

686 2750 758 2811 crat
780 2752 874 2830 atara
890 2747 1122 2831 professionem
1145 2746 1258 2825 emisit,
1274 2745 1331 2810 secl
1349 2748 1462 2829 postea
1485 2745 1523 2810 cle
1544 2745 1675 2811 licentia
1698 2744 1822 2809 abbatis
1844 2748 1876 2808 et
1899 2745 2070 2825 &analdi
2092 2746 2189 2810 cailo

684 2853 762 2916 toris
784 2852 922 2917 eiusdem
951 2851 1137 2917 monasterti
1167 2851 1204 2914 de
1234 2849 1360 2932 Bcrpis,
1395 2850 1439 2915 acl
1467 2850 1693 2915 monasteriam
1724 2849 1762 2913 de
1792 2849 1921 2924 Ponat,
1959 2848 2042 2914 dicti
2072 2849 2186 2923 ordinis,

684 2955 857 3036 Prapeasis
871 2955 1013 3030 diocesis,
1029 2957 1064 3019 in
1078 2974 1173 3037 regno
1187 2955 1360 3019 Bobemiae
1381 2954 1563 3031 carnatem,
1586 2953 1728 3033 transiit,
1752 2953 1867 3035 inquo
1886 2951 1966 3036 plns
1990 2974 2092 3035 wem
2113 2953 2182 3017 tter

683 3059 771 3122 niam
779 3060 969 3142 permansit,
980 3059 1063 3124 unde
1078 3059 1122 3124 ad
1136 3060 1363 3124 monasterinm
1378 3079 1490 3123 mcum
1505 3061 1636 3123 candae
1654 3058 1782 3123 Mariae
1798 3057 1936 3138 Virginis
1952 3056 1992 3122 de
2006 3058 2183 3141 „Epteren“‚

687 3161 900 3228 Creterciensis
923 3163 1053 3244 ordinis,
1069 3164 1281 3228 Tra-iecteasis
1300 3162 1441 3238 diocesis,
1457 3162 1637 3228 translatas
1660 3166 1690 3225 et
1711 3165 1847 3244 qaataor
1860 3181 1964 3225 annos
1987 3161 2105 3226 ibidem
2119 3182 2183 3226 con·

684 3270 827 3332 wotos
857 3270 913 3347 est,
947 3267 1001 3332 nbi
1024 3271 1158 3352 propter
1188 3266 1429 3332 intollerabilem
1457 3266 1707 3350 persecutionem
1736 3286 1899 3330 remanere
1928 3286 1993 3330 non
2019 3270 2131 3351 potest,
2157 3265 2182 3327 ir

685 3371 822 3436 eiusdem
854 3370 1041 3436 monasterii
1073 3372 1111 3436 de
1145 3371 1261 3453 Berpis
1293 3371 1482 3436 awnacbnm
1514 3375 1545 3434 et
1570 3373 1716 3452 fratrem
1749 3370 1786 3434 de
1817 3388 1893 3434 noco
1926 3370 2031 3455 recipri
2056 3371 2180 3452 facian.

1072 3477 1126 3553 ,D.
1149 3475 1307 3541 Aninione
1330 3477 1371 3541 II
1388 3495 1459 3541 non.
1483 3475 1604 3541 Marcii
1626 3495 1656 3539 a.
1679 3473 1809 3557 aninlo!

730 3642 840 3710 Gratis
861 3661 918 3727 pro
941 3641 1011 3709 deo.
1685 3640 1849 3719 Anniana,
1877 3639 1961 3705 134⁷
1985 3641 2102 3706 Martii
2120 3643 2146 3704 6.

790 3832 939 3887 Clementis
957 3831 995 3887 Vl
1013 3834 1046 3885 Α.
1066 3832 1118 3901 Vll
1136 3834 1191 3900 (88)
1210 3831 1229 3886 l.
1248 3834 1309 3885 255'
1328 3847 1354 3886 ιι
1374 3837 1432 3898 130,
1452 3830 1621 3887 diversarum
1649 3829 1798 3884 formarum
1817 3845 1863 3898 qa.
1884 3835 1916 3883 10
1931 3849 1965 3882 =
1977 3829 2012 3884 V.
2033 3835 2082 3884 rto
2098 3829 2115 3883 l.
2132 3829 2178 3881 lat'

685 3934 713 3972 ιι.
732 3924 790 3973 teo.

687 4424 779 4490 855.
802 4423 991 4499 Adenraras,
1014 4422 1102 4487 titali
1124 4427 1255 4488 sanctae
1277 4422 1476 4489 Anastasiae
1500 4423 1667 4507 presbyter
1698 4422 1886 4499 cardinalis,
1919 4421 2092 4507 supplicat,
2118 4442 2178 4505 oao-

686 4531 776 4591 terras
798 4527 950 4608 magistro
972 4527 1117 4594 Jolranni
1139 4528 1177 4592 cle
1195 4527 1346 4610 Ayrronia
1367 4528 1406 4591 de
1428 4528 1617 4592 canonicatu
1637 4532 1668 4591 et
1684 4525 1930 4619 praebendalin
1944 4526 2079 4593 redata
2098 4523 2179 4590 Vroti·

1144 4632 1298 4697 slaoiensi
1319 4632 1505 4697 vacantibus
1522 4632 1740 4714 provideatur.

1661 4795 1825 4870 Aoinione,
1848 4798 1937 4860 1347
1961 4796 2084 4862 Marcis·
2104 4798 2149 4861 ll.

791 4987 956 5070 Supplicat
978 4990 1008 5055 S.
1033 4990 1069 5054 V.
1094 4995 1240 5054 creatura
1270 4993 1378 5053 vestra
1409 4987 1524 5052 devota
1555 4986 1741 5065 Adernarus,
1773 4984 1858 5051 tituli
1890 4992 2006 5052 sancte
2030 4985 2185 5053 Anasmsie

686 5092 854 5175 presbyter
884 5093 1064 5172 cardinalis,
1096 5097 1253 5175 quatenus
1285 5093 1345 5157 sibi
1376 5092 1408 5157 in
1438 5109 1605 5173 personam
1641 5089 1747 5154 dilecti
1778 5090 1827 5156 sui
1858 5090 2005 5173 magistri
2037 5089 2185 5164 lobannis,

686 5196 870 5262 cancellarii
893 5196 1029 5262 ecclesie
1052 5196 1337 5275 Wratislauicnsis,
1361 5195 1533 5278 specialem
1562 5195 1701 5278 graciam
1732 5194 1895 5273 iacientes,
1930 5194 2040 5261 eidem
2061 5192 2185 5262 sonari

686 5302 726 5366 de
750 5302 937 5365 canonicatu
960 5306 993 5364 et
1015 5300 1178 5382 prebenda
1210 5301 1345 5365 ecclesie
1376 5299 1662 5377 Wratislauiensis,
1693 5297 1880 5363 vacantibus
1905 5296 2005 5384 [in]·)
2036 5301 2122 5366 curia
2141 5314 2187 5380 por

687 5405 961 5469 consecracionem
994 5404 1167 5468 reverendo
1198 5404 1282 5485 patri
1313 5404 1449 5481 Andrce‚
1481 5404 1629 5485 episcopa
1659 5400 1878 5480 Ponzaniensi,
1913 5403 2105 5486 impensem
2130 5419 2186 5467 cm

687 5510 833 5576 omnibus
865 5509 987 5574 iuribus
1018 5514 1050 5573 et
1081 5509 1287 5590 pertinenciis
1319 5509 1385 5574 suis
1415 5507 1587 5590 dignemini
1617 5506 1794 5587 providere,
1830 5525 1892 5571 non
1924 5507 2088 5588 obstante,
2117 5503 2187 5590 quod

688 5614 911 5679 cancellariam
935 5614 966 5677 in
989 5613 1256 5691 Wratislauicnsi,
1281 5633 1343 5695 que
1366 5613 1505 5694 dignitas
1535 5612 1653 5677 ibidem
1684 5611 1803 5690 existit,
1831 5629 1954 5677 necnon
1981 5614 2186 5679 canonicatum

687 5724 720 5784 et
744 5718 936 5802 prebendam
958 5719 991 5783 in
1015 5718 1224 5784 Garcouiensi
1246 5718 1391 5783 ecclesiis
1421 5738 1458 5784 ac
1488 5716 1639 5783 allodium
1661 5714 1854 5782 Preturscha
1884 5716 1918 5781 in
1941 5714 2185 5784 Wratislaaiensi
