5184 7050
1985 860 2046 929 189

537 1065 630 1131 314.
666 1063 819 1138 Jobuuui
854 1065 996 1147 episcopo
1022 1062 1268 1141 Nuratbeuensi,
1303 1063 1486 1139 mundatur,
1521 1069 1676 1147 quateaus
1699 1087 1733 1130 se
1755 1067 1798 1131 ud
1820 1067 1923 1132 sedem
1952 1090 2045 1134 aarum

577 1217 737 1235 ---..
1197 1171 1388 1247 transferet.

569 1287 744 1412 ..ἓξὲξ
1458 1281 1622 1361 Ariadne,
1651 1285 1738 1348 1344
1760 1284 1928 1350 Februarii
1951 1289 2001 1353 15.

639 1483 677 1548 V.
700 1482 722 1548 f.
745 1482 893 1560 Johanni,
924 1483 1074 1563 episcopo
1105 1479 1326 1560 Naratenensi,
1351 1500 1375 1546 s.
1418 1481 1507 1547 Inter
1537 1481 1755 1549 solicitudines
1778 1487 1893 1568 varias,
1928 1487 2043 1567 quibus

534 1588 663 1652 assidue
692 1588 873 1669 premimur,
908 1585 962 1650 illa
992 1586 1156 1667 potissime
1187 1584 1292 1667 pulsat
1323 1591 1357 1650 et
1379 1587 1497 1651 excitat
1527 1592 1665 1651 mentem
1695 1594 1843 1669 nostram,
1876 1595 1911 1654 ut
1940 1595 2043 1656 status

534 1692 742 1757 ecclesiarum
757 1697 790 1756 et
804 1692 1067 1754 monasteriorum
1089 1691 1226 1754 omnium
1242 1709 1318 1754 cure
1333 1696 1440 1755 nostre
1464 1691 1570 1756 divina
1585 1692 1788 1773 providencia
1807 1696 2043 1760 commissorum

534 1780 745 1879 spiritualiter
759 1801 792 1861 et
806 1795 1025 1877 temporaliter
1047 1799 1232 1877 augeantur,
1256 1796 1404 1877 quodque
1428 1795 1499 1875 illis,
1524 1815 1586 1877 qne
1601 1797 1668 1861 suis
1688 1798 1840 1863 destituta
1863 1800 2042 1880 pastoribus

533 1902 712 1966 vocacionis
742 1900 938 1965 incommoda
968 1899 1134 1981 deplorare
1165 1905 1347 1979 noscuntur,
1381 1900 1463 1965 tales
1486 1902 1647 1966 ministros
1670 1903 1824 1984 preficere
1848 1905 2042 1983 studeamus,

533 2025 591 2089 per
613 2025 748 2088 quornm
777 2006 918 2088 regimen
949 2003 1071 2068 utiliter
1100 2010 1133 2068 et
1155 2004 1326 2069 salubriter
1347 2005 1474 2070 valeant
1503 2006 1682 2088 gubernari.
1728 2007 1856 2072 Dudum
1886 2008 2042 2089 siquidem

532 2110 670 2175 ecclesia
693 2109 903 2175 Neratencnsi
921 2128 979 2191 per
993 2111 1112 2173 obitum
1137 2108 1238 2173 ultimi
1261 2109 1403 2191 episcopi
1426 2109 1663 2190 Naratenensis,
1687 2111 1741 2192 qui
1758 2117 1848 2176 extra
1870 2113 2042 2179 Romanam

532 2216 653 2279 curiam
670 2215 753 2279 diem
769 2215 883 2279 clausit
905 2219 1090 2292 extremum,
1114 2215 1251 2295 pastoris
1271 2213 1388 2278 solacio
1412 2214 1574 2293 destituta,
1598 2234 1655 2280 nos
1671 2217 1839 2281 vocacione
1862 2216 2041 2282 huiusmodi

532 2319 669 2384 ecclesie
699 2318 866 2401 fidedignis
896 2318 1049 2383 relatibus
1080 2318 1242 2383 intellecta
1264 2318 1408 2383 volentes
1438 2319 1542 2383 eidem
1572 2319 1718 2398 ecclesie,
1749 2340 1789 2385 ne
1813 2320 1947 2386 ulterius
1978 2320 2041 2387 dis·

531 2424 649 2505 pendia
672 2424 793 2506 prolixe
817 2425 993 2488 vacaelonls
1020 2425 1205 2500 incurreret,
1236 2429 1369 2504 paterna
1391 2424 1591 2489 solicitudine
1624 2443 1795 2506 precavere
1818 2430 1852 2489 et
1873 2426 1914 2491 ad
1936 2427 2040 2507 provi·

531 2529 653 2593 sionem
675 2529 776 2610 ipsius
798 2529 934 2593 ecclesie
957 2527 1094 2592 celerem
1110 2533 1144 2591 et
1158 2527 1283 2592 felicem
1306 2527 1438 2592 solicitis
1462 2529 1575 2594 studiis
1598 2528 1800 2594 intendentes
1823 2534 1856 2594 et
1875 2531 2040 2613 cupientes

530 2623 626 2723 lolem
658 2632 762 2698 eidem
792 2631 927 2697 ecclesie
958 2651 1088 2713 preesse
1119 2651 1295 2713 piamonem,
1331 2651 1392 2713 que
1415 2634 1521 2711 sciret,
1555 2632 1653 2698 vellet
1683 2639 1716 2698 et
1746 2637 1855 2716 posset
1885 2634 1985 2716 ipsam
2007 2635 2040 2701 in

531 2739 596 2802 suis
619 2757 810 2803 conservare
833 2738 954 2801 iuribus
977 2742 1011 2801 et
1033 2738 1133 2801 eciam
1156 2738 1326 2819 adaugere,
1350 2744 1422 2818 post
1445 2737 1718 2817 deliberacionem,
1743 2757 1836 2819 quam
1860 2739 2039 2820 superbiis

531 2861 600 2907 cum
623 2842 776 2907 fratribus
799 2843 916 2906 nostris
938 2842 1104 2907 habuimus
1128 2841 1322 2924 diligentem,
1354 2842 1479 2906 demum
1501 2844 1542 2907 ad
1564 2847 1606 2921 te,
1630 2843 1815 2908 monachum
1838 2844 1951 2923 tunc·)
1974 2863 2038 2909 mo-

532 2948 663 3012 nasterii
687 2947 769 3012 Aule
792 2947 901 3030 Regia,
937 2945 1159 3012 cisterciensis
1182 2947 1311 3026 ordinis,
1345 2947 1514 3029 Pragensis
1537 2947 1683 3027 diocesis,
1706 2948 1739 3013 in
1761 2949 1943 3013 sacerdocio
1966 2967 2039 3014 con-

531 3053 688 3130 stitutum,
724 3052 774 3116 cui
805 3052 844 3116 de
875 3051 1035 3133 religionis
1065 3050 1144 3130 zelo,
1179 3050 1356 3116 litterarum
1390 3052 1537 3130 sciencia,
1571 3052 1636 3116 vite
1669 3052 1837 3129 mundicia,
1871 3051 2038 3117 honestate

532 3175 653 3220 morum
676 3162 711 3221 et
732 3155 803 3220 allis
825 3154 1045 3237 multiplicimn
1069 3156 1219 3220 virtutum
1250 3157 1371 3220 meritis
1394 3157 1479 3237 apud
1501 3175 1558 3221 nos
1580 3154 1738 3237 fidedigna
1763 3157 1944 3222 testimonia
1967 3177 2038 3239 per·

531 3260 689 3339 hibentur,
721 3260 892 3325 direximus
915 3259 1023 3325 oculos
1053 3266 1161 3325 nostre
1182 3261 1315 3339 mentis;
1351 3262 1465 3342 quibus
1488 3261 1631 3326 omnibus
1662 3261 1805 3343 diligenti
1827 3261 2037 3326 meditacionc

532 3367 673 3446 pensatis
697 3364 736 3429 de
760 3384 895 3446 persona
918 3370 973 3428 tua
993 3364 1095 3429 eidem
1118 3365 1253 3430 ecclesie
1276 3365 1487 3430 Neratenensi
1511 3365 1549 3429 de
1573 3365 1728 3430 dictormn
1751 3365 1883 3430 fratrum
1906 3365 2036 3431 consilio

529 3471 720 3535 auctoritate
747 3470 920 3552 apostolica
950 3470 1144 3552 providimus
1174 3476 1271 3552 teque
1294 3470 1326 3535 in
1349 3469 1412 3535 illis
1443 3469 1634 3552 prefecimus
1663 3471 1696 3535 ln
1719 3470 1902 3552 episcopum
1925 3474 1959 3534 et
1982 3489 2035 3552 pa-

528 3580 657 3654 storem,
681 3594 788 3639 curam
804 3581 837 3639 et
851 3576 1159 3640 alrrrinistracionem
1182 3576 1325 3640 eivrsdem
1348 3575 1575 3641 Neratenensis
1598 3575 1733 3640 ecclesie
1756 3575 1814 3640 tibi
1836 3576 1868 3640 in
1888 3574 2037 3656 spiritua-

527 3679 610 3744 libus
642 3685 676 3744 et
705 3679 932 3760 temporalibus
967 3679 1107 3760 plenarie
1142 3680 1375 3757 conunittendo,
1410 3686 1444 3744 et
1473 3680 1707 3760 subsequenter
1739 3680 1797 3744 tibi
1827 3698 1885 3761 por·
1906 3699 1936 3744 v.
1959 3679 1980 3744 f.
2004 3700 2034 3744 ιι.

527 3784 715 3861 Johannem,
747 3785 930 3865 episcopum
954 3785 1170 3862 Portuensem,
1201 3784 1286 3866 apud
1309 3785 1417 3848 sedem
1440 3783 1645 3865 apostolicam
1671 3803 1785 3849 munus
1808 3784 1941 3850 fecimus
1964 3804 2037 3849 con-

525 3889 721 3953 secracionis
744 3889 891 3970 impendi,
917 3890 948 3953 in
972 3888 1034 3966 illo,
1059 3890 1112 3970 qui
1136 3890 1190 3952 dat
1212 3890 1336 3970 gracias
1359 3893 1392 3953 et
1414 3889 1547 3971 largitur
1570 3891 1699 3970 premia,
1724 3888 1927 3967 confidentes,
1951 3888 2035 3971 quod

525 3994 641 4058 eadem
665 3993 890 4057 Neratenensis
917 3992 1052 4057 eeclesia
1075 3994 1133 4058 sub
1156 3999 1211 4056 tuo
1235 3993 1320 4058 felici
1343 3995 1495 4075 regimine
1525 3994 1632 4076 gracia
1654 3994 1712 4057 tibi
1736 3994 1906 4058 assistente
1929 3994 2035 4058 divina

524 4117 681 4180 prospere
705 4098 859 4179 dirigetur
881 4104 913 4161 ct
936 4097 1074 4161 salubria
1097 4099 1250 4179 suscipiet
1273 4099 1475 4163 incrementa.
1508 4099 1662 4177 Quocirca
1685 4098 1877 4163 fraternitati
1899 4104 1954 4162 tue
1978 4118 2036 4180 per

524 4202 702 4284 apostolica
732 4204 849 4283 scripta
880 4203 1071 4281 mamlamus,
1102 4208 1258 4283 quatenus
1281 4204 1321 4266 ad
1345 4203 1462 4267 dictam
1492 4202 1743 4268 Nerateneuscm
1774 4202 1941 4267 ecclesiam
1964 4223 2034 4267 cum

524 4308 635 4389 gracia
664 4312 771 4371 nostre
801 4307 1034 4371 benediccionis
1067 4307 1232 4385 accedens,
1267 4307 1410 4372 eiusdem
1440 4307 1575 4373 ecclesie
1610 4307 1764 4372 solicitam
1795 4326 1902 4371 curam
1931 4325 2033 4389 geras,

524 4430 655 4493 gregem
686 4410 873 4476 dominicum
904 4412 935 4475 in
960 4410 1013 4474 illa
1043 4412 1101 4475 tibi
1131 4412 1330 4476 commissum
1365 4412 1507 4477 doctrina
1529 4412 1619 4476 verbi
1642 4417 1675 4475 et
1697 4413 1803 4493 operis
1837 4411 2032 4476 informando

527 4516 580 4593 ita,
605 4516 690 4596 quod
714 4515 798 4579 dicta
828 4515 964 4579 ecclesia
995 4516 1222 4579 Neratenensis
1252 4515 1455 4596 gubernatori
1486 4517 1715 4597 circumspecto
1738 4522 1772 4580 et
1794 4516 1955 4581 fructuoso
1979 4515 2034 4579 ad-

527 4620 732 4684 ministratori
762 4620 899 4701 gaudeat
922 4638 957 4683 se
981 4621 1187 4696 conmrissavn,
1219 4639 1255 4683 ac
1278 4620 1359 4684 bone
1382 4620 1464 4685 fanve
1487 4625 1542 4684 tue
1572 4619 1651 4684 odor
1673 4640 1712 4684 ex
1735 4619 1946 4684 laudabilibus
1968 4620 2033 4684 tuis

525 4725 650 4789 actibus
673 4724 772 4789 lacius
789 4723 991 4800 diffundatur,
1015 4730 1113 4804 traque
1137 4730 1245 4804 preter
1260 4731 1370 4788 eterne
1394 4725 1615 4789 retribucionis
1638 4726 1792 4806 premium
1814 4729 1922 4788 nostre
1945 4724 2033 4788 beni-

528 4827 669 4893 valencie
702 4829 840 4910 graciam
874 4829 1002 4893 uberius
1036 4828 1143 4892 valeas
1177 4830 1360 4910 promereri.
1406 4829 1444 4894 D.
1477 4830 1633 4895 Aninione
1668 4830 1726 4895 XV
1764 4829 1824 4894 kal.
1861 4829 1973 4893 Marcii
2002 4849 2031 4894 a.

527 4933 676 4997 secundo.

632 5038 668 5101 ln
691 5057 718 5102 e.
743 5056 782 5100 m.
808 5036 858 5100 dd.
883 5035 914 5101 n.
934 5036 1019 5102 clero
1042 5038 1181 5102 civitatis
1204 5044 1237 5101 et
1261 5038 1397 5102 diocesis
1420 5039 1647 5103 Neratenensis
1670 5058 1695 5103 s.
1713 5042 1773 5103 etc.
1791 5089 1797 5101 .
1816 5088 1823 5102 .
1841 5088 1873 5103 ..
1898 5038 1937 5102 D.
1955 5043 1990 5102 ut
2005 5057 2029 5102 s

631 5142 667 5206 ln
691 5160 718 5204 e.
743 5160 782 5204 m.
808 5140 858 5205 dd.
883 5139 913 5205 n.
937 5141 1076 5222 capitulo
1099 5141 1234 5206 ecclesie
1257 5142 1486 5207 Neratenensis
1509 5162 1533 5206 s
1558 5146 1618 5207 etc.
1637 5193 1644 5206 .
1662 5193 1668 5206 .
1686 5193 1718 5207 ..
1743 5143 1782 5208 D.
1807 5147 1842 5206 ut
1865 5160 1889 5208 s

629 5248 667 5313 In
698 5266 726 5310 e.
757 5266 797 5310 m.
829 5246 880 5310 dd.
912 5245 942 5311 tl.
974 5247 1090 5328 populo
1125 5248 1262 5311 civitatis
1296 5253 1329 5311 et
1360 5248 1495 5313 diocesis
1529 5248 1757 5314 Neratenensis
1787 5266 1811 5311 s.
1844 5253 1894 5311 etc
1897 5297 2030 5311 ......

526 5353 562 5416 D.
588 5357 624 5416 ut
647 5370 672 5415 s.

626 5505 779 5559 Clementis
798 5504 836 5557 Vl
855 5507 878 5557 Α
899 5505 953 5573 llll
974 5507 1016 5572 (V.
1031 5512 1091 5572 ulo)
1112 5508 1130 5560 f.
1146 5513 1194 5560 125
1206 5523 1232 5560 n.
1244 5513 1285 5575 71,
1298 5507 1332 5560 dc
1349 5506 1571 5576 promocionibus
1585 5523 1629 5574 qn.
1642 5513 1658 5561 4
1673 5525 1704 5559 τ.
1716 5506 1747 5560 V.
1762 5511 1809 5559 161
1823 5504 1842 5559 f.
1856 5510 1889 5558 85
1902 5522 1930 5560 ιι.
1943 5511 1983 5560 71.
2000 5536 2032 5547 -

522 5595 548 5660 ·)
567 5594 731 5664 suppletum
751 5594 886 5661 suprad.
