5184 7050
661 856 724 923 742

653 1064 773 1130 vicario
797 1065 829 1129 in
853 1063 989 1129 ecclesia
1011 1065 1174 1147 Pragensi,
1199 1066 1341 1131 eiusdem
1365 1065 1598 1148 archiepiscopi
1620 1067 1653 1130 in
1676 1063 1898 1148 spiritualibus
1927 1061 2064 1127 vicariis
2084 1080 2171 1145 gene

652 1168 786 1248 talibus,
810 1169 969 1234 commisit
990 1187 1049 1251 per
1071 1187 1147 1235 suas
1170 1170 1297 1236 litteras
1319 1176 1352 1234 et
1376 1169 1547 1249 mandavit,
1571 1175 1606 1233 ut
1625 1168 1729 1235 sancti
1744 1166 1897 1251 Stephani
1913 1166 2171 1250 prothomartiris

653 1291 692 1339 ac
722 1273 888 1339 beatorum
919 1271 1050 1339 Henrici
1081 1276 1114 1337 et
1145 1272 1350 1356 (lunegundis
1374 1273 1528 1339 ecclesias
1550 1275 1737 1356 pragenses,
1761 1273 1794 1337 in
1817 1270 1917 1340 tundo
1941 1273 2090 1353 ipsorum
2112 1290 2172 1336 ma·

653 1377 745 1461 gistri
777 1382 810 1442 et
840 1381 1015 1443 conventus
1043 1376 1082 1442 de
1105 1377 1244 1458 ipsorum
1269 1379 1401 1444 consilio
1424 1384 1457 1443 et
1480 1395 1613 1442 assensu
1636 1394 1694 1457 per
1717 1395 1743 1442 c.
1768 1376 1800 1440 in
1823 1374 1881 1443 Ch.
1905 1375 1928 1441 l.
1953 1394 1983 1441 n.
2013 1374 2169 1452 carolum,

654 1497 762 1564 regem
786 1481 997 1545 Romanorum
1020 1480 1187 1558 illustrem,
1211 1485 1411 1547 constructas
1434 1486 1467 1546 et
1489 1481 1628 1558 dotatas,
1644 1483 1677 1547 in
1693 1479 1909 1563 parrochiales
1933 1481 2111 1563 erigerent,
2129 1481 2170 1545 ais

653 1590 757 1651 certas
780 1584 892 1668 plebes
914 1590 947 1649 et
969 1585 1088 1650 limites
1112 1585 1313 1666 assignando,
1337 1585 1478 1668 dictique
1501 1585 1628 1649 Bouhta
1650 1590 1683 1649 et
1704 1583 1886 1668 Stephanus
1910 1584 2073 1650 ecclesias
2090 1585 2169 1667 ipsas

652 1699 686 1764 in
708 1686 924 1771 parrochiales
947 1693 984 1754 ut
1006 1688 1201 1770 promittitur
1223 1692 1404 1767 erexerunt,
1428 1688 1475 1753 ois
1498 1693 1604 1753 cemus
1624 1688 1737 1772 plebes
1759 1692 1793 1753 et
1814 1686 1934 1754 limites
1965 1687 2167 1773 assignando,

652 1798 749 1878 prout
782 1794 813 1858 in
843 1793 1032 1875 quibusdam
1063 1792 1135 1857 aliis
1158 1793 1342 1874 patentibus
1364 1792 1492 1871 littaris,
1515 1792 1616 1874 ipsius
1639 1789 1872 1874 archiepiscopi
1895 1792 2007 1876 sigillo
2032 1794 2169 1870 munitis,

653 1897 780 1979 plenius
810 1898 1006 1962 continetur:
1039 1914 1096 1961 nos
1120 1896 1379 1963 consideracione
1403 1896 1545 1964 eiusdem
1568 1898 1662 1979 ragis,
1686 1913 1783 1976 super
1805 1895 1866 1962 hoc
1887 1897 1982 1962 nobis
2007 1897 2168 1963 humiliter

653 2001 875 2085 supplicantis,
889 2020 926 2065 ac
949 2001 1050 2083 ipsius
1073 2005 1106 2064 et
1129 2000 1286 2065 dictorum
1306 2001 1450 2082 magistri
1466 2005 1500 2066 et
1515 2007 1688 2065 conventus
1705 2000 1999 2082 supplicationibus
2017 2001 2168 2080 inclinati,

653 2105 850 2171 ereocionem
872 2111 905 2169 et
927 2105 1180 2185 assignacionem
1202 2103 1383 2170 huiusmodi
1406 2110 1494 2170 ratas
1510 2110 1542 2170 et
1557 2109 1665 2187 gratas
1686 2104 1852 2184 habentes,
1874 2104 1951 2171 illas
1974 2109 2168 2172 auctoritate

654 2208 830 2293 apostolica
852 2228 891 2273 ex
914 2215 1003 2273 certa
1026 2209 1165 2273 sciencia
1187 2207 1409 2274 confirmamus
1431 2213 1464 2272 et
1487 2210 1646 2290 presentis
1676 2209 1787 2289 scripti
1818 2210 2002 2293 patrocinio
2032 2229 2165 2277 commu·

654 2315 768 2390 nimus,
803 2312 988 2395 supplentes
1023 2331 1146 2376 ornnem
1181 2311 1350 2391 deiectum,
1384 2313 1412 2376 si
1442 2313 1514 2394 quis
1544 2312 1653 2378 forsan
1683 2313 1892 2380 intervenerit
1914 2313 1949 2378 in
1971 2314 2109 2395 eisdem,
2131 2315 2167 2380 de

653 2416 843 2501 apostolice,
866 2416 1063 2498 plenitudine
1097 2417 1276 2498 potestatis.
1322 2417 1427 2484 Tenor
1459 2436 1535 2482 vero
1569 2417 1710 2500 ipsarum
1744 2417 1926 2483 litterarum
1962 2419 2043 2484 dicti
2067 2418 2165 2485 archi·

654 2521 797 2603 episcopi
830 2519 906 2585 talis
939 2527 1004 2587 est:
1052 2520 1221 2600 Bohuta,⁰)
1255 2522 1363 2587 divina
1391 2521 1600 2586 miseracione
1623 2520 1867 2588 archidiaconus
1898 2521 2114 2602 Curimensis,
2136 2530 2166 2588 et

654 2625 843 2709 Stephanus,
866 2625 1057 2689 venerabilis
1080 2625 1112 2690 iu
1136 2625 1262 2690 Christo
1286 2626 1388 2707 patris
1411 2630 1444 2690 et
1466 2625 1595 2702 domini,
1619 2625 1736 2690 domini
1760 2626 1900 2704 Arnesti,
1933 2627 2167 2711 archiepiscopi

654 2730 832 2812 Pragensis,
856 2731 889 2794 in
911 2729 1048 2795 ecclesia
1070 2730 1223 2812 Pragensi
1245 2730 1394 2807 vicarius,
1417 2730 1560 2795 eiusdem
1583 2729 1700 2794 domini
1715 2727 1743 2811 d)
1768 2729 2008 2814 archiepiscopi
2029 2733 2063 2797 in
2079 2734 2167 2815 spiri·

655 2833 795 2900 tualibus
829 2834 938 2899 vicarii
961 2834 1126 2916 generales
1150 2853 1187 2899 ac
1210 2834 1429 2911 commissarii,
1437 2837 1462 2913 ⁰)
1497 2833 1537 2899 ab
1567 2834 1680 2899 eudem
1711 2834 1837 2900 dominu
1861 2835 2110 2918 archiepiscopo
2131 2837 2168 2900 ad

656 2937 858 3019 infrascripta
881 2937 1065 3019 specialiter
1087 2937 1240 3019 deputati,
1264 2939 1409 3003 omnibus
1426 2942 1458 3002 et
1478 2937 1621 3020 singulis,
1637 2937 1679 3002 ad
1695 2956 1775 3019 quos
1783 2937 1809 3019 r)
1832 2944 2006 3021 presentes
2023 2938 2132 3005 littere
2144 2942 2168 3020 ς)

655 3041 867 3124 pervenerint,
890 3041 922 3105 in
945 3042 1084 3106 omnium
1114 3041 1273 3106 salvatore
1295 3041 1441 3106 salutem.
1486 3041 1676 3108 Sollicitudo
1708 3042 1840 3108 iniuncti
1871 3043 1967 3108 nobis
1994 3043 2095 3109 officii
2116 3062 2169 3108 nos

655 3149 782 3210 amanet
804 3151 837 3211 et
859 3145 991 3224 inducit,
1015 3148 1051 3209 ut
1074 3145 1265 3227 promocioni
1290 3165 1327 3212 ac
1343 3144 1369 3225 1·)
1393 3146 1593 3227 expedicioni
1616 3146 1812 3228 singulorum
1828 3153 1861 3212 ct
1877 3165 1990 3213 eorum
2009 3151 2167 3230 precipue,

654 3268 716 3331 que
750 3249 891 3314 favorem
925 3249 1086 3330 religionis
1121 3250 1296 3331 respiciunt
1319 3255 1354 3313 et
1376 3267 1438 3331 qus
1461 3251 1492 3314 in
1516 3250 1612 3315 divini
1645 3250 1748 3314 cultus
1782 3250 1918 3315 tendunt
1953 3259 2166 3335 augmentum,

655 3372 731 3419 cura
764 3353 910 3437 pervigili
944 3353 1153 3418 intendamus.
1199 3354 1326 3418 Dudum
1361 3354 1517 3436 siquidem
1549 3351 1593 3440 [a]
1605 3357 1625 3428 ¹)
1658 3355 1861 3419 serenissimo
1892 3360 1927 3421 et
1958 3358 2165 3422 invictissimo

656 3459 797 3540 principe
820 3463 853 3523 et
876 3459 1011 3536 aloruino,
1036 3457 1160 3523 domino
1184 3457 1348 3539 Kar-0103)
1373 3458 1584 3523 Romanorum
1603 3477 1680 3542 rege
1696 3478 1821 3542 semper
1835 3466 1974 3544 augusto
1990 3468 2027 3527 et
2043 3462 2167 3527 Boemic

654 3580 739 3645 rege,
775 3563 864 3644 regia
902 3562 1032 3626 civitate
1053 3562 1219 3643 ¹Pragensi
1257 3561 1422 3644 magnilica
1460 3567 1663 3644 augmentata
1699 3568 1733 3628 et
1771 3563 1977 3647 amplificata,
2018 3568 2096 3648 qnia
2131 3584 2166 3629 er

655 3667 916 3749 augmentacione
939 3672 972 3730 et
994 3664 1243 3749 amplificacione
1265 3666 1446 3731 huiusmodi
1469 3666 1672 3732 honorabiles
1704 3666 1773 3748 ao¹)
1804 3668 1944 3750 religiosi
1976 3670 2040 3734 viri
2075 3672 2167 3737 frater

656 3769 824 3849 Henricus,
848 3771 1000 3852 magister
1022 3769 1189 3852 hospitalis
1213 3769 1448 3836 cruciferorum
1471 3790 1541 3835 cum
1565 3771 1659 3836 stella
1681 3773 1713 3836 in
1736 3773 1820 3853 pede
1847 3773 1954 3855 pontis
1985 3775 2165 3858 Pragensis,

657 3875 769 3940 domus
785 3876 886 3940 sancti
902 3874 1135 3955 Franczisci,···)
1159 3879 1192 3939 et
1216 3877 1317 3956 ipsius
1340 3880 1513 3940 conventus
1536 3895 1683 3958 magnum
1707 3878 1877 3959 dampnum
1900 3884 1977 3943 sunt
1992 3887 2029 3945 et
2043 3879 2166 3945 luerunt

656 3979 811 4062 perpessi,
835 3998 904 4043 cum
928 3979 1018 4060 qnasi
1043 3997 1100 4058 pro
1122 3980 1233 4043 maiori
1257 3986 1348 4060 parte
1371 3980 1462 4058 muri,
1487 3979 1607 4057 domus,
1631 3982 1704 4057 orti,
1728 3981 1825 4058 curie,
1860 4000 1936 4046 aree
1970 4001 2010 4047 ac
2047 3984 2166 4049 edificia

656 4101 844 4164 quecunque
879 4084 1039 4164 augmenti
1074 4101 1130 4147 seu
1166 4083 1425 4164 amplificaoionis
1461 4084 1673 4164 predictorum
1709 4086 1740 4149 in
1773 4084 1956 4151 hereditate
1989 4105 2050 4153 seu
2074 4088 2164 4154 fundo

656 4186 823 4268 hospitalis
859 4185 993 4266 predicti
1027 4186 1156 4250 luerunt
1189 4192 1223 4250 et
1257 4192 1331 4251 sunt
1365 4188 1464 4252 erecti
1494 4206 1550 4252 seu
1574 4193 1690 4267 erecte,
1715 4190 1952 4271 propterquod
1977 4192 2164 4276 peticionifr

656 4289 809 4370 principis
832 4295 866 4353 et
888 4289 996 4354 fratris
1020 4290 1160 4367 Hemici,
1185 4292 1327 4373 magistri
1351 4291 1529 4372 hospitalis,
1554 4312 1615 4356 una
1638 4311 1708 4357 cnm
1732 4297 1887 4356 conventu
1906 4310 1976 4370 suo,
1995 4303 2032 4360 ut
2050 4296 2164 4362 eisdem

656 4392 761 4459 saltim
785 4393 933 4474 aliqualis
955 4392 1047 4458 fieret
1069 4395 1203 4458 emenda
1219 4400 1252 4458 et
1267 4413 1483 4477 recompensa,
1501 4395 1693 4460 venerabilis
1709 4398 1740 4460 in
1757 4396 1884 4461 Christo
1901 4403 2005 4479 pater,
2025 4401 2164 4465 dominus

656 4503 773 4572 noster,
810 4496 953 4560 dominus
987 4499 1153 4574 Arnostus,
1188 4498 1446 4581 archiepiscopus
1477 4501 1655 4581 Pragensis,
1679 4507 1834 4582 prompte,
1856 4503 1909 4584 pie
1934 4508 1968 4567 et
1990 4506 2164 4584 graciosius

657 4618 809 4677 annuens,
834 4600 919 4675 lecit,
952 4603 1112 4665 consensit
1146 4608 1178 4665 et
1212 4602 1379 4683 disposuit,
1415 4603 1498 4684 quod
1534 4604 1564 4667 in
1595 4605 1774 4669 hereditate
1805 4623 1861 4668 son
1884 4605 1984 4670 lunda
2010 4608 2163 4689 quondan

657 4704 823 4785 hospitalis
855 4705 978 4785 prelati,
1010 4725 1068 4787 per
1099 4714 1302 4787 augmentum
1336 4713 1369 4771 et
1402 4695 1623 4772 dilatucioneni
1636 4711 1662 4789 ⁰)
1694 4709 1854 4790 predictas
1885 4717 2047 4792 occupata
2063 4717 2090 4793 Ρ)
2112 4732 2164 4776 seu

656 4815 822 4890 occupato,
846 4809 878 4872 in
901 4808 970 4873 loco
994 4810 1128 4887 decenti,
1153 4830 1290 4893 congruo
1314 4817 1347 4875 et
1370 4817 1455 4892 apto,
1480 4813 1542 4876 due
1566 4812 1701 4877 ecclesie
1723 4813 1942 4894 parrochiales
1965 4815 2007 4880 ad
2043 4816 2163 4882 laudam

657 4917 691 4978 et
721 4911 853 4994 gloriam
887 4914 1110 4994 omnipotentis
1134 4914 1184 4978 dei
1209 4916 1267 4978 sub
1291 4915 1387 4978 certis
1410 4915 1512 4979 titulis
1535 4917 1744 4999 erigerentur,
1768 4917 1847 4983 dans
1870 4918 1973 4983 eciam
2001 4920 2164 4986 honorabi-

656 5018 740 5082 libus
763 5018 848 5093 viris,
873 5017 998 5082 donrino
1020 5018 1158 5083 Jolranni
1182 5020 1382 5099 Padvvanofl)
1406 5020 1605 5085 decretorum
1629 5022 1760 5099 doctori,
1784 5021 1919 5085 ecclesie
1953 5027 2059 5092 sancti
2085 5026 2164 5091 Petri

657 5120 690 5185 in
720 5120 933 5202 Wyssegrado
965 5121 1093 5199 decano,
1125 5127 1157 5185 et
1186 5122 1350 5200 Jencnoni,
1382 5126 1531 5189 canonico
1562 5125 1696 5190 ecclesie
1728 5126 1906 5208 Pragensis,
1940 5126 1972 5191 in
1997 5133 2163 5213 preceptis.

657 5229 693 5289 ut
724 5224 905 5289 huiusmodi
940 5227 1084 5290 ecclesiis
1118 5225 1234 5291 limites
1269 5228 1348 5292 certi
1378 5246 1435 5308 per
1457 5246 1514 5291 nos
1538 5230 1814 5310 consignarentur:
1839 5230 1981 5296 ecclesia
2005 5234 2116 5317 itaque
2137 5236 2164 5297 in

657 5328 775 5393 honore
798 5330 884 5394 beati
908 5329 1038 5394 Henrici
1063 5332 1262 5410 imperatoris
1286 5338 1320 5395 et
1342 5338 1451 5397 sancte
1483 5333 1690 5414 Gunegundis
1721 5334 1838 5396 ibidem
1871 5341 1992 5412 erecta,
2030 5338 2164 5403 secunda

656 5432 805 5498 videlicet
837 5434 923 5498 beati
958 5434 1109 5516 Stephani
1144 5436 1399 5515 prothomartiris
1433 5436 1550 5500 alardum
1584 5438 1616 5500 in
1646 5436 1826 5501 hereditate
1856 5437 2044 5505 huiusmodi
2067 5442 2165 5508 fuerat

656 5535 822 5601 fabricata.
867 5540 929 5604 Per
960 5539 1119 5619 predictos
1143 5540 1243 5602 eciam
1267 5539 1409 5603 dorniuos
1433 5540 1472 5603 de
1496 5541 1643 5604 nrandato
1667 5540 1784 5605 domini
1807 5542 1908 5606 nostri
1933 5543 2164 5628 archiepiscopi

657 5640 800 5722 predicto
831 5642 921 5707 nobis
952 5641 1013 5707 fide
1043 5644 1137 5720 iacta,
1166 5642 1289 5724 prolato
1315 5645 1445 5724 insuper
1467 5646 1616 5726 rrragistro
1639 5645 1805 5727 hospitalis
1828 5664 1892 5710 uua
1914 5666 1988 5711 curn
2014 5659 2165 5715 conventu

656 5763 726 5823 suo,
756 5752 792 5810 ut
823 5747 862 5810 ad
886 5748 1125 5812 exsecucionem
1146 5750 1167 5827 ¹)
1191 5749 1281 5812 nobis
1306 5750 1541 5813 commissorum
1564 5749 1818 5830 procederemus,
1842 5750 1935 5815 nobis
1960 5752 2163 5819 instantibus:
