5184 7050
547 826 613 892 524

546 1033 657 1098 sinon
681 1037 791 1115 posset
814 1033 863 1098 rel
886 1034 985 1099 nollet
1007 1035 1159 1113 ieiunare,
1182 1032 1329 1098 reficeret
1350 1038 1418 1098 tres
1441 1049 1600 1115 pauperes
1622 1029 1677 1097 iile
1699 1030 1762 1110 die,
1785 1035 1820 1095 et
1845 1029 1984 1096 durmte
2003 1027 2058 1093 ilio

546 1137 712 1219 septennio
735 1137 842 1204 visitet
865 1139 904 1204 ob
927 1140 1142 1204 reverenciam
1165 1138 1260 1204 boote
1283 1137 1387 1202 Meris
1410 1136 1497 1201 illius
1521 1135 1624 1218 patrie
1642 1135 1747 1202 locum
1769 1135 1872 1218 magis
1896 1133 2057 1212 devotum,

547 1242 631 1325 quod
653 1242 714 1307 nisi
736 1246 838 1308 totum
860 1243 966 1323 sociat,
990 1244 1059 1326 ipso
1081 1242 1165 1308 tecto
1181 1243 1213 1308 in
1229 1242 1361 1308 eandem
1377 1241 1570 1307 sentenciam
1588 1238 1761 1319 reincidct3
1786 1237 1961 1321 complices
1983 1256 2055 1303 vero

548 1347 720 1430 puniantur
742 1353 775 1412 et
796 1348 977 1431 penitencie
992 1348 1039 1412 eis
1054 1348 1234 1430 imponatur
1250 1348 1282 1412 in
1299 1347 1407 1412 debite
1428 1345 1530 1425 forme
1549 1349 1582 1410 et
1600 1349 1695 1427 prout
1717 1344 1901 1410 continetur
1923 1343 1957 1407 in
1971 1341 2057 1407 bulis

547 1468 645 1536 super
664 1451 725 1517 hoc
747 1451 841 1532 facts
865 1453 926 1519 nisi
950 1453 980 1519 S.
1003 1452 1042 1517 V.
1065 1453 1202 1535 greciam
1225 1451 1324 1517 vellet
1345 1450 1427 1531 eis0)
1449 1450 1557 1516 fecere
1579 1447 1773 1532 ampliorem.

650 1554 721 1622 Hec
751 1561 801 1621 est
829 1556 885 1623 illc
914 1556 1028 1622 sedulo
1057 1558 1200 1639 papissa,
1232 1556 1272 1620 de
1302 1575 1365 1639 que
1395 1553 1430 1620 fic
1460 1554 1583 1620 mencio
1613 1554 1644 1619 in
1670 1553 1734 1619 alio
1756 1552 1794 1619 s
1835 1552 1874 1617 1).
1900 1550 2055 1616 tuicione

546 1659 644 1727 Xllll
666 1659 729 1726 kei.
753 1660 948 1744 Septembris
971 1681 999 1726 a.
1023 1666 1123 1727 sexto.
1137 1660 1161 1741 ¹)

650 1848 799 1904 Clementis
817 1849 855 1904 VI
872 1851 898 1906 S.
917 1851 985 1919 Vile
1004 1852 1059 1917 (14)
1077 1850 1095 1905 f.
1116 1852 1150 1904 θ’.
1168 1880 1202 1891 -
1228 1851 1252 1917 ·)
1271 1849 1351 1904 deest
1369 1848 1398 1904 in
1415 1848 1452 1916 S.,
1465 1848 1556 1918 suppl.
1568 1848 1604 1904 ab
1625 1847 1740 1903 editore.
1768 1847 1792 1915 b)
1812 1862 1884 1902 corr.
1899 1860 1936 1900 ex
1949 1845 2055 1914 ‚rigore‘

547 1934 574 1991 S.
600 1938 622 2003 e)
642 1935 685 2002 ,ei‘
704 1935 739 2004 S.,
759 1952 827 1991 corr.
847 1937 881 1991 nb
900 1935 1014 1992 editore.
1035 1968 1066 1978 -
1088 1939 1107 2004 ¹)
1129 1943 1194 1991 1347
1214 1936 1334 2006 Augusti
1354 1941 1395 1991 19.

1199 2218 1402 2228 .—.--.-..-—·—...

546 2543 638 2611 896.
661 2541 794 2608 Nicotao
816 2543 854 2609 cie
877 2543 1063 2620 Hoiiandia,
1086 2544 1197 2610 clerico
1220 2545 1474 2612 Peneranteeic
1496 2543 1640 2623 diocesis,
1662 2546 1846 2609 reservatur
1869 2540 1915 2607 ad
1936 2539 2051 2626 snppli-

546 2647 700 2713 caconcn
729 2646 878 2724 Amnes,
909 2649 1049 2733 episcopt
1079 2628 1342 2729 omnemne,
1376 2647 1558 2731 amfleot
1589 2667 1658 2712 com
1684 2646 1733 2712 va
1753 2646 1824 2712 em
1845 2667 1938 2721 eura,
1969 2645 2050 2712 ens

540 2755 674 2832 fructas
695 2753 739 2818 30
760 2773 843 2836 resp.
866 2756 910 2819 20
931 2773 1116 2818 marcannn
1145 2753 1271 2836 oppetiti
1300 2773 1325 2820 s.
1355 2757 1378 2819 t.
1402 2753 1432 2818 d.
1456 2751 1595 2817 valorem
1625 2771 1766 2818 annnnnc
1795 2771 1860 2817 non
1891 2750 2048 2827 excedant,

544 2857 575 2921 si
603 2856 686 2940 qnod
715 2857 758 2923 act
791 2857 989 2923 mustiorrem
1017 2859 1205 2942 praepositi,
1239 2857 1354 2924 decani
1386 2861 1417 2922 et
1448 2855 1584 2940 capitrcii
1615 2855 1765 2923 eccleciae
1798 2854 2048 2922 &meranensis

543 2961 580 3026 in
600 2959 733 3027 ecelesia
755 2965 812 3026 ant
834 2961 962 3027 εἰώθατε
975 2962 1023 3028 oct
1037 2961 1153 3027 diocesi
1169 2961 1405 3028 Pomeaarnensi
1426 2959 1594 3038 caen-vet
1616 2981 1687 3027 carn
1704 2962 1879 3027 necaverit.
1904 2960 1961 3042 ,D.
1976 2958 2048 3025 Ani·

544 3065 637 3131 nione
659 3067 732 3130 XII
748 3065 812 3131 kat.
844 3065 1035 3150 Septembris
1065 3087 1094 3131 a.
1118 3071 1226 3135 sento}
1262 3105 1302 3114 —
1334 3069 1374 3132 In
1395 3088 1421 3132 e.
1444 3087 1486 3131 na.
1509 3066 1653 3150 episcopo
1682 3064 1870 3131 itionniensi
1892 3068 1925 3130 et
1946 3062 2046 3130 citati

543 3170 730 3236 mamete-ii
751 3170 789 3235 de
811 3169 972 3254 Potpelpn,
985 3169 1031 3254 (i)
1044 3169 1069 3253 ¹)
1092 3170 1350 3239 Vratisiaviensis
1366 3170 1462 3259 (sico
1485 3171 1627 3253 dioeces
1642 3191 1682 3238 ac
1697 3169 1886 3257 praeposito
1909 3166 2045 3237 celeno

669 3290 676 3363 Ι
990 3276 1202 3342 iiirrrniercsis.
1249 3278 1367 3342 Forma
1388 3281 1425 3342 nt
1450 3277 1484 3342 in
1507 3297 1537 3343 n.
1562 3278 1613 3342 76.

587 3447 630 3502 ,Χ
656 3447 697 3502 x.
1498 3415 1661 3497 Annene,
1683 3417 1770 3482 1347
1791 3414 2004 3498 deperiet.

647 3605 797 3661 Clementia
815 3606 854 3661 VI
871 3608 905 3663 Α.
920 3605 987 3676 iili
1006 3610 1062 3675 (st)
1080 3605 1099 3661 1.
1117 3609 1188 3675 tw,
1207 3607 1241 3663 de
1260 3607 1401 3663 beneflciis
1420 3624 1482 3663 cum
1500 3607 1543 3663 vel
1562 3607 1622 3664 sine
1640 3622 1764 3679 curtqn
1783 3613 1847 3662 t:
1859 3606 1893 3662 V.
1914 3612 1963 3662 180
1980 3605 1997 3662 i.
2012 3610 2042 3660 tt

543 3708 570 3749 n.
590 3697 647 3747 1115.
665 3724 699 3733 -
719 3694 739 3759 ¹)
762 3692 961 3748 Monesterium
980 3693 1063 3749 huius
1081 3693 1198 3748 nominis
1217 3694 1244 3749 in
1263 3694 1366 3750 diocesi
1390 3697 1592 3751 somniassent
1609 3710 1664 3751 non
1682 3694 1815 3750 invenies.
1855 3694 1964 3762 Petpiie
1982 3707 2038 3746 cero

543 3781 739 3837 monesterium
759 3781 786 3837 in
806 3780 909 3837 diocesi
936 3783 1147 3837 Vimiiclactenn·
1164 3781 1192 3835 in
1211 3782 1324 3837 Pnrssic
1341 3781 1486 3839 existebat.
1525 3781 1578 3836 Cir.
1598 3797 1670 3837 num.
1690 3786 1750 3837 885.

544 4385 634 4456 897.
658 4387 848 4469 Bertranda
866 4387 1079 4471 patriarchae
1101 4386 1314 4471 Apniiepensi,
1336 4390 1520 4471 moriamur,
1550 4394 1707 4474 pnatnnss
1727 4391 1885 4474 maprstro
1907 4387 2042 4459 Iohanni

543 4490 581 4557 de
603 4492 751 4572 mean,
767 4492 884 4558 decano
906 4491 1055 4558 ecclesiae
1073 4493 1294 4570 Traiectcnsis,
1310 4479 1475 4578 capellano
1492 4515 1611 4580 papae,
1626 4496 1683 4579 pai
1705 4494 1749 4561 ad
1772 4494 1934 4577 Carcinos,
1948 4513 2042 4577 nepem

544 4597 767 4676 Romanorumn,
774 4617 838 4681 pro
859 4598 953 4662 certis
976 4596 1107 4679 nepotiis
1124 4598 1386 4681 praesentialiter
1404 4598 1594 4677 destinatur,
1609 4600 1648 4666 de
1668 4620 1778 4666 securo
1802 4600 1958 4667 condudn
1974 4618 2042 4684 pre

543 4700 649 4766 nidere
665 4706 825 4785 procuret.
848 4704 902 4785 ,D.
925 4700 1082 4767 Aninione
1104 4702 1158 4767 XI
1170 4700 1236 4767 icat.
1258 4701 1451 4787 Septenmic
1472 4726 1504 4773 a.
1525 4708 1634 4773 secato!
1649 4742 1692 4754 -
1707 4706 1747 4772 In
1765 4729 1791 4774 e.
1814 4728 1857 4774 ra.
1880 4704 2043 4773 senne:

544 4804 778 4892 archiepiscopo
810 4805 1077 4889 Satednrpcnsi,·)
1111 4804 1320 4891 meantes)
1354 4807 1497 4893 episcopo
1530 4810 1767 4893 Banberpensi,
1802 4810 1944 4893 Attente,
1977 4808 2044 4876 daci

940 4911 1103 4990 Anstriae,
1125 4910 1305 4992 Joncnnac
1328 4911 1474 4979 daciscae
1496 4915 1658 4982 Aristeiae.

1494 5054 1658 5139 Annam,
1680 5056 1767 5123 asar
1789 5056 1933 5142 nomn
1952 5062 2003 5126 22.

647 5239 796 5294 Clementis
815 5240 852 5294 vl
872 5240 903 5294 V.
924 5246 970 5295 141
992 5245 1071 5311 (secr.
1089 5256 1114 5296 a.
1132 5241 1183 5309 vl)
1208 5258 1234 5297 n.
1253 5248 1416 5299 tiit-282.
1443 5274 1477 5287 -
1504 5245 1555 5300 Ed.
1583 5245 1749 5317 meconem,
1776 5247 1919 5319 Excerpts
1942 5254 2040 5312 11111,

540 5325 633 5383 vetit.
652 5327 746 5381 Atreu
764 5344 790 5383 n.
810 5334 886 5395 2329,
906 5327 1001 5383 Heben
1020 5334 1079 5397 718,
1097 5345 1123 5384 n.
1144 5334 1201 5383 191.
1222 5360 1254 5369 -
1281 5332 1305 5398 r)
1324 5330 1552 5401 ,Selzemrgensi‘
1571 5333 1603 5388 V.
1629 5336 1653 5401 Ι’)
1672 5334 1839 5401 ,Frederico‘
1858 5337 1893 5393 V.
