5184 7050
657 849 696 914 16

654 1064 763 1124 eisdem
786 1062 929 1123 fratribus
952 1062 1093 1120 adversus
1116 1062 1269 1135 plebanum
1293 1062 1461 1136 predictum
1482 1060 1611 1121 efficacis
1635 1059 1815 1120 defensionis
1839 1059 1970 1133 presidio
1996 1060 2177 1120 assistentes

656 1187 690 1228 ae
714 1167 856 1227 facientes
880 1167 1055 1225 decretalem
1077 1167 1240 1240 predictam
1262 1166 1360 1240 quoad
1383 1167 1480 1225 omnia
1502 1167 1566 1224 eius
1590 1166 1720 1240 capitula
1741 1170 1831 1239 prout
1853 1165 1931 1224 iacet
1961 1163 2086 1223 firmiter
2121 1164 2177 1224 ob·

655 1273 777 1346 servari,
800 1289 858 1329 non
881 1269 1060 1344 permittatis
1084 1275 1187 1329 eontra
1210 1276 1340 1328 tenorem
1361 1270 1454 1342 ipsius
1470 1287 1523 1343 per
1545 1275 1722 1329 memoratos
1738 1268 1847 1328 fratres
1863 1269 2009 1327 dictorum
2031 1265 2173 1327 ordinum

655 1377 750 1436 eidem
772 1375 897 1449 plebano
920 1392 974 1433 neo
997 1375 1089 1433 eciam
1111 1391 1165 1447 per
1188 1374 1297 1433 dietum
1319 1374 1475 1447 plebanum
1498 1374 1607 1432 eisdem
1630 1371 1774 1431 fratribus
1794 1375 1963 1447 gravamina
1978 1378 2029 1431 ant
2044 1372 2175 1431 iniurias

655 1480 792 1554 irrogari,
815 1477 924 1536 facturi
946 1478 1019 1551 ipsis
1042 1477 1180 1536 hincinde
1204 1477 1239 1536 de
1262 1478 1484 1551 quibuscunque
1507 1477 1634 1552 iniuriis,
1657 1477 1926 1552 molestaoionibus,
1948 1477 2172 1552 gravaminibus

656 1591 686 1643 et
709 1583 841 1656 dampnis
875 1583 965 1640 illatis
999 1581 1141 1639 haetenus
1176 1587 1206 1639 et
1239 1581 1331 1640 eciam
1364 1581 1554 1654 imposterum
1586 1580 1747 1640 inferendis
1777 1582 1888 1640 eisdem
1911 1586 2013 1640 centra
2036 1586 2173 1640 tenorem

656 1687 880 1747 constitucionis
902 1686 1032 1745 eiusdem
1055 1687 1084 1743 in
1108 1686 1166 1743 illis
1189 1685 1336 1759 videlieet,
1359 1702 1414 1758 que
1438 1684 1603 1743 iudicialem
1627 1685 1780 1757 requirunt
1803 1686 1977 1760 indaginem,
2001 1686 2171 1760 summarie,

656 1793 827 1866 simpliciter
861 1797 889 1849 et
924 1791 959 1849 de
992 1791 1091 1864 plane,
1126 1789 1189 1847 sine
1221 1791 1347 1861 strepitu
1378 1795 1407 1847 et
1429 1787 1523 1861 figura
1545 1789 1657 1860 iudicii,
1681 1789 1710 1846 in
1734 1790 1801 1848 aliis
1824 1808 1903 1864 vero,
1927 1794 2015 1862 prout
2038 1790 2171 1861 qualitas

655 1914 755 1956 eorum
779 1895 920 1969 exegerit,
944 1894 1060 1952 iusticie
1084 1893 1334 1967 complementum,
1357 1893 1561 1950 molestatores
1585 1898 1615 1951 et
1636 1893 1828 1952 iniuriateres
1852 1893 2020 1952 huiusmodi
2055 1910 2172 1951 necnon

657 2000 892 2060 contradictores
915 1997 1062 2071 quoslibet
1085 2003 1114 2054 et
1145 1996 1280 2071 rebelles,
1304 1997 1534 2069 quandocunque
1566 2002 1595 2054 et
1629 1997 1882 2069 quocienscunque
1917 1997 2094 2071 expedierit,
2118 2013 2174 2070 per

657 2121 808 2164 censuram
826 2103 1056 2162 eeclesiasticam
1078 2101 1279 2174 appellaeione
1304 2100 1470 2173 postposita
1493 2101 1722 2172 compescend0;
1757 2119 1814 2159 non
1839 2101 2025 2160 obstantibus
2049 2101 2173 2173 quibus·

657 2226 769 2283 cunque
793 2205 1031 2280 exempeionibus
1054 2204 1231 2277 specialibus
1253 2205 1299 2262 vel
1323 2204 1508 2277 generalibus
1532 2208 1590 2261 tam
1614 2204 1756 2262 fratribus
1773 2211 1803 2262 et
1819 2205 1972 2263 ordinibus
1981 2200 2005 2279 ⁰)
2025 2205 2173 2278 predictis

656 2315 702 2372 vel
724 2312 812 2372 alicui
835 2330 888 2370 scu
911 2311 1057 2383 aliquibus
1080 2307 1205 2367 fratrum
1228 2313 1258 2366 et
1281 2308 1415 2366 ordinum
1439 2309 1598 2366 eorundem
1621 2325 1707 2381 equam
1729 2308 1845 2382 prelato
1868 2309 1992 2382 plebano
2015 2309 2069 2367 sub
2099 2325 2174 2381 qua·

659 2435 771 2490 cunque
795 2416 887 2474 forma
910 2416 956 2473 vel
979 2413 1168 2487 expressione
1192 2412 1347 2471 verborum
1370 2411 1407 2469 ab
1431 2413 1530 2470 eadem
1554 2412 1623 2470 sede
1648 2413 1794 2471 concessis
1811 2430 1845 2471 ac
1861 2412 1990 2471 eiusdem
2008 2411 2175 2486 Bonifaeii,

659 2538 716 2594 qua
740 2526 869 2593 cavetur,
892 2537 928 2577 ne
951 2519 1058 2591 aliquis
1081 2522 1166 2575 extra
1189 2533 1270 2574 suam
1293 2515 1440 2574 civitatem
1460 2517 1510 2574 vel
1522 2516 1660 2574 diocesim
1676 2516 1732 2574 nisi
1749 2517 1778 2574 in
1796 2518 1885 2574 certis
1902 2517 2033 2588 exeeptis
2050 2517 2175 2576 casibus

658 2632 688 2683 et
710 2626 739 2684 in
764 2625 822 2682 illis
846 2625 924 2682 ultra
947 2640 1032 2680 unam
1055 2622 1163 2680 dietam
1186 2638 1204 2678 a
1227 2619 1283 2678 fine
1307 2638 1359 2678 sue
1383 2621 1508 2679 diocesis
1531 2622 1568 2679 ad
1591 2621 1732 2679 iudicium
1755 2627 1904 2696 evocetur,
1920 2638 1971 2679 seu
1994 2637 2030 2678 ne
2054 2620 2176 2680 iudices

658 2736 688 2789 et
711 2734 935 2788 conservatores
957 2745 975 2785 a
997 2727 1066 2785 sede
1090 2726 1222 2799 deputati
1246 2725 1380 2797 predicta
1403 2730 1489 2783 extra
1512 2725 1660 2783 civitatem
1683 2732 1713 2782 et
1743 2726 1892 2799 diocesim,
1915 2726 1945 2782 in
1979 2725 2086 2797 quibus
2122 2724 2176 2783 de-

658 2835 753 2909 prutati
775 2832 896 2906 fuerint,
920 2837 1023 2891 contra
1046 2847 1233 2904 quoscunque
1257 2830 1417 2903 procedere
1441 2828 1503 2887 sive
1525 2829 1575 2886 alii
1598 2831 1643 2887 vel
1675 2830 1741 2888 aliis
1771 2831 1850 2889 vices
1881 2847 1950 2888 suas
1985 2830 2174 2889 committere

658 2945 710 2996 aut
731 2940 846 3010 aliquos
869 2937 947 2994 ultra
970 2954 1055 2994 unam
1079 2936 1186 2992 dietam
1209 2952 1226 2991 a
1249 2933 1306 2990 linc
1330 2933 1456 2992 diocesis
1480 2934 1639 2992 eorundem
1663 2934 1780 2991 trabere
1811 2938 1990 3007 presumant,
2014 2933 2177 2992 dummodo

660 3044 737 3101 ultra
761 3043 833 3100 duas
857 3042 951 3099 dietas
974 3040 1080 3112 aliquis
1103 3039 1282 3097 auctoritate
1305 3039 1489 3110 presencium
1512 3055 1569 3095 nen
1593 3038 1738 3111 trahatur,
1759 3055 1810 3096 seu
1833 3036 1910 3110 quod
1934 3036 1970 3095 de
1993 3037 2059 3095 aliis
2083 3054 2176 3110 quam

660 3149 695 3206 de
719 3145 882 3205 manifestis
906 3145 1021 3202 iniuriis
1045 3148 1075 3201 et
1097 3144 1240 3201 molestiis
1263 3148 1293 3199 et
1315 3143 1392 3215 aliis,
1416 3160 1471 3213 que
1495 3142 1661 3200 iudicialem
1684 3142 1847 3215 indaginem
1871 3142 2002 3213 exigunt,
2025 3141 2111 3213 penis
2143 3142 2176 3200 iu

661 3269 722 3324 ees,
746 3251 771 3308 si
796 3266 881 3307 secus
904 3249 1028 3323 egerint,
1051 3253 1081 3306 et
1103 3249 1132 3305 in
1157 3247 1186 3305 id
1209 3251 1402 3320 procurantes
1426 3247 1549 3304 adiectis
1574 3249 1795 3305 conservatores
1819 3263 1849 3304 se
1880 3245 2046 3305 nullatenus
2077 3245 2177 3304 intro·

660 3355 787 3427 mittant,
811 3370 896 3426 quam
918 3353 984 3410 aliis
1016 3353 1235 3424 quibuscunque
1267 3351 1531 3410 constitucienibus
1554 3368 1572 3408 a
1594 3350 1852 3424 predecessoribus
1885 3349 1996 3408 nostris
2029 3349 2178 3407 Romanis

660 3457 848 3533 pontificibus
873 3464 930 3514 tarn
954 3457 989 3514 de
1013 3456 1158 3513 iudicibus
1182 3454 1323 3528 delegatis
1347 3460 1376 3512 et
1400 3456 1656 3513 conservatoribus
1680 3472 1765 3529 quam
1788 3454 1921 3528 personis
1946 3453 2023 3510 ultra
2058 3459 2177 3511 eertum

665 3579 815 3620 numerum
838 3580 891 3634 per
913 3562 1028 3619 litteras
1052 3559 1229 3633 apostolicas
1252 3560 1289 3617 ad
1313 3560 1452 3617 iudicium
1475 3577 1533 3617 non
1556 3560 1694 3618 vocandis
1711 3565 1762 3617 aut
1784 3559 1851 3616 aliis
1875 3558 1972 3631 editis,
1995 3574 2050 3629 que
2075 3564 2178 3617 vestre

662 3671 782 3740 possent
806 3667 834 3722 in
859 3666 913 3722 lrae
937 3671 1020 3737 parte
1045 3664 1245 3722 iurisdiccioni
1269 3670 1321 3721 aut
1343 3663 1484 3737 potestati
1507 3664 1627 3736 eiusque
1651 3663 1745 3722 libero
1775 3662 1921 3721 exercicio
1952 3662 2179 3734 quomodolibet

660 3770 790 3842 obviare,
814 3786 865 3826 seu
889 3768 913 3826 si
937 3775 995 3825 tam
1019 3769 1127 3825 eisdem
1150 3767 1293 3824 fratribus
1328 3768 1373 3824 vel
1408 3784 1508 3825 eorum
1542 3767 1694 3825 ordinibus
1729 3773 1780 3824 aut
1814 3766 1901 3824 alicui
1938 3783 1990 3823 seu
2024 3765 2177 3838 aliquibus

660 3874 785 3932 fratrum
808 3880 837 3930 et
861 3873 995 3931 ordinum
1017 3872 1218 3944 predictorum
1241 3890 1326 3943 quam
1348 3873 1473 3944 plebane
1497 3872 1612 3943 prefate
1636 3889 1687 3931 seu
1711 3872 1862 3944 quibusvis
1885 3871 1953 3928 aliis
1979 3871 2178 3929 communiter

659 3979 705 4036 vel
728 3977 842 4034 divisim
865 3994 882 4033 a
905 3978 1039 4050 predicta
1071 3978 1109 4033 sit
1140 3976 1209 4034 sede
1243 3976 1398 4051 indultum,
1421 3978 1499 4050 qued
1522 3977 1778 4050 excommunicari,
1802 3975 1941 4047 suspendi
1965 3976 2009 4032 vel
2033 3975 2177 4034 interdici

660 4098 712 4139 seu
746 4086 830 4138 extra
863 4081 908 4139 vel
944 4082 1020 4139 ultra
1052 4085 1132 4138 certa
1162 4082 1226 4138 loca
1257 4081 1302 4138 vel
1332 4082 1390 4140 alio
1422 4099 1594 4154 quoeunque
1625 4082 1709 4140 modo
1740 4081 1777 4137 ad
1808 4080 1947 4137 iudicium
1971 4079 2090 4138 evocari
2114 4096 2177 4138 non

661 4185 776 4259 possint
810 4202 862 4256 per
895 4186 1010 4242 litteras
1045 4186 1224 4256 apostolicas
1259 4203 1316 4243 non
1351 4184 1493 4243 farcientes
1525 4186 1638 4257 plenam
1663 4189 1693 4242 et
1715 4200 1883 4256 expressam
1905 4200 1940 4240 ac
1963 4182 1999 4240 de
2022 4182 2114 4240 verbo
2139 4182 2178 4241 ad

662 4288 782 4346 verbum
820 4288 854 4345 de
893 4288 1006 4346 indulto
1044 4289 1210 4347 huiusmodi
1249 4297 1278 4348 et
1317 4307 1416 4347 eorum
1453 4290 1598 4362 personiS,
1636 4290 1718 4362 loeis,
1749 4289 1902 4346 ordinibus
1935 4304 1970 4344 ae
2005 4285 2177 4346 nominibus

662 4393 790 4465 propriis
813 4394 1001 4467 mencionem,
1026 4402 1055 4450 et
1079 4394 1258 4466 quibuslibet
1280 4395 1347 4452 aliis
1372 4394 1565 4467 indulgeneiis
1599 4400 1629 4450 et
1663 4392 1823 4466 privilegiis
1859 4393 1936 4449 dicte
1971 4390 2050 4448 sedis
2085 4408 2177 4463 gene·

664 4497 775 4555 salibus
806 4497 851 4554 vel
883 4497 1072 4571 specialibus,
1103 4516 1340 4571 quorumcunque
1372 4503 1505 4555 tenorum
1540 4499 1678 4569 existant,
1713 4514 1766 4569 per
1803 4513 1858 4567 que
1892 4495 2080 4567 presentibus
2117 4513 2177 4555 neu

663 4617 803 4672 expressa
833 4600 878 4657 vel
910 4601 1042 4658 totaliter·
1076 4620 1132 4660 non
1157 4603 1268 4660 inserta
1291 4607 1388 4658 vestre
1412 4601 1628 4660 iurisdiccionis
1652 4601 1814 4673 explicatio
1838 4601 1866 4656 in
1890 4598 1945 4656 hac
1968 4604 2053 4669 parte
2076 4600 2177 4659 valeat

662 4704 883 4777 quomodolibet
914 4705 1059 4779 impediri,
1090 4712 1119 4763 et
1150 4708 1184 4763 de
1219 4706 1324 4778 quibus
1347 4723 1527 4777 quorumque
1552 4707 1622 4762 totis
1646 4705 1797 4762 tenoribus
1821 4704 1856 4761 dc
1879 4703 1968 4759 vcrbe
1993 4702 2029 4760 ad
2054 4703 2179 4761 verbum

665 4808 820 4881 specialem
844 4813 981 4879 oporteat
1004 4808 1032 4864 in
1057 4810 1166 4866 nostris
1190 4809 1298 4866 litteris
1322 4809 1384 4867 lieri
1409 4811 1597 4867 mencionem.
1622 4810 1757 4867 Ceterum
1781 4807 1926 4865 iudicibus
1951 4824 2003 4865 seu
2019 4824 2179 4865 conserva·

666 4911 781 4969 toribus
816 4912 1036 4984 quibuscunque
1070 4929 1123 4983 per
1146 4914 1261 4969 litteras
1284 4913 1463 4984 apostolicas
1487 4914 1540 4971 sub
1565 4930 1734 4985 quacunque
1758 4913 1816 4970 alia
1839 4929 1924 4984 queam
1955 4910 2086 4984 presenti
2111 4928 2180 4970 ver·

664 5015 767 5073 berum
790 5015 884 5072 forma
907 5016 951 5072 vel
976 5017 1165 5088 expressione
1190 5015 1339 5074 corrfeetas
1363 5018 1507 5075 dictorum
1531 5017 1763 5089 l'redicatoruru,
1782 5016 1940 5089 Minorum,
1957 5014 2181 5072 Heremitarum

663 5124 693 5176 ct
716 5119 938 5176 Garamantum
974 5120 1108 5177 ordinum
1142 5119 1284 5178 fratribus
1320 5137 1371 5177 seu
1395 5122 1467 5192 ipsis
1491 5115 1643 5177 ordinibus
1667 5120 1857 5192 eqnnnmniter
1880 5119 1925 5176 vel
1949 5117 2063 5175 divisim
2087 5134 2182 5190 super

664 5223 796 5296 dampnis
820 5229 849 5278 et
873 5221 989 5278 iniuriis
1013 5230 1042 5280 et
1064 5223 1130 5280 aliis
1154 5224 1375 5296 quibuscunque
1400 5223 1487 5281 rebus
1511 5241 1561 5280 seu
1594 5223 1723 5296 negociis
1755 5223 1828 5280 talias
1861 5222 2008 5295 deputatis
2043 5225 2073 5278 et
2109 5222 2181 5280 sub-

663 5326 816 5399 delegntis,
832 5327 1018 5399 presentibus
1035 5334 1065 5383 et
1080 5325 1198 5401 futuris,
1219 5329 1397 5385 auctoritate
1420 5330 1604 5401 presencium
1625 5328 1792 5385 districeins
1808 5326 1982 5398 inhibemus,
1998 5342 2034 5382 ne
2050 5324 2183 5397 aliquem

662 5447 714 5487 seu
737 5430 850 5501 aliquos
874 5431 1051 5487 auctoritato
1075 5431 1239 5488 litterarum
1263 5432 1392 5504 ipsarum
1415 5437 1553 5503 pretextu
1577 5449 1628 5488 seu
1652 5433 1805 5489 occasione
1822 5446 2061 5501 quorumeunque
2077 5428 2181 5503 damp-

662 5551 765 5592 norum
788 5534 832 5590 vel
856 5533 1029 5590 iniuriarum
1053 5535 1113 5590 sire
1137 5537 1334 5607 gravaminum
1359 5544 1461 5594 coldra
1485 5542 1614 5592 terrorem
1647 5534 1778 5607 predicte
1811 5534 2034 5591 roirstitncienis
2062 5532 2184 5607 „Super

663 5637 852 5695 satlieuamr
881 5637 953 5708 ipsis
988 5636 1130 5694 fratribus
1166 5657 1216 5695 seu
1252 5658 1351 5697 eorum
1386 5640 1538 5698 ordinibus
1573 5640 1729 5697 arrtodictis
1765 5639 1954 5696 eennnuniter
1984 5638 2029 5694 vel
2061 5635 2184 5696 divisim

622 5795 624 5798 .
662 5741 922 5813 aquibuscunque
945 5743 1079 5814 personis
1103 5743 1250 5800 illatorum
1274 5745 1415 5803 hactenus
1439 5751 1469 5802 et
1492 5744 1583 5801 eciam
1607 5737 1826 5800 inferendarum
1857 5740 2045 5813 imposterum
2077 5757 2185 5800 coram
