5184 7050
1864 876 1927 943 501

418 1081 539 1147 diocesi
563 1081 698 1158 obtinet,
723 1084 780 1145 aut
804 1081 888 1162 quod
912 1081 973 1146 sibi
990 1079 1029 1145 de
1045 1081 1233 1148 canonicatu
1250 1082 1309 1148 sub
1326 1083 1550 1164 expectacione
1572 1083 1783 1166 prebendato
1799 1083 1934 1149 eeclesia

422 1185 690 1268 Magdeburgensi
714 1186 908 1250 auctoritate
932 1186 1108 1251 litterarum
1133 1191 1311 1251 vestrarum
1335 1186 1416 1252 alias
1438 1191 1489 1251 est
1511 1187 1681 1269 provisum,
1714 1206 1785 1252 curu
1808 1190 1935 1254 canoni·

421 1294 528 1354 iratum
552 1295 585 1354 et
607 1289 800 1371 prebendam
825 1289 948 1371 prefate
979 1290 1206 1355 Gracouiensis
1237 1290 1373 1355 ecclesie
1402 1292 1446 1355 sit
1475 1297 1606 1374 paratus
1630 1292 1800 1371 dimittere,
1825 1310 1934 1374 quamq

421 1393 558 1474 primum
581 1393 689 1472 vigore
712 1391 892 1456 huiusmodi
921 1393 1028 1475 gracia
1059 1393 1264 1459 canonicatus
1293 1399 1327 1458 et
1357 1395 1518 1476 prebende
1548 1395 1632 1461 dicte
1660 1395 1934 1463 Wrstislauiensis

421 1496 559 1560 ecclesie
582 1496 681 1561 fuerit
703 1496 937 1576 possessionem
961 1494 1124 1577 pacificam
1147 1503 1325 1576 assecutus,
1356 1516 1426 1563 cum
1457 1499 1602 1564 omnibus
1625 1499 1697 1564 aliis
1719 1518 1782 1564 non
1805 1501 1935 1566 obstan·

422 1601 511 1663 tibus
534 1606 567 1665 et
590 1599 741 1665 clausulis
765 1601 931 1681 oportunis
954 1619 990 1664 ac
1014 1602 1246 1666 executoribus

528 1704 601 1768 Fiat
622 1704 660 1768 R.
684 1705 727 1769 Et
750 1724 779 1786 q.
804 1708 826 1769 t.
850 1722 875 1768 s.
899 1723 927 1768 a.
952 1704 972 1768 Ι.
996 1705 1070 1768 Fiat
1093 1705 1128 1769 R.
1153 1706 1192 1770 D.
1216 1705 1373 1771 Aninionc
1396 1706 1429 1771 Il
1453 1706 1495 1773 io.
1519 1706 1631 1771 Marcii
1654 1724 1683 1771 a.
1707 1707 1828 1788 quinto.

530 1920 679 1973 Clementis
698 1918 734 1973 Vl
753 1918 779 1971 S.
798 1918 847 1987 Vll
867 1923 922 1983 (10)
941 1917 959 1972 t.
980 1924 1037 1973 lto.
1056 1948 1088 1955 —
1117 1925 1140 1982 ⁸)
1159 1917 1238 1973 deest
1256 1918 1284 1972 in
1303 1918 1338 1986 S,
1358 1919 1449 1988 suppl.
1468 1919 1502 1973 ab
1523 1919 1637 1975 editore.

419 2529 518 2596 856.
540 2528 684 2595 Jolranni
706 2527 744 2591 cle
759 2526 941 2609 Aynoniafll
959 2527 1145 2609 providetur
1163 2528 1207 2591 acl
1221 2527 1483 2615 supplicationem
1498 2530 1674 2611 Ademarii,
1691 2531 1778 2596 tituli
1799 2537 1930 2598 sanctae

418 2633 622 2697 Anastasius
650 2631 829 2715 presbytcri
851 2631 1037 2710 cardinalis,
1061 2632 1100 2695 ue
1122 2633 1312 2697 canonicatu
1340 2637 1370 2697 et
1395 2634 1580 2717 praebenda
1609 2636 1644 2699 in
1665 2636 1797 2701 ecclesia
1828 2639 1929 2702 Vrati·

416 2736 574 2800 claviensi
587 2737 783 2812 vacuom,
800 2757 861 2801 non
876 2736 1018 2800 obstante
1040 2741 1075 2799 ut
1096 2736 1132 2802 in
1153 2759 1183 2802 n.
1206 2740 1280 2813 855,
1300 2739 1346 2802 ita
1368 2740 1770 2817 conculcamentum
1793 2745 1823 2805 et
1832 2763 1931 2824 prac-

416 2842 556 2907 bendum
579 2841 727 2907 ccdesiae
744 2840 959 2906 Crotoniensis
974 2840 1126 2921 dimittat,
1138 2845 1310 2925 postquam
1332 2843 1437 2924 cipere
1453 2844 1633 2926 praeeunte
1653 2844 1781 2926 petiae
1803 2846 1932 2910 cunoni·

417 2949 530 3010 catum
553 2949 583 3009 ct
600 2945 817 3028 praebendam
839 2945 873 3010 in
903 2945 1145 3010 l'ratislaoiensi
1167 2945 1297 3012 ecclesia
1322 2950 1483 3011 uacuum
1498 2947 1615 3027 suerit.
1639 2950 1691 3026 ,D.
1714 2947 1872 3014 Aninione
1894 2951 1937 3014 ΙΙ

415 3049 464 3113 iri.
491 3048 613 3114 liarcii
636 3070 666 3112 a.
690 3048 819 3128 quinto}
850 3085 893 3095 -
924 3051 962 3112 In
985 3071 1011 3113 c.
1033 3069 1074 3113 m.
1106 3048 1305 3130 Flisinpensi
1328 3054 1357 3113 et
1379 3049 1556 3116 Lulucensi
1584 3052 1738 3136 episcopis
1761 3074 1799 3118 ac
1822 3052 1931 3117 allati

555 3152 741 3217 monasterii
761 3153 868 3217 sancti
898 3152 1051 3217 Vincentii
1068 3173 1169 3235 prope
1198 3153 1434 3221 Vratisluoiarn.
1461 3156 1575 3221 Forma
1597 3160 1633 3220 ut
1655 3156 1690 3221 in
1712 3179 1742 3222 n.
1765 3159 1797 3222 4.

1395 3353 1558 3437 colunne,
1582 3357 1668 3422 1347
1691 3357 1809 3421 Manu
1829 3359 1883 3422 14.

416 3658 486 3726 seg.
506 3656 535 3709 in
554 3656 650 3710 ZVGA
670 3654 827 3710 Schlesiens
846 3655 930 3722 XXV,
948 3661 1006 3710 296.
1027 3686 1060 3695 -
1087 3657 1110 3723 ΙΙ)
1129 3656 1292 3726 ,Haynonia‘
1310 3661 1343 3711 Α.

416 4278 513 4344 857.
542 4276 707 4341 Joliunnas
738 4276 923 4339 Deucalionis
957 4274 995 4339 (ie
1025 4274 1160 4339 Rutilor
1192 4273 1362 4357 supplicat,
1397 4277 1552 4355 quatenus
1581 4272 1642 4337 sili
1672 4273 1875 4338 canonicatus
1896 4275 1927 4336 et

488 4380 671 4464 praebenda
694 4384 900 4454 reserventur,
924 4380 977 4459 qui
1001 4380 1035 4444 in
1057 4378 1186 4442 ecclesia
1212 4378 1412 4444 Cracuciensi
1434 4377 1519 4442 brevi
1540 4398 1655 4443 uacare
1676 4382 1856 4462 sperantur.

1396 4550 1558 4631 Aricinae,
1581 4552 1668 4616 1347
1692 4552 1807 4616 Martii
1827 4554 1880 4616 14.

520 4730 616 4793 Pater
638 4728 853 4793 sanctissime!
886 4728 967 4793 Curn
995 4747 1099 4810 nuper·
1129 4729 1160 4793 S.
1184 4729 1221 4792 V.
1254 4728 1293 4792 de
1325 4725 1511 4791 canonicatu
1542 4730 1575 4789 et
1605 4725 1767 4805 prebenda
1789 4725 1926 4790 ecclesie

415 4833 704 4911 WratislauiensiS,
719 4838 795 4897 tunc
817 4831 902 4913 apud
925 4832 1033 4897 sedern
1054 4832 1260 4914 apostolicam
1281 4830 1467 4894 vacantibus
1484 4848 1541 4911 per
1554 4829 1796 4911 promocionem,
1809 4829 1925 4894 lacurn

412 4959 476 5023 per
498 4939 530 5004 S.
554 4937 591 5003 V.
617 4936 655 5000 le
679 4937 803 5002 domino
827 4937 965 5014 Andros,
990 4936 1064 5000 olim
1087 4937 1190 5017 ipsius
1213 4934 1349 5000 ecclesie
1373 4935 1534 5012 canonico,
1562 4933 1603 4998 ad
1625 4934 1843 5015 episcopatum
1865 4933 1923 4998 Po·

412 5044 630 5119 scaniensem,
655 5047 688 5106 et
710 5060 824 5107 munus
848 5041 1108 5117 consecracionis,
1141 5040 1224 5122 opud
1256 5038 1389 5104 eandem
1421 5038 1530 5103 sellem
1561 5043 1744 5118 susceptum
1775 5037 1814 5101 ab
1844 5038 1924 5119 ipso,

413 5148 545 5212 domino
568 5144 713 5224 iohanni,
731 5146 917 5210 carrcellario
937 5145 1078 5209 eiusdem
1095 5144 1229 5209 ecclesie
1245 5141 1529 5220 Wratislauicnsis,
1546 5141 1672 5206 (luxerit
1686 5141 1924 5223 providendum,

417 5257 453 5316 et
477 5255 649 5331 propterea
672 5251 874 5315 canonicatus
905 5254 938 5315 et
966 5250 1127 5332 prebenda
1151 5248 1286 5315 ecclesie
1318 5248 1548 5325 Cracouiensis,
1573 5265 1651 5329 quos
1675 5246 1758 5310 idem
1781 5244 1925 5309 dominus

410 5354 581 5422 lohannes
610 5354 642 5417 in
672 5354 781 5420 eaden]
812 5355 948 5420 ecclesia
979 5355 1111 5433 obtinet,
1139 5359 1234 5437 prout
1265 5372 1300 5418 se
1330 5352 1446 5417 obtulit
1476 5351 1688 5428 dimissurum,
1715 5368 1830 5414 vacare
1852 5366 1925 5433 spe·

410 5464 528 5525 rentur
550 5459 582 5522 in
605 5458 712 5524 brevi:
736 5460 895 5541 supplicat
917 5460 947 5525 S.
972 5459 1009 5524 V.
1026 5458 1190 5524 lohannes
1214 5457 1407 5522 Daetalronis
1431 5457 1470 5520 ile
1489 5456 1638 5537 Ratybor,
1657 5455 1791 5521 clericus
1807 5454 1924 5519 Wrati·

411 5563 587 5631 sianiensis
610 5562 756 5641 (lienosis,
779 5566 922 5629 notarius
953 5570 986 5629 et
1016 5562 1181 5628 ianriliaris
1211 5562 1329 5625 dornini
1361 5560 1492 5625 Arnalcli
1523 5561 1563 5625 lle
1595 5559 1739 5637 Cantica,
1764 5559 1795 5623 in
1818 5560 1924 5643 reguis

410 5667 555 5750 Vngarie
578 5673 611 5731 et
633 5667 763 5731 Polonie
787 5669 817 5735 S.
842 5671 878 5735 V.
904 5675 937 5734 et
959 5669 1046 5732 sedis
1069 5665 1244 5748 apostolice
1267 5665 1384 5743 nuncii,
1401 5670 1566 5746 quatenus·
1581 5665 1642 5731 sibi
1666 5661 1836 5745 specialem
1852 5681 1924 5749 gra·

412 5774 496 5839 ciam
520 5772 684 5849 iacientes,
709 5775 926 5839 canonicatum
958 5780 990 5838 et
1020 5772 1213 5856 prebendam
1241 5770 1383 5852 prefatos
1406 5770 1507 5850 ipsius
1530 5768 1665 5835 ecclesie
1690 5768 1923 5846 Cracouiensis,
