5184 7050
658 850 723 917 330

654 1061 738 1122 mata
772 1056 905 1121 eundem
940 1058 1125 1140 magistrum
1158 1058 1335 1123 lohannem
1369 1059 1519 1124 mandare
1550 1080 1586 1125 ac
1620 1060 1725 1126 facere
1755 1062 1788 1126 in
1819 1064 2053 1145 possessionem
2089 1064 2166 1129 dicti

655 1161 827 1224 decanatus
850 1160 955 1224 induci
979 1180 1079 1243 eoque
1100 1161 1232 1245 pacifice
1255 1164 1404 1245 gaudere,
1428 1166 1588 1230 concessis
1611 1166 1672 1230 sibi
1695 1183 1791 1247 super
1813 1166 1863 1231 lris
1886 1168 2005 1232 litteris
2038 1176 2166 1250 aposto-

655 1263 725 1328 licis
749 1283 819 1328 cnm
842 1264 994 1329 clausulis
1017 1266 1181 1348 oportunis
1204 1272 1236 1331 et
1260 1269 1492 1332 executoribus.

760 1368 839 1448 Fiat,
864 1373 896 1433 et
919 1369 1020 1434 eciam
1043 1370 1244 1451 providemus
1267 1371 1338 1450 sibi,
1363 1372 1389 1435 si
1413 1371 1511 1436 fuerit
1533 1391 1591 1453 per
1613 1392 1671 1437 nos
1693 1377 1749 1438 aut
1772 1372 2016 1454 predecessores
2039 1379 2169 1440 nostros

656 1480 838 1538 reservatus
861 1474 896 1537 R.
932 1474 975 1538 Et
997 1493 1026 1555 q.
1050 1480 1072 1538 t.
1097 1493 1121 1538 s.
1146 1493 1174 1540 a.
1199 1475 1218 1538 l.
1253 1475 1326 1539 Fiat
1348 1476 1385 1541 R.
1420 1477 1458 1540 ll.
1483 1476 1640 1541 Auinione
1672 1496 1742 1541 non.
1774 1476 1962 1541 Novembris
1985 1496 2013 1541 a.
2041 1484 2166 1559 quarto.

762 1688 910 1743 Clementis
928 1688 965 1743 Vl
985 1688 1011 1743 S.
1032 1689 1094 1758 lVsl
1117 1693 1155 1755 (8)
1173 1689 1192 1743 i.
1211 1690 1263 1744 91'.
1282 1721 1315 1729 -
1342 1694 1365 1756 ⁸)
1383 1705 1451 1743 corr.
1471 1704 1506 1744 ex
1525 1689 1741 1759 ‚ecclesiamque
1760 1690 1785 1743 S.

657 2322 750 2389 647.
775 2321 892 2386 Electio
914 2322 1075 2389 Jobannis
1097 2323 1176 2387 dicti
1199 2325 1351 2389 Paduoni
1380 2326 1415 2389 in
1437 2324 1591 2389 &eanum
1621 2324 1769 2389 ecclcsiae
1807 2325 2069 2407 Vysseprodmsis
2096 2343 2170 2392 con·

1328 2428 1493 2510 firmatur.

1586 2582 1749 2667 lunone,
1772 2586 1859 2650 1345
1882 2585 2067 2652 Nocere
2091 2588 2122 2652 5.

763 2828 801 2891 o.
825 2826 846 2891 l.
870 2826 1007 2892 Johanni
1031 2826 1116 2892 dioto
1139 2826 1302 2907 Pudnauo,
1327 2828 1446 2892 decano
1467 2828 1600 2893 ecclesie
1615 2827 1886 2911 wissegradensis
1910 2848 2009 2912 prope
2024 2830 2170 2913 Pragam,

659 2931 698 2997 ad
722 2932 894 2995 Romanam
917 2930 1083 2994 ecclesiam
1106 2931 1192 2995 nullo
1216 2932 1319 2995 medio
1343 2933 1542 3014 pertinentis,
1567 2932 1765 2997 decretorum
1789 2933 1920 3013 doctori,
1944 2952 1968 2999 s.
1993 2938 2054 2998 etc.
2078 2933 2172 2999 Inter

660 3036 879 3101 solicitudines
909 3036 1022 3113 varias,
1057 3037 1172 3117 quibus
1202 3036 1331 3102 assidue
1360 3037 1542 3118 premimur,
1566 3037 1621 3101 illa
1652 3038 1817 3119 potissime
1847 3037 1954 3121 pulsat
1984 3045 2018 3104 et
2048 3040 2171 3104 excitat

661 3145 797 3204 mentem
820 3145 969 3217 nostram,
993 3144 1029 3203 ut
1044 3144 1146 3204 status
1162 3139 1370 3205 ecclesiarum
1385 3141 1524 3205 omnium
1539 3139 1662 3206 illarum
1681 3142 1831 3222 parcium,
1855 3161 1917 3224 que
1937 3143 1978 3207 ad
1993 3143 2170 3208 Romanam

665 3245 830 3309 ecclesiam
854 3244 1035 3309 immediate
1054 3244 1214 3326 pertinere
1231 3250 1413 3323 noscuntur,
1430 3263 1505 3309 cure
1524 3249 1632 3309 nostre
1658 3244 1765 3310 divina
1791 3246 1995 3326 providencia
2017 3248 2165 3311 commis-

662 3368 776 3428 sarum,
800 3347 1010 3430 spiritualiter
1032 3353 1065 3412 ot
1086 3348 1304 3430 temporaliter
1333 3353 1497 3430 augeatur,
1532 3348 1679 3430 quodque
1711 3349 1783 3427 illis,
1819 3368 1888 3414 cum
1919 3351 2056 3433 expedit,
2085 3352 2172 3416 tales

661 3455 822 3518 ministros
845 3452 998 3536 preficere
1021 3452 1214 3533 studeamus,
1238 3472 1296 3536 per
1318 3472 1449 3536 quornm
1473 3453 1613 3537 regimen
1637 3454 1760 3518 utiliter
1789 3458 1821 3517 et
1844 3454 2016 3520 salubriter
2040 3456 2173 3521 valeant

661 3560 843 3641 gubernari.
889 3559 999 3639 Nuper
1022 3559 1178 3641 siquidem
1202 3559 1358 3623 decanatu
1381 3558 1516 3624 ecclesie
1539 3558 1809 3640 wissegradensis
1837 3577 1936 3641 prope
1959 3561 2102 3641 Pragam,
2126 3561 2169 3624 ad

662 3665 794 3728 eandem
817 3664 988 3728 Rouramm
1011 3663 1180 3728 ecelesiam
1203 3663 1288 3727 nullo
1311 3664 1415 3726 medio
1438 3663 1635 3744 pertinentia,
1670 3683 1729 3745 per
1750 3664 1870 3730 obitum
1897 3664 2053 3745 qnondam
2077 3666 2168 3730 Petri

663 3771 738 3835 dicti
762 3768 898 3851 lryeselr,
922 3770 1023 3851 ipsius
1046 3769 1181 3835 ecclesie
1204 3769 1326 3846 decani,
1362 3767 1416 3849 qui
1446 3772 1537 3831 extra
1560 3767 1733 3831 Romanam
1760 3769 1880 3832 curiam
1904 3769 1987 3832 diem
2011 3769 2174 3834 clauserat

663 3881 847 3953 extremum,
870 3881 1014 3952 vacante,
1038 3894 1074 3938 ac
1098 3875 1198 3954 ipsius
1220 3874 1308 3939 Petri
1332 3890 1472 3954 corpore,
1496 3877 1590 3952 prout
1612 3873 1707 3936 moris
1728 3877 1786 3950 eat,
1811 3872 2027 3938 ecclesiastice
2049 3873 2173 3937 tradito

664 3979 837 4061 sepulture,
862 3977 912 4041 dd.
936 3977 966 4043 ff.
992 4029 998 4042 .
1024 4028 1031 4041 .
1056 3984 1163 4043 custos
1187 3984 1219 4041 et
1242 3977 1414 4058 capitulum
1447 3977 1531 4040 dicte
1558 3976 1703 4054 ecclesie,
1736 3982 1830 4058 prout
1852 3977 1892 4040 ad
1916 3994 1971 4041 eos
1994 3979 2173 4058 spectabat,

663 4085 759 4148 certis
784 4084 836 4147 die
860 4102 898 4146 ac
920 4083 999 4162 loco,
1023 4082 1064 4147 ud
1087 4083 1277 4146 eleccionem
1308 4082 1407 4146 futuri
1431 4081 1544 4145 decani
1568 4082 1789 4145 celebrandam
1813 4083 1963 4147 canonice
1987 4083 2176 4163 assignatis,

665 4189 888 4252 corrvenientcs
905 4188 935 4251 in
952 4207 1057 4265 uirum,
1075 4188 1277 4268 presentibus
1293 4186 1447 4264 omnibus,
1471 4187 1525 4266 qui
1542 4186 1728 4264 debuerunt,
1752 4187 1921 4251 voluerunt
1943 4192 1976 4251 et
1998 4192 2176 4268 potueruut

665 4293 826 4358 corrunodc
851 4293 1015 4370 interesse,
1039 4297 1176 4355 tractatu
1200 4292 1366 4372 prehabito
1390 4289 1429 4353 de
1452 4296 1485 4354 et
1507 4308 1603 4371 super
1626 4290 1786 4354 eleccione
1809 4290 1987 4355 lruinsmodi
2012 4291 2174 4373 diligenti,

663 4393 986 4477 taudem'assurnpta
1019 4396 1218 4460 concorditer·
1241 4397 1330 4458 iuxta
1364 4399 1396 4459 et
1427 4395 1599 4459 secundum
1633 4394 1763 4459 formam
1798 4397 2062 4460 constitucionum
2093 4395 2115 4461 l.
2144 4417 2172 4461 r.

665 4502 845 4566 Innoconcii
878 4502 927 4565 Ill
958 4506 991 4564 et
1021 4521 1050 4582 p.
1075 4520 1114 4563 m.
1146 4500 1301 4564 llonifacii
1332 4499 1420 4578 Vlll,
1456 4499 1715 4580 predecessorum
1747 4507 1935 4578 nostrorum,
1959 4500 2175 4565 Romanorum

665 4605 856 4687 pontificum,
881 4606 1015 4670 servatis
1039 4605 1202 4668 servandis
1225 4610 1267 4681 te,
1292 4605 1392 4684 ipsius
1417 4603 1610 4681 canonicum,
1645 4604 1745 4666 virum
1770 4604 1924 4684 siquidem
1948 4604 2114 4686 providum
2138 4611 2175 4670 et

666 4710 846 4787 discretum,
870 4711 1046 4774 litterarum
1070 4710 1216 4787 sciencia,
1240 4709 1307 4772 vita
1329 4728 1365 4771 ac
1387 4709 1526 4772 moribus
1547 4708 1825 4771 commendandum
1849 4728 1887 4772 ac
1909 4709 1940 4773 in
1964 4711 2064 4774 sacris
2087 4710 2174 4774 ordi-

664 4816 758 4878 nibus
781 4820 814 4878 et
836 4820 921 4878 etate
945 4814 1086 4896 legitima
1110 4814 1316 4878 coustitutum
1340 4813 1435 4876 etde
1459 4812 1598 4893 legitimo
1628 4813 1828 4876 matrimonio
1854 4818 2056 4894 procreatum
2078 4834 2116 4879 ac
2139 4815 2174 4879 in

667 4918 886 5000 spiritualibus
909 4923 942 4982 ot
964 4918 1191 5000 temporalibus
1214 4919 1486 5001 circumspectum,
1511 4917 1571 4980 rite
1595 4921 1628 4980 et
1654 4916 1859 4999 solempniter
1880 4917 2046 5000 elegerunt
2068 4921 2099 4982 in
2117 4919 2175 4983 de-

666 5042 777 5086 canum
808 5022 942 5086 ecclesie
972 5030 1145 5087 memorate
1178 5024 1342 5104 ipsamque
1373 5022 1563 5085 eleccionem
1586 5020 1787 5102 publicarunt
1819 5022 1920 5085 eciam
1951 5023 1982 5086 in
2005 5025 2174 5104 communi,

667 5135 774 5209 tuque,
798 5127 957 5191 eleccione
979 5127 1159 5191 huiusmodi
1175 5128 1233 5191 tibi
1249 5146 1307 5210 pro
1322 5134 1415 5208 parte
1431 5127 1587 5190 dictorum
1602 5131 1634 5189 te
1650 5127 1838 5209 eligcncium
1854 5131 2038 5208 presentata
2053 5133 2176 5209 tuoque

667 5249 820 5294 consensu
845 5232 955 5296 abeis
979 5250 1048 5295 cum
1080 5232 1235 5295 instancia
1265 5233 1429 5312 requisito,
1460 5237 1533 5313 post
1563 5230 1828 5295 deliberacionem
1859 5249 2038 5314 congruam,
2060 5230 2176 5297 nolens

667 5336 772 5399 divine
795 5336 944 5400 resistcre
967 5335 1133 5414 voluntati,
1157 5335 1309 5400 eleccioni
1332 5335 1474 5416 predicte
1497 5352 1662 5399 assensum
1693 5336 1848 5416 prebuisti
1877 5335 2040 5401 humiliter
2062 5340 2096 5399 et
2118 5336 2177 5401 de·

665 5446 747 5517 vote,
773 5459 810 5504 ac
833 5439 958 5504 demum
980 5459 1038 5522 pro
1061 5444 1152 5521 parte
1174 5446 1230 5503 tua
1248 5440 1428 5504 huiusmodi
1444 5441 1574 5523 negocio
1592 5440 1760 5504 eleccionis
1783 5458 1889 5504 coram
1909 5440 2001 5504 nobis
2016 5441 2176 5521 exposito,

666 5543 726 5608 fuit
748 5544 838 5608 nobis
861 5546 961 5609 eciam
983 5544 1147 5609 humiliter
1169 5544 1393 5625 supplicatum,
1425 5549 1460 5608 ut
1483 5545 1674 5609 eleccionem
1697 5544 1831 5608 eandem
1855 5543 2040 5608 confirmare
2063 5550 2178 5609 ancto-

665 5650 761 5713 ritate
783 5648 958 5730 apostolica
979 5649 1192 5730 dignaremur.
1228 5648 1293 5712 Nos
1317 5649 1414 5731 igitur
1443 5649 1681 5714 considerantes
1705 5668 1775 5714 cum
1798 5649 1955 5714 dictorum
1977 5648 2119 5714 custodis
2143 5657 2180 5714 et

666 5754 797 5838 capituli
822 5755 853 5820 in
876 5761 909 5820 te
931 5756 1053 5819 directa
1072 5759 1145 5819 vota
1160 5772 1253 5836 quam
1269 5754 1370 5818 eciam
1386 5752 1546 5836 fidedigna
1562 5754 1753 5833 testimonia,
1776 5772 1839 5837 que
1862 5754 1921 5819 tibi
1944 5753 1985 5818 de
2007 5755 2180 5836 premissis
