5184 7050
686 894 749 959 722

681 1101 890 1166 communiter
921 1100 972 1165 vel
1007 1100 1132 1165 divisim
1166 1100 1206 1165 ad
1244 1100 1448 1165 collacionem
1483 1104 1543 1165 otc.
1578 1099 1741 1182 prepositi,
1774 1099 1926 1180 priorisse
1954 1102 1990 1163 et
2029 1104 2196 1163 conventus

681 1204 965 1270 sanctimonialium
988 1204 1173 1269 monasterii
1196 1205 1316 1268 Domus
1340 1204 1411 1282 Dei,
1435 1203 1555 1270 ordinis
1579 1202 1893 1281 PremonstratensIs,
1919 1200 2195 1267 Wratislauiensis

683 1308 828 1386 diocesis,
863 1311 996 1371 vacante
1028 1306 1081 1371 rel
1114 1311 1275 1386 vacaturo,
1312 1307 1484 1390 dignemini
1518 1306 1694 1390 providere,
1730 1324 1801 1370 cum
1834 1324 1897 1371 nou
1928 1306 2140 1372 obstantibus
2170 1316 2197 1369 et

684 1412 836 1478 clausulis
859 1416 1024 1492 utsupra.

787 1533 858 1599 Fiat
880 1537 940 1598 etc.
964 1531 1001 1597 R.
1033 1531 1108 1598 Sine
1130 1531 1193 1598 alia
1215 1531 1366 1597 leccione.
1397 1531 1472 1597 Fiat
1493 1531 1531 1598 R.
1563 1533 1601 1598 D.
1625 1532 1783 1598 Aninioue
1806 1531 1884 1598 VIII
1908 1531 1975 1598 kal.
1999 1530 2194 1614 Septembris

682 1656 710 1702 a
735 1638 866 1704 decimo.

786 1772 936 1829 Clementis
955 1772 993 1827 v1
1011 1772 1037 1828 S.
1055 1772 1108 1843 xp
1129 1774 1185 1843 (21)
1204 1771 1223 1826 f.
1244 1777 1302 1827 128.

681 2121 802 2191 1388.
826 2121 985 2186 Reimboto
1008 2120 1046 2185 de
1068 2122 1306 2201 huwenstein,
1330 2121 1442 2187 clerico
1473 2122 1731 2188 Vratisiaoieasis
1754 2123 1895 2201 diocesis,
1910 2126 2101 2187 reservatur
2115 2122 2193 2187 leu-

674 2226 790 2309 ficium
813 2247 882 2291 cuna
904 2224 952 2289 oet
974 2226 1043 2290 sine
1064 2245 1151 2299 cura,
1175 2230 1355 2291 commum
1377 2225 1417 2289 ab
1440 2225 1516 2291 olim
1531 2225 1654 2292 clericis
1672 2226 1890 2291 saecularibus
1913 2228 2097 2308 assipnari,
2112 2226 2193 2293 cuias

675 2333 807 2410 sructas
829 2332 871 2394 25
894 2350 975 2412 resp.
1000 2332 1043 2395 18
1065 2350 1248 2395 marcarum
1272 2330 1398 2411 arpenti
1419 2350 1445 2395 s.
1469 2334 1491 2393 t.
1515 2329 1546 2394 d.
1569 2330 1708 2395 odorem
1731 2350 1872 2394 annuam
1896 2350 1959 2395 nou
1980 2331 2149 2409 moedau,
2168 2332 2194 2395 si

683 2434 764 2517 quod
794 2434 837 2499 aa
867 2433 1064 2499 collationem
1088 2435 1267 2516 praepositi
1296 2439 1325 2498 et
1354 2434 1534 2517 priorissae
1563 2438 1593 2498 et
1614 2437 1779 2499 canemus
1801 2434 1991 2499 nwaasterii
2014 2434 2192 2498 morandum

683 2538 805 2603 Domus
836 2538 907 2617 Dei,
933 2559 994 2621 per
1017 2536 1239 2622 praepositam
1268 2542 1299 2603 et
1323 2538 1517 2621 priorissam
1546 2537 1634 2602 soliti
1660 2537 1842 2618 padusam,
1866 2538 2194 2603 Praemonctrateasis

684 2641 817 2719 ord-iuis,
850 2640 1107 2706 Vratislaca'ensis
1131 2640 1272 2719 diocesis,
1295 2645 1398 2720 vacat,
1421 2640 1469 2705 oei
1492 2661 1562 2705 cum
1584 2641 1752 2706 uacaeerit.
1777 2641 1830 2719 ,D.
1854 2640 2016 2705 Aairrioae
2037 2642 2119 2707 VIII
2135 2640 2192 2705 uu.

684 2744 876 2829 Septenrbris
899 2764 929 2810 a.
953 2745 1093 2809 decimo!
1116 2782 1157 2791 -
1182 2746 1221 2809 Io
1243 2767 1267 2808 e.
1283 2765 1325 2809 ru.
1342 2745 1484 2827 episeopo
1504 2744 1681 2809 Labacerisi
1696 2748 1726 2807 et
1750 2744 1977 2810 archidiacono
2004 2746 2190 2829 Opolicasis

693 2846 953 2914 Vrutislauierrsis
976 2848 1117 2928 diocesis,
1142 2869 1180 2913 ae
1201 2848 1357 2913 sacristae
1373 2848 1594 2914 Asinioucusis
1616 2847 1828 2914 recasuram.
1851 2852 1972 2915 Forum
1994 2852 2035 2912 ut
2057 2851 2093 2914 ia
2113 2872 2143 2916 rr.
2164 2854 2191 2913 2.

1641 3020 1803 3102 Auiaioae,
1829 3024 1909 3087 1351
1937 3020 2084 3105 stuprasti
2103 3026 2154 3088 25.

753 2951 823 3093 ι.-“.

730 3105 839 3162 arx.

788 3192 937 3248 Clementis
954 3192 993 3246 Vl
1011 3195 1044 3247 Α.
1062 3193 1115 3262 ΧΓ.)
1136 3194 1209 3262 (117)
1228 3192 1247 3247 l.
1265 3198 1317 3247 366
1335 3209 1362 3247 ιι.
1380 3198 1422 3261 53,
1450 3192 1485 3247 de
1513 3193 1653 3250 beneficiis
1680 3192 1815 3249 vacaturis
1843 3210 1887 3261 qu.
1916 3194 2030 3248 2:V.
2056 3193 2143 3247 2081.
2161 3200 2189 3247 21

687 3298 714 3335 n.
734 3286 775 3336 53.
795 3311 827 3321 -
847 3280 913 3350 Reg.
933 3295 1047 3335 erronee
1066 3280 1095 3335 in
1113 3278 1212 3335 ZVGA
1231 3278 1386 3335 Schlesiens
1404 3278 1489 3348 XXV,
1507 3287 1567 3335 294.

1333 3476 1540 3487 ——

685 3665 806 3733 1389.
839 3663 951 3744 Qaido,
981 3666 1166 3730 Portuensis
1199 3668 1229 3729 et
1256 3669 1390 3731 suadae
1412 3667 1548 3750 Rafiaae
1569 3667 1732 3750 episcopus
1754 3666 1944 3746 cardinalis,
1967 3666 2193 3751 supplicaturi

685 3769 818 3835 Nicolao
841 3769 997 3850 quondam
1020 3768 1175 3833 Illiediiru
1197 3768 1235 3832 de
1257 3769 1395 3833 Brarma
1428 3769 1467 3834 de
1501 3770 1689 3835 commotu
1722 3774 1751 3835 et
1778 3771 1965 3855 praebenda
1997 3772 2036 3835 irs
2070 3771 2191 3836 eruum

820 3873 925 3936 sarreti
950 3872 1037 3936 Petri
1066 3870 1329 3953 Vyssepradeasis
1346 3890 1447 3956 prope
1470 3875 1613 3955 Propera
1633 3875 1819 3939 vacantibus
1836 3874 2062 3958 provideatur.

1609 4012 1772 4093 Acinione,
1795 4015 1878 4078 1351
1903 4012 2103 4096 Septembris
2124 4018 2152 4078 2.

787 4164 952 4248 Supplicat
975 4165 1006 4231 S.
1029 4163 1067 4230 V.
1092 4164 1206 4229 devota
1230 4173 1378 4230 creatura
1400 4171 1507 4232 vestra
1530 4167 1642 4247 Quido,
1668 4169 1851 4235 Portueusis
1874 4173 1908 4233 et
1942 4177 2057 4234 sancte
2087 4169 2191 4235 Rufino

686 4272 854 4352 episcopus
889 4276 997 4334 sarrcte
1027 4268 1167 4333 Romane
1199 4269 1333 4334 ecclesie
1365 4270 1544 4350 cardinalis,
1577 4279 1733 4354 quatenus
1756 4273 1816 4338 sibi
1839 4275 1871 4337 in
1893 4291 2070 4356 personam
2092 4275 2190 4340 dilecti

686 4374 854 4440 familiaris
885 4375 935 4439 sui
966 4380 999 4438 et
1029 4374 1243 4454 procuratoris
1275 4378 1308 4438 in
1345 4393 1442 4457 regno
1476 4376 1616 4456 Boemio,
1647 4377 1770 4442 Nicolai
1801 4378 1961 4459 quondam
1992 4378 2129 4444 Fridlini
2155 4379 2190 4441 de

685 4478 824 4557 Brunnu,
856 4478 1049 4556 subdiaconi,
1085 4478 1257 4559 specialem
1290 4480 1430 4560 graciam
1463 4480 1627 4561 iacientes,
1667 4483 1706 4548 de
1743 4482 1930 4546 canonicatu
1967 4490 2001 4547 et
2036 4483 2188 4565 probanda

684 4582 819 4648 ecclesie
843 4583 943 4647 sancti
966 4582 1053 4647 Petri
1071 4581 1342 4664 wissegradensis
1362 4602 1461 4665 prope
1476 4585 1619 4668 Prugam,
1636 4586 1819 4668 specialiter
1839 4588 2016 4652 reservatis
2033 4595 2067 4652 et
2082 4607 2186 4652 racan-

683 4687 771 4752 tibus
802 4707 859 4768 pcr
888 4687 1008 4751 obitum
1039 4686 1196 4768 quondam
1227 4686 1372 4769 Symonis
1395 4687 1434 4751 dc
1458 4687 1587 4771 Gycuin,
1612 4692 1665 4771 qui
1688 4696 1780 4755 extra
1802 4691 1976 4755 Romanam
2000 4694 2122 4757 caulam
2142 4691 2188 4754 de·

686 4792 791 4868 cessit,
826 4792 997 4873 ‹lignornini
1032 4791 1207 4871 providere,
1242 4810 1304 4855 non
1337 4792 1492 4870 obstante,
1524 4793 1607 4874 quod
1637 4814 1695 4876 per
1725 4814 1839 4858 annum
1870 4800 1902 4860 et
1926 4814 1988 4861 non
2015 4796 2111 4878 plene
2133 4815 2185 4860 nuo

685 4912 793 4960 mense
824 4899 895 4976 post
924 4894 1045 4959 obitum
1076 4893 1152 4958 dicti
1183 4894 1327 4975 Synronis
1356 4895 1476 4961 iruerint
1505 4903 1538 4961 et
1567 4898 1631 4962 siut
1660 4917 1719 4980 per
1748 4898 1932 4977 Henricunr,
1962 4900 2132 4982 plebanum
2152 4899 2185 4961 de

687 4997 796 5063 Monte
820 4999 955 5081 liutnys,
980 4998 1149 5081 PragonsiS
1172 4998 1318 5077 diocesis,
1344 4999 1391 5063 vel
1416 5000 1513 5065 alium
1536 5020 1754 5084 quemcunque
1778 5002 1908 5081 detenti,
1933 5010 1967 5070 ot
1990 5006 2078 5087 quod
2097 5005 2184 5088 possit

687 5119 746 5165 sua
761 5121 822 5165 non
839 5103 1002 5167 obstancIa
1018 5103 1195 5183 exprimore
1215 5103 1246 5166 in
1263 5102 1461 5180 cancellaria,
1479 5124 1549 5169 cunr
1565 5105 1717 5171 clausulis
1733 5113 1765 5171 et
1780 5109 2007 5174 executoribus
2023 5109 2184 5192 oportunis.

790 5241 864 5306 Fiat
893 5242 930 5306 R.
976 5243 1050 5308 Sine
1081 5243 1224 5306 arantino
1248 5247 1281 5306 et
1311 5242 1375 5307 alia
1404 5242 1553 5308 leccione.
1600 5245 1673 5309 Fiat
1694 5245 1731 5310 It.
1778 5248 1817 5311 I).
1841 5247 2003 5313 Aniniouo
2035 5250 2183 5315 111111011.

686 5346 883 5427 Septembris
906 5365 934 5411 a.
960 5346 1090 5410 docimo.

791 5500 940 5556 Clementis
958 5499 994 5554 VI
1013 5499 1040 5555 S.
1058 5499 1109 5570 llll
1131 5501 1187 5567 (21)
1206 5500 1225 5554 1.
1245 5504 1314 5554 130'.

1337 5679 1510 5688 ——---
1519 5681 1542 5687 -
