5184 7050
1866 834 1929 898 421

417 1046 451 1105 et
474 1059 601 1106 errores
624 1061 661 1106 ac
685 1040 881 1107 dilatandum
904 1040 1025 1107 cultum
1048 1040 1122 1106 fidei
1145 1040 1330 1118 orthodoxe,
1354 1040 1563 1122 regnabitque
1586 1041 1645 1104 sub
1668 1048 1723 1107 tuo
1754 1039 1849 1117 felici,
1873 1041 1926 1121 pio

415 1150 450 1208 et
471 1145 603 1226 provido
626 1145 778 1228 regimine
801 1145 891 1227 pacis
914 1150 947 1209 et
969 1146 1095 1210 iusticie
1118 1144 1308 1226 pulcritudo,
1326 1144 1520 1222 excessibus,
1538 1144 1720 1209 criminibus
1744 1149 1777 1209 et
1800 1144 1925 1209 delictis

415 1247 583 1313 claudetur
606 1249 722 1326 aditus,
746 1253 779 1312 et
801 1255 834 1314 te
857 1249 990 1313 sedente
1014 1250 1045 1312 in
1069 1249 1148 1312 solio
1171 1247 1289 1330 regalis
1312 1254 1345 1313 et
1369 1247 1544 1330 imperialis
1559 1246 1705 1312 culminis
1721 1246 1929 1328 dissipabitur

415 1369 509 1416 omne
531 1350 666 1430 malum3
690 1351 787 1416 talem
811 1370 946 1436 namque
969 1350 1067 1418 filium
1092 1351 1224 1419 diutinis
1246 1352 1443 1434 temporibus
1466 1351 1559 1416 aride
1592 1352 1785 1417 desideravit
1816 1351 1929 1416 eadem

416 1461 522 1521 mater
554 1456 699 1535 ecclesia,
733 1475 827 1539 quem
862 1475 906 1534 se,
940 1461 974 1522 ut
998 1456 1130 1522 firmiter
1153 1456 1321 1536 credimus,
1346 1475 1416 1522 tum
1439 1456 1620 1538 repletione
1644 1456 1873 1522 consolacionis
1895 1460 1929 1521 et

415 1560 525 1642 gaudii
548 1560 701 1626 letabitur
722 1560 785 1626 hiis
807 1562 1004 1643 temporibus
1027 1560 1196 1643 recepisse.
1242 1561 1402 1643 Rogamus
1426 1562 1534 1642 itaque
1557 1561 1763 1625 serenitatem
1785 1565 1872 1626 tuam
1895 1565 1928 1625 et

415 1663 581 1728 hortamur
603 1665 761 1731 attentius
784 1665 817 1730 in
840 1664 966 1730 domino
988 1664 1091 1731 Jbeso
1115 1664 1252 1743 Christo,
1276 1669 1434 1746 quatenus
1457 1664 1498 1729 ad
1519 1664 1618 1742 illum,
1650 1664 1683 1729 in
1713 1665 1802 1729 cuins
1833 1683 1928 1729 manu

416 1773 450 1832 et
472 1773 633 1857 potestate
662 1770 801 1835 omnium
832 1770 902 1834 iura
931 1786 1100 1850 regnorum
1131 1769 1311 1835 consistunt
1340 1773 1374 1833 et
1398 1769 1495 1833 nichil
1519 1768 1592 1833 boni
1614 1768 1665 1833 rel
1688 1769 1833 1851 prosperi
1856 1785 1928 1833 esse

416 1876 526 1953 potest
558 1873 664 1952 alicui,
697 1874 760 1938 nisi
795 1874 835 1938 de
869 1892 926 1939 sue
959 1872 1112 1939 bonitatis
1142 1873 1317 1938 clemencia
1339 1873 1504 1956 largiatur,
1528 1872 1668 1955 dirigens
1691 1873 1724 1937 in
1745 1872 1926 1937 humilitate

416 1978 549 2060 spiritus
571 1978 690 2059 iugiter
711 1982 785 2043 vota
807 1983 862 2043 tua
885 1984 918 2043 et
940 1976 1109 2043 anchoram
1133 1978 1202 2059 spei
1224 1983 1279 2043 tue
1303 1979 1334 2042 in
1358 1996 1396 2042 eo
1419 1979 1487 2043 solo
1509 1976 1606 2060 figere
1622 1995 1684 2041 non
1700 1976 1868 2054 desistens,
1884 1976 1926 2041 ad

416 2081 481 2160 illa,
504 2101 568 2164 que
590 2082 802 2166 premisimus,
825 2087 858 2147 et
881 2083 945 2147 alia
968 2101 1064 2165 opero
1086 2082 1238 2160 virtuosa,
1262 2101 1320 2164 per
1342 2101 1404 2164 que
1427 2082 1486 2148 deo
1519 2100 1645 2163 semper
1675 2080 1745 2146 fieri
1775 2082 1928 2146 merearis

417 2188 593 2268 acceptior,
610 2186 776 2252 intendere
791 2187 940 2252 continue
954 2193 1146 2268 tuarumque
1169 2186 1393 2267 operationum
1415 2187 1523 2252 studia
1545 2191 1730 2251 convertere
1752 2203 1813 2250 nou
1840 2189 1929 2268 post-

416 2307 528 2372 ponas,
552 2291 692 2356 sciturus
714 2310 771 2374 pro
795 2295 892 2370 terto,
909 2291 1003 2372 quod,
1020 2292 1046 2356 si
1063 2291 1122 2355 het
1138 2295 1175 2356 ut
1189 2288 1375 2356 confidimus
1391 2291 1495 2373 egeris
1510 2296 1607 2371 teque
1623 2308 1694 2354 turn
1711 2289 1770 2354 deo
1785 2290 1928 2354 tenueris

415 2394 625 2474 incessanter,
648 2395 718 2478 ipse
740 2400 831 2460 attus
853 2400 926 2461 tuos
949 2413 1139 2478 prosperare
1161 2415 1223 2461 nou
1246 2395 1380 2476 desinet,
1396 2401 1486 2461 tuum
1501 2393 1671 2460 exaltando
1687 2411 1785 2476 super
1806 2399 1923 2459 terram

415 2498 531 2564 solium
553 2502 587 2563 et
608 2498 821 2582 protrahendo
845 2501 877 2565 iu
900 2498 1023 2564 dierum
1045 2499 1273 2582 longitudinem
1296 2518 1367 2564 cum
1390 2499 1613 2583 prosperitatis
1624 2497 1652 2581 b)
1676 2497 1782 2563 votive
1800 2517 1926 2565 succes·

415 2604 505 2669 sibus
535 2604 632 2669 vitam
662 2609 761 2684 tuam,
791 2603 984 2686 tandemque
1008 2609 1080 2686 post
1102 2605 1271 2670 decursum
1293 2604 1474 2670 huiusmodi
1508 2603 1657 2669 laboriosi
1681 2605 1864 2670 conaminis
1888 2604 1929 2669 de

413 2708 584 2791 temporali
606 2726 703 2791 regno
726 2715 759 2774 et
782 2707 981 2799 corruptibili
1004 2714 1037 2773 te
1060 2727 1131 2774 tum
1163 2728 1279 2774 torona
1311 2708 1566 2776 immarcessibili
1599 2709 1639 2774 ad
1672 2709 1761 2792 regni
1795 2709 1928 2792 gloriam

414 2814 572 2895 provehet
594 2813 789 2896 sempiterni,
808 2812 847 2876 de
863 2811 954 2877 nobis
970 2818 1002 2878 ot
1018 2813 1130 2878 eadem
1146 2813 1282 2878 ecclesia
1297 2811 1446 2878 fidutiam
1468 2813 1645 2892 habiturus,
1662 2813 1756 2894 quod,
1773 2818 1927 2895 quantum

415 2933 487 2980 tum
512 2914 572 2980 deo
596 2919 629 2979 et
650 2915 819 2980 honestate
842 2914 911 2980 fieri
933 2917 1061 2998 poterit,
1084 2917 1145 2981 tibi
1167 2918 1319 2981 assistere
1341 2917 1534 2982 intendimus
1557 2919 1673 3001 graciis
1703 2922 1736 2982 et
1766 2917 1927 2982 favoribus

415 3020 593 3102 oportunis.
624 3018 722 3085 Porro
745 3020 785 3086 de
809 3039 955 3104 persona,
978 3040 1036 3103 per
1057 3027 1090 3085 te
1113 3022 1204 3086 nobis
1221 3021 1261 3086 ad
1280 3021 1449 3088 ecclesiam
1472 3022 1753 3088 Alberstadensem
1775 3026 1850 3088 tunt
1872 3042 1926 3087 va-

414 3129 540 3189 cantem
564 3125 792 3203 commendata,
816 3145 910 3207 quam
933 3126 995 3207 ipsi
1018 3126 1152 3190 ecclesio
1175 3126 1243 3191 lore
1267 3126 1424 3191 credimus
1447 3126 1566 3205 utilem,
1590 3127 1638 3191 tui
1661 3128 1762 3192 eciam
1782 3126 1926 3192 couside-

414 3229 546 3293 racione
569 3228 716 3294 duximus
733 3230 772 3294 de
787 3230 921 3295 fratrum
936 3236 1115 3295 nostrorum
1138 3230 1269 3295 consilio
1292 3231 1530 3312 providendum.
1556 3231 1678 3296 Rursus
1693 3232 1817 3296 noviter
1833 3230 1925 3295 intel·

414 3331 509 3413 letto,
534 3333 619 3414 qnod
643 3332 696 3398 ille
718 3333 869 3417 profanus
891 3335 992 3400 hostis
1016 3336 1068 3399 dei
1090 3341 1123 3399 et
1146 3334 1280 3399 ecclesie
1304 3354 1341 3400 at
1364 3334 1438 3400 lidei
1462 3335 1617 3402 catholice
1645 3340 1831 3419 persecutor
1853 3353 1925 3401 cru·

414 3438 507 3516 delis,
532 3437 714 3502 Ludouitus
738 3438 778 3502 do
800 3439 948 3516 Bauaria,
968 3440 1269 3518 excommunicatus,
1283 3440 1446 3505 hereticus
1462 3447 1497 3506 et
1510 3441 1708 3506 scismaticus
1723 3440 1924 3519 manifestus,

415 3542 650 3626 colligationes,
674 3544 953 3609 confederationes
975 3549 1008 3609 et
1031 3544 1190 3609 amicicias
1204 3545 1318 3609 nititur
1332 3545 1365 3609 in
1381 3546 1524 3627 partibus
1539 3545 1727 3612 Lombardie
1743 3564 1925 3629 procurare,

413 3647 591 3730 expediens
613 3648 780 3713 admodum
802 3650 975 3728 videretur,
998 3648 1081 3730 quod
1104 3655 1139 3714 tu
1162 3656 1196 3714 et
1221 3669 1246 3715 t.
1271 3649 1303 3713 in
1327 3648 1385 3715 ch.
1409 3649 1429 3715 l.
1454 3670 1484 3716 u.
1508 3650 1682 3729 Johaunes,
1705 3669 1761 3715 rer
1791 3650 1922 3716 Boemie

412 3751 560 3830 illustris,
593 3753 718 3835 genitor
750 3758 834 3832 tuus,
869 3753 1004 3818 eundem
1038 3754 1236 3819 Ludouitum
1267 3754 1432 3836 prevenire
1463 3772 1561 3838 super
1587 3754 1649 3819 hiis
1672 3755 1733 3820 viis
1756 3759 1789 3820 et
1811 3753 1922 3834 modis,

413 3857 532 3938 quibus
553 3857 668 3922 melius
690 3864 799 3939 posset
820 3856 900 3937 fieri,
924 3858 1087 3937 curaretis,
1112 3876 1310 3940 summopere
1340 3858 1562 3924 nichilominus
1595 3858 1803 3943 precavendo,
1838 3857 1924 3941 quod

414 3961 487 4026 illos
511 3960 551 4027 de
574 3961 720 4043 partibus
743 3962 863 4027 eisdem
884 3961 992 4027 verbis
1015 3962 1066 4027 vel
1088 3962 1183 4028 iactis
1204 3981 1403 4046 nequaquam
1425 3963 1487 4028 hiis
1509 3965 1705 4047 temporibus
1731 3964 1921 4047 provocetis.

414 4066 454 4130 D.
478 4066 638 4131 Aninione
661 4066 712 4131 ΙΙΙ
734 4064 798 4130 kal.
822 4065 958 4149 Augusti
982 4086 1009 4132 a.
1034 4067 1154 4149 quinto.

521 4254 669 4308 Clementis
698 4253 735 4308 VI
761 4254 792 4307 V.
822 4259 871 4328 140
898 4260 977 4324 (secr.
997 4271 1020 4310 a.
1040 4256 1075 4322 V)
1094 4256 1111 4310 l.
1131 4257 1175 4309 69'
1194 4272 1219 4309 n.
1239 4259 1297 4309 290.
1317 4286 1350 4296 -
1368 4255 1419 4310 Ed.
1439 4254 1573 4326 Raynuld,
1598 4256 1720 4311 Annales
1747 4256 1924 4311 ecclesiastici

414 4341 486 4408 XVI,
506 4346 568 4408 238,
586 4340 752 4411 Wsrunsky,
770 4342 910 4411 Excerpta
927 4358 953 4395 n.
975 4348 1031 4409 123,
1051 4342 1136 4398 CDll.
1155 4343 1207 4397 VH
1224 4360 1250 4397 n.
1270 4349 1330 4411 671,
1349 4342 1435 4397 ΒΒΜ.
1454 4344 1492 4397 Ν
1516 4360 1542 4396 n.
1567 4349 1644 4409 17151,
1663 4343 1760 4397 Huber
1786 4348 1837 4398 603
1861 4360 1888 4397 n.
1908 4349 1924 4396 6

416 4429 564 4484 etiterum
582 4444 643 4497 pag.
664 4431 714 4482 ms
732 4445 758 4482 n.
780 4435 835 4483 181.
854 4460 886 4469 -
914 4430 937 4497 ⁸)
957 4428 1037 4484 deest
1053 4430 1081 4484 in
1099 4429 1141 4498 V,
1160 4431 1250 4500 suppl.
1277 4430 1312 4485 ab
1338 4429 1449 4485 editore.
1477 4429 1501 4497 l›)
1521 4431 1722 4499 ,prosperitate‘
1741 4429 1781 4498 V,
1800 4446 1868 4484 corr.
1888 4431 1923 4484 ab

416 4516 531 4572 editore.

1065 4691 1271 4705 2-—

416 4992 507 5058 707.
530 4988 673 5055 Latitiae
695 4990 733 5054 de
756 4990 1005 5067 Vitecomitibar,
1027 4989 1147 5054 vicario
1161 4987 1403 5064 Mediolanensi,
1418 4989 1578 5065 scribitur,
1594 4995 1749 5072 camenus
1771 4989 1822 5065 iis,
1839 5009 1919 5069 qaae

412 5094 475 5159 sibi
496 5094 535 5158 de
557 5093 646 5159 mala
668 5093 839 5158 intentione
859 5093 1029 5173 Jobcnais,
1051 5094 1136 5174 repis
1159 5093 1338 5174 Bobemiat,
1362 5098 1392 5157 ct
1413 5091 1529 5168 Caroli,
1545 5095 1696 5175 inrepens
1708 5095 1922 5158 Romanorum

814 5198 911 5273 eiecti,
934 5197 1041 5262 relata
1061 5202 1145 5278 sual,
1165 5197 1265 5280 fidem
1288 5218 1351 5263 non
1374 5196 1532 5262 adhibeat.

1433 5335 1595 5414 Atinium,
1611 5337 1698 5400 1346
1719 5333 1804 5403 Jalii
1824 5339 1877 5404 30.
1911 5406 1913 5411 .

516 5531 557 5595 Ι).
582 5527 605 5594 f.
628 5527 726 5599 nobili
749 5529 816 5593 viro
840 5528 982 5594 Luthino
1006 5529 1045 5594 de
1069 5529 1325 5606 Vitetomitibus,
1342 5529 1374 5592 in
1391 5528 1529 5603 civitate,
1546 5528 1695 5591 comitatu
1719 5532 1752 5592 et
1774 5528 1921 5594 districtu

408 5634 648 5703 Mediolanensi
671 5638 779 5698 nostro
802 5638 835 5698 et
858 5633 992 5699 ecclesie
1015 5634 1155 5698 Romane
1178 5634 1295 5698 vicario
1327 5631 1477 5712 generali.
1513 5630 1697 5695 Nobilitatis
1719 5636 1775 5695 tue
1797 5631 1921 5696 litteras

409 5741 609 5827 recepimus
632 5739 717 5803 inter
740 5743 848 5803 cetera
877 5740 1085 5818 continentes,
1108 5745 1140 5803 te
1171 5738 1331 5804 relatione
1360 5736 1500 5800 veridica
1523 5735 1692 5817 recepisse,
1726 5737 1923 5801 carissimum
