5184 7050
1980 858 2043 925 379

534 1069 626 1136 638.
662 1067 822 1132 16166166
844 1067 1025 1148 81666666νί
1054 1067 1092 1131 dc
1122 1066 1334 1148 Noriorberpa
1366 1065 1551 1149 providetur
1587 1064 1625 1129 de
1658 1065 1801 1148 beneficio
1835 1066 2043 1131 ecclesiastice

536 1193 605 1237 curu
635 1173 683 1237 eel
709 1174 779 1238 siae
809 1193 898 1246 eura,
928 1177 1063 1237 6666616
1093 1171 1139 1235 rel
1168 1176 1333 1250 vacaturo,
1364 1169 1408 1235 ud
1437 1170 1632 1235 collationem
1661 1171 1849 1253 praepositi,
1881 1171 2043 1237 (16666161

795 1276 931 1359 capitol-i
952 1275 1104 1340 eeclesiae
1138 1274 1408 1356 l'yssepradeosis.
1456 1276 1571 1339 Forma
1593 1278 1630 1337 61
1651 1275 1686 1338 io
1708 1296 1738 1339 6.
1761 1278 1792 1340 2.

590 1434 681 1520 ’ἶ

579 1470 627 1523 ‚x
650 1508 659 1521 ,
685 1507 692 1520 ,
1505 1447 1668 1523 66161666,
1694 1450 1778 1514 1346
1799 1446 1924 1531 Aprilis
1947 1454 2000 1516 28.

640 1645 680 1708 Ι).
704 1642 725 1708 f.
750 1642 892 1707 Fridrico
910 1641 1084 1723 Stromayri
1101 1641 1140 1704 de
1156 1639 1374 1720 Nurenberclr,
1391 1638 1506 1703 clerieo
1523 1639 1766 1721 Barabergensis
1783 1640 1928 1719 diocesis,
1945 1661 1969 1706 s.
1983 1648 2043 1707 etc.

537 1749 585 1813 dd
610 1748 735 1812 illorum
759 1747 971 1830 provisionem
994 1744 1131 1810 libenter
1160 1745 1353 1810 intendimus
1484 1743 1565 1808 Hiuc
1599 1751 1658 1821 est,
1693 1744 1777 1825 quod
1811 1764 1878 1824 noe,
1901 1746 2045 1812 volentes

534 1853 604 1928 ciui,
628 1852 713 1933 apud
736 1870 793 1916 nos
817 1851 856 1915 de
879 1851 1047 1915 honestate
1071 1868 1192 1913 morum
1215 1853 1248 1913 et
1270 1849 1335 1913 vite
1359 1848 1493 1929 aliisque
1516 1849 1685 1929 probitatis
1702 1854 1734 1912 ct
1750 1849 1902 1914 virtutum
1922 1853 2044 1915 meritis

536 1954 741 2020 laudabiliter
775 1954 1003 2032 commendato,
1037 1954 1149 2018 horum
1183 1953 1301 2017 iutuitu
1325 1972 1354 2033 g.
1378 1952 1399 2017 f.
1424 1970 1459 2031 s,
1483 1952 1670 2017 beneficium
1701 1953 1949 2020 ecclesiasticum
1975 1975 2044 2020 cum

536 2079 613 2124 cure
637 2060 688 2125 rel
711 2061 779 2124 sino
803 2079 887 2137 cura,
912 2059 1003 2123 euius
1026 2058 1158 2136 fructus,
1182 2076 1206 2121 r.
1231 2061 1264 2122 et
1286 2076 1328 2139 p.,
1352 2057 1379 2121 si
1414 2075 1483 2120 cum
1516 2076 1601 2137 cura,
1632 2058 1771 2140 triginta,
1807 2059 1833 2122 si
1867 2078 1942 2124 vero
1977 2061 2044 2124 siue

536 2183 615 2228 cura
650 2166 757 2242 luerit,
791 2165 903 2246 viginti
937 2162 1133 2227 nrareharuru
1168 2162 1290 2245 argenti
1314 2178 1339 2225 s.
1363 2166 1384 2224 t.
1409 2159 1439 2224 d.
1462 2161 1600 2226 valorem
1633 2181 1771 2226 arruuum
1794 2182 1855 2227 non
1877 2164 2042 2244 excedant,

535 2277 685 2350 spectans
709 2287 734 2332 c.
759 2268 809 2332 vel
833 2268 862 2331 d.
886 2267 926 2330 ad
949 2265 1163 2343 collationem,
1196 2284 1293 2347 prov,
1324 2283 1408 2347 pres.
1441 2283 1496 2329 seu
1528 2285 1557 2347 q.
1582 2285 1610 2329 a.
1634 2267 1664 2329 d.
1689 2266 1739 2331 dd.
1764 2266 1793 2332 u.
1820 2317 1852 2331 ..
1877 2269 2042 2349 prepositi,

536 2374 650 2438 decani
674 2379 707 2438 et
730 2371 861 2454 capituli
885 2371 1021 2435 ecclesie
1044 2369 1316 2451 wissegradensis
1339 2387 1438 2450 prope
1461 2370 1603 2452 Pragam,
1628 2370 1654 2433 si
1678 2371 1763 2451 qued
1785 2377 1877 2435 vacat
1899 2373 1939 2435 ad
1973 2393 2045 2455 pre-

536 2496 621 2555 sens,
646 2476 696 2540 vel
732 2496 802 2541 eum
837 2476 1010 2552 vacaverit,
1142 2473 1366 2538 conferendum
1400 2474 1459 2537 tibi
1590 2475 1618 2539 d.
1651 2493 1914 2540 aresceremus.
1940 2499 2044 2556 ....;

535 2600 598 2646 uon
622 2582 825 2646 obstantibus
848 2630 929 2644 ....
955 2598 1011 2642 seu
1035 2577 1118 2659 quod
1143 2578 1261 2641 dudum
1284 2596 1381 2659 super
1404 2578 1586 2658 provisione
1601 2579 1659 2642 tibi
1675 2578 1821 2644 facienda
1836 2581 1876 2644 de
1892 2582 2044 2645 beneficio

536 2686 757 2751 ecclesiastice
780 2704 851 2749 cum
874 2703 950 2748 eure
971 2682 1023 2747 vel
1046 2683 1115 2747 sine
1138 2702 1214 2746 cura
1237 2682 1277 2747 ad
1301 2681 1505 2747 collationem
1528 2682 1577 2745 vel
1600 2684 1874 2765 presentacionem
1898 2686 1949 2750 dd.
1966 2686 1997 2751 ff,
2014 2737 2043 2750 ..

536 2792 664 2856 abbatis
694 2794 727 2854 et
758 2794 931 2854 conventus
961 2787 1144 2851 monasterii
1176 2787 1276 2851 sancti
1300 2786 1464 2851 Vincencii
1497 2805 1597 2869 prope
1620 2787 1871 2869 Wratissauiam,
1896 2790 2045 2854 Promon-

536 2895 709 2960 stratensis
739 2894 869 2971 ordinis
900 2897 1024 2957 uestras
1054 2892 1086 2956 in
1117 2910 1155 2955 ea
1177 2890 1286 2967 forma,
1311 2890 1485 2955 secundum
1507 2910 1602 2973 quam
1625 2910 1681 2973 pro
1704 2894 1898 2974 pauperibus
1922 2894 2045 2959 clericis

537 2998 766 3065 beneficiandis
795 3003 872 3062 tune
901 2996 1096 3076 scripsimus,
1127 2994 1254 3059 litteras
1285 2995 1474 3076 impetrasti,
1505 3014 1585 3078 quas
1620 2996 1748 3077 quidem
1771 2997 1896 3062 litteras
1919 3004 1951 3062 et
1974 3018 2046 3080 pro·

538 3122 649 3169 cessus
664 3103 792 3167 habitos
813 3119 872 3182 per
894 3099 1022 3165 easdem
1046 3103 1079 3163 et
1101 3116 1288 3181 quecunque
1312 3098 1385 3163 inde
1409 3105 1520 3164 secuta
1544 3119 1667 3164 exnunc
1689 3119 1860 3181 cassernus,
1884 3102 2046 3167 irritamus

538 3214 570 3272 et
604 3207 724 3272 nullius
758 3206 908 3287 deinceps
943 3204 1082 3268 existere
1113 3203 1257 3267 volumus
1292 3203 1414 3267 roboris
1447 3203 1497 3267 vel
1531 3203 1691 3269 momenti.
1824 3205 1862 3269 D.
1886 3206 2044 3271 Auiuiouc

538 3311 605 3375 Illl
629 3309 693 3374 kal.
717 3309 797 3373 lllaii
819 3328 846 3372 a.
872 3311 995 3388 quarto.
1080 3382 1082 3384 ,

643 3414 681 3478 16
698 3432 726 3477 6.
743 3432 782 3476 m.
800 3411 850 3476 dd.
867 3411 898 3476 ff.
916 3462 923 3475 .
943 3463 950 3476 .
967 3411 1076 3475 abbati
1099 3411 1284 3474 nrouasterii
1307 3410 1551 3476 Waltsasseusis
1574 3417 1607 3476 et
1631 3463 1661 3476 ..
1686 3414 1848 3495 proposito
1872 3396 2045 3493 Sacoensis,

539 3518 782 3601 uotisponeusis
805 3520 838 3580 ct
855 3567 861 3580 .
880 3567 887 3581 .
904 3513 981 3601 [66]
1004 3514 1174 3597 Prageusis
1197 3513 1381 3594 diocesium,
1406 3535 1442 3580 ac
1466 3566 1498 3580 ..
1524 3517 1657 3581 sacriste
1674 3517 1899 3582 duiuioncnsis
1916 3519 2047 3585 ecclesi-

538 3644 628 3688 arum
652 3642 677 3687 s
702 3629 872 3689 etc.....
901 3623 938 3686 ll.
964 3626 998 3684 ut
1021 3638 1046 3684 S.

644 3812 794 3865 l'lementis
812 3811 849 3864 Vl
868 3812 901 3863 Α.
920 3810 986 3878 {Vsu
1007 3811 1062 3877 (83)
1082 3808 1168 3864 1621
1194 3826 1220 3863 n.
1246 3815 1304 3876 196,
1329 3808 1363 3862 de
1389 3809 1527 3864 beneflciis
1552 3810 1687 3864 vacaturis
1712 3828 1756 3878 qn.
1777 3818 1838 3863 d:
1851 3811 1882 3866 V.
1906 3818 1953 3865 166
1971 3812 1989 3866 1.
2010 3819 2042 3867 87

540 3918 564 3953 n.
587 3906 645 3953 196.
1492 3932 1495 3936 -

539 4405 632 4472 639.
668 4404 804 4467 Henrieo
815 4404 841 4484 ⁸)
878 4400 967 4481 Puplr
1001 4399 1038 4463 de
1070 4400 1214 4475 Xuoetis,
1245 4401 1395 4465 66666166
1428 4399 1574 4465 ecclesiae
1603 4401 1792 4468 Sanctorum
1826 4402 2048 4486 Apostolorum

540 4507 744 4584 0616616666,
767 4509 946 4569 reservatur
973 4504 1016 4567 66
1045 4503 1308 4586 supplicationem
1329 4505 1497 4584 Jooarrnis,
1520 4507 1604 4586 repis
1627 4507 1806 4586 1166666166,
1818 4508 1841 4587 ¹)
1868 4507 2048 4589 6666116666

538 4633 608 4675 crem
631 4610 680 4674 rel
702 4611 770 4674 sinc
794 4630 882 4686 euro,
905 4608 994 4671 orias
1010 4611 1143 4687 fruetus
1165 4611 1208 4673 25
1231 4629 1312 4690 resp.
1337 4611 1586 4674 rememorem
1612 4611 1737 4690 arpenti
1758 4631 1783 4674 e.
1807 4614 1830 4675 t.
1853 4611 1884 4676 d.
1907 4610 2047 4674 valorem

539 4735 682 4780 6666666
704 4735 766 4779 666
782 4713 942 4790 excedant,
959 4713 1084 4792 siquod
1100 4712 1143 4775 od
1158 4712 1356 4777 collationem
1375 4714 1561 4795 praepositi,
1578 4713 1691 4778 (166661
1706 4718 1735 4776 et
1750 4714 1885 4796 capitoli
1901 4714 2049 4778 eeclesiae

539 4820 742 4896 Xariotensis,
768 4815 958 4882 Colonierrsis
980 4816 1121 4894 diocesis,
1137 4821 1241 4892 66661,
1263 4816 1311 4880 rael
1334 4837 1403 4879 6666
1425 4817 1595 4895 occurerit,
1619 4818 1768 4881 61166661
1790 4819 1994 4882 canonicatus
2017 4822 2047 4881 et

533 4922 720 5006 praebenda
738 4942 777 4985 oc
793 4920 957 5000 sercrdum
981 4920 1081 5002 ips-ias
1103 4920 1255 4984 ecclesiae
1275 4920 1462 4984 Xaoeteosis
1485 4920 1612 4983 existat.
1637 4922 1689 4998 ,D.
1707 4921 1863 4985 66161666
1887 4923 1965 4985 1111
1981 4921 2046 4986 161.

924 5025 1060 5088 1116116.
1085 5027 1219 5105 666616.ι
1266 5024 1380 5086 armna
1405 5026 1439 5086 61
1461 5022 1495 5085 in
1518 5044 1547 5087 6.
1573 5026 1623 5088 76.

647 5110 684 5318 Σὲ
1506 5194 1779 5276 6666661346
1802 5197 2002 5280 Λ66111628.

581 5307 610 5321 0⁴

646 5439 797 5493 Clementis
816 5437 903 5492 v1A.
923 5439 989 5504 111.)
1010 5445 1065 5502 163)
1083 5437 1101 5490 f.
1121 5442 1172 5489 666
1191 5454 1216 5490 6.
1236 5442 1294 5502 216,
1315 5436 1349 5490 de
1374 5437 1513 5491 benefieiis
1538 5438 1674 5492 vacaturis
1699 5455 1742 5507 qu.
1763 5444 1826 5492 t:
1840 5439 1872 5491 V.
1893 5444 1942 5491 168
1961 5438 1978 5491 f.
2002 5445 2048 5491 116

535 5549 562 5584 n.
584 5532 645 5580 2⁴8.
667 5556 700 5566 -·
727 5533 750 5593 ¹)
770 5526 917 5593 ,Heinrieo‘
937 5528 968 5577 Λ.
990 5556 1020 5564 -
1044 5527 1062 5585 1)
1082 5525 1149 5576 llaec
1168 5524 1332 5591 supplicatio
1352 5540 1404 5576 uun
1424 5530 1466 5577 est
1486 5532 1603 5592 reperta.
