5184 7050
1870 852 1935 921 595

419 1054 544 1121 1064.
569 1051 711 1127 Carolus,
736 1055 950 1118 Rornanorum
972 1058 1003 1118 et
1026 1054 1198 1119 Boleruiac
1218 1076 1285 1135 rer,
1308 1056 1480 1138 supplicat,
1504 1061 1658 1139 pudeam
1686 1058 1856 1139 familiari
1877 1080 1934 1123 suo

425 1157 459 1222 U
463 1155 541 1221 lrico
564 1156 602 1221 de
626 1157 767 1239 Capella,
791 1157 902 1222 ckrico
924 1157 1145 1241 Aquilepcusis
1168 1159 1310 1240 diocesis,
1336 1161 1546 1242 provideatur
1568 1162 1606 1226 de
1630 1163 1773 1246 beneflcio
1795 1162 1934 1229 mutual

418 1260 493 1326 sine
517 1282 606 1339 curu,
629 1266 791 1344 spectante
813 1263 857 1328 ad
878 1261 1076 1328 collationem
1092 1264 1314 1348 patriarchae,
1338 1265 1449 1330 decani
1470 1270 1501 1329 et
1524 1267 1661 1349 capituli
1681 1268 1936 1352 stapuloruutquc

419 1365 645 1431 oamuicoruru
667 1365 815 1430 ecclesiae
836 1366 1066 1449 Aquilepeusis
1088 1370 1222 1452 siquod
1242 1370 1278 1435 in
1300 1369 1410 1435 earleru
1431 1369 1571 1450 ecclesia,
1600 1371 1727 1436 ciuitate
1747 1372 1796 1437 uel
1819 1372 1935 1437 diocesi

419 1474 528 1548 uacat,
550 1469 598 1534 oel
632 1490 702 1535 cunr
735 1472 906 1547 euocauit,
940 1475 1030 1536 cuius
1053 1477 1186 1554 fructus
1214 1476 1259 1541 40
1280 1495 1364 1557 resp.
1386 1476 1431 1540 30
1451 1495 1637 1540 marcarum
1659 1475 1785 1557 arpenti
1805 1496 1832 1540 s.
1855 1481 1878 1541 t.
1901 1475 1933 1542 d.

423 1573 565 1637 colman
596 1594 738 1638 cremium
763 1595 825 1640 non
854 1576 1016 1641 enudant.
1061 1578 1148 1655 ,liat
1169 1580 1208 1645 R.
1225 1628 1232 1643 .
1250 1628 1259 1642 .
1275 1628 1309 1644 ..
1332 1578 1374 1642 D.
1399 1576 1556 1642 Auiuione
1578 1580 1639 1643 ΙΙΙ
1656 1578 1698 1646 id.
1722 1580 1879 1647 Jauuarii
1902 1602 1932 1645 a.

1102 1682 1254 1764 septimo!

1363 1765 1527 1849 Aoiuione,
1549 1770 1637 1834 1349
1659 1769 1817 1837 Jauuarii
1837 1770 1889 1834 11.

530 1847 680 1903 Clementis
699 1847 780 1904 VIS.
799 1849 881 1919 vnis
900 1854 956 1919 (18)
973 1852 992 1906 f.
1012 1857 1069 1906 108.

1076 1977 1279 1989 ιιι-

425 2163 547 2229 1066.
575 2164 604 2227 U
609 2162 686 2228 lrico
709 2163 747 2228 de
771 2163 913 2247 Capella,
936 2165 1047 2230 clerico
1069 2163 1289 2247 Aquilepensis
1321 2166 1461 2242 diocesis,
1491 2171 1674 2232 reserentur
1703 2167 1746 2231 od
1774 2167 1934 2252 supplica·

424 2265 542 2330 tionem
574 2265 689 2342 Caroli,
723 2271 936 2333 Rornanorum
964 2269 1058 2351 repis,
1089 2270 1178 2334 arius
1207 2274 1254 2334 est
1277 2271 1474 2351 familiaris,
1505 2271 1685 2354 benficium
1707 2291 1778 2336 cunr
1799 2272 1846 2336 rel
1868 2271 1937 2336 sine

427 2391 518 2448 cura,
543 2372 631 2435 cuius
654 2376 787 2452 fructus
808 2376 852 2439 40
874 2394 956 2456 resp.
979 2377 1024 2438 30
1044 2394 1230 2439 morcarum
1252 2374 1378 2456 arpenti
1399 2396 1424 2439 s.
1447 2379 1470 2442 t.
1494 2375 1525 2441 d.
1549 2375 1689 2439 valorem
1711 2397 1852 2440 annuum
1874 2397 1937 2441 nou

424 2474 587 2550 secedant,
603 2475 729 2558 siquod
744 2477 788 2541 ad
802 2477 998 2542 collationem
1015 2478 1229 2562 patriarchae
1252 2483 1346 2560 atque
1361 2479 1474 2544 decani
1489 2485 1518 2544 et
1534 2480 1669 2563 capituli
1682 2480 1938 2563 siupulorumque

425 2580 649 2644 canonicorum
671 2581 819 2647 ecelesiae
833 2581 1053 2665 Aquilepensis
1076 2585 1110 2649 iu
1131 2583 1240 2648 cadem
1263 2584 1404 2664 ecclesia,
1421 2584 1548 2650 deitate
1570 2584 1618 2649 oel
1640 2584 1757 2649 diocesi
1770 2589 1874 2661 emat,
1889 2585 1938 2650 ecl

424 2703 499 2747 cum
520 2684 690 2750 vacaverit.
733 2687 787 2766 ,D.
810 2687 968 2753 Auinioue
990 2690 1049 2754 Ill
1078 2688 1122 2753 id.
1145 2689 1303 2757 Jauuarii
1325 2712 1355 2753 a.
1379 2689 1533 2774 septimo!
1576 2691 1693 2754 Forrna
1715 2694 1751 2753 ut
1772 2691 1807 2755 iu
1829 2712 1860 2755 u.
1885 2692 1936 2755 76.

1365 2825 1528 2904 Asiciano,
1557 2830 1641 2893 1349
1663 2829 1819 2895 Jauuarii
1840 2831 1893 2893 11.

533 2958 680 3014 Clementis
699 2959 736 3013 VI
755 2963 787 3013 A.
807 2960 888 3030 vnis
907 2965 980 3030 (104)
1000 2962 1017 3014 l.
1036 2966 1087 3029 82⁶,
1107 2962 1141 3016 de
1159 2961 1301 3017 beneficiis
1321 2979 1382 3017 cum
1401 2963 1443 3017 vel
1457 2963 1516 3018 sine
1529 2980 1595 3019 cura
1609 2981 1654 3033 qu.
1670 2971 1733 3018 4:
1745 2965 1777 3020 V.
1792 2971 1839 3019 18‘l
1853 2965 1872 3019 l.
1885 2971 1935 3020 848

424 3063 453 3100 u.
475 3051 534 3099 atr.
570 3047 686 3103 Toxotio
706 3048 791 3103 deest.

423 3356 549 3422 1⁰66.
585 3353 726 3433 Carolus,
762 3356 976 3418 Romanorum
1009 3358 1039 3418 et
1068 3354 1239 3419 Bolemiae
1271 3375 1338 3435 rerc,
1368 3355 1539 3439 supplicat,
1569 3360 1725 3438 quotenne
1748 3356 1938 3422 Meinlrardo

429 3460 466 3525 U
467 3457 543 3521 lrici
575 3458 614 3523 de
647 3458 829 3523 Nooodoruo
862 3457 900 3523 de
933 3457 1088 3541 dipnitate
1120 3463 1177 3525 etc.
1212 3479 1282 3525 curu
1310 3459 1359 3525 oel
1387 3460 1456 3525 siue
1486 3481 1563 3525 cura
1585 3459 1643 3525 sul
1666 3461 1880 3544 expectatione
1901 3462 1937 3527 iu

422 3562 559 3630 ecclesia
582 3563 739 3644 Propensi
760 3567 791 3627 et
812 3563 956 3631 Jotanni
978 3563 1016 3628 de
1038 3564 1188 3629 Pursteiu
1217 3564 1255 3629 de
1285 3565 1475 3631 canonicatu
1507 3566 1565 3629 sub
1598 3566 1812 3649 expectatione
1839 3588 1938 3648 prae·

783 3666 903 3732 bendae
925 3669 959 3732 in
981 3668 1114 3734 ecclesia
1139 3668 1337 3734 Olomuceusi
1353 3668 1573 3752 provideatur.

1370 3788 1532 3865 Auienus,
1554 3792 1642 3855 1349
1663 3790 1821 3857 Jauuarii
1841 3793 1894 3855 11.

535 3928 701 4011 Supplicat
719 3930 750 3995 S.
766 3929 804 3995 V.
821 3929 955 3994 devotus
969 3929 991 3995 l.
1007 3948 1035 3994 v.
1052 3930 1202 4009 Karalus,
1225 3930 1436 3995 Romanorum
1460 3933 1493 3993 et
1514 3929 1665 3994 Bohemie
1687 3948 1754 4009 rex,
1778 3935 1937 4012 quatenus

425 4033 547 4101 dilecte
570 4033 720 4098 familiari
743 4052 800 4098 suo
824 4034 1021 4114 Meinharde,
1045 4039 1120 4099 uate
1149 4036 1265 4100 nobilis
1296 4036 1355 4100 viri
1377 4035 1487 4115 Vlrici,
1518 4035 1636 4100 domini
1670 4034 1710 4098 de
1743 4033 1938 4115 Nonadome,

425 4141 532 4223 ipsius
555 4140 640 4222 regis
663 4139 838 4219 familiaris
862 4141 958 4206 etatis
981 4139 1040 4203 XX
1064 4159 1216 4205 annorum
1239 4139 1290 4205 vel
1313 4141 1415 4221 quasi,
1439 4140 1478 4205 de
1502 4139 1666 4222 dignitate,
1690 4144 1863 4221 personatu
1885 4138 1937 4204 vel

424 4243 536 4312 officio
570 4263 627 4309 seu
662 4244 939 4310 administratione
975 4265 1044 4310 cum
1079 4265 1155 4311 cura
1187 4244 1238 4310 vel
1272 4245 1341 4310 sine
1375 4263 1460 4323 cura,
1495 4245 1596 4308 eciam
1627 4244 1654 4308 si
1681 4244 1781 4309 maior
1803 4244 1846 4308 sit
1868 4247 1940 4326 post

425 4348 734 4431 archiepiscopalem
768 4349 955 4431 dignitatem
989 4354 1022 4414 ot
1055 4351 1127 4432 quis
1160 4350 1202 4415 ad
1235 4349 1334 4427 illum,
1368 4349 1457 4414 illum
1486 4347 1538 4412 vel
1569 4347 1648 4412 illud
1670 4367 1727 4430 per
1749 4348 1939 4413 eleccionem

426 4454 632 4521 consueverit
654 4456 784 4533 assumi,
808 4460 941 4520 vacante
965 4454 1015 4519 vel
1038 4460 1190 4521 vacaturo
1214 4456 1246 4519 in
1269 4455 1405 4520 ecclesia
1426 4453 1581 4536 Prageusi
1604 4458 1637 4518 et
1652 4457 1751 4531 extra,
1769 4454 1940 4537 dignemini

427 4576 504 4625 cum
528 4560 751 4640 aceeptaeiene
774 4564 807 4623 et
830 4558 982 4623 clausulis
1005 4560 1170 4641 oportunis
1192 4559 1370 4642 providere,
1394 4558 1637 4636 nonobstante,
1661 4558 1745 4639 quod
1773 4558 1804 4621 iu
1827 4558 1940 4622 eadem

428 4664 654 4729 canonicatum
677 4666 736 4728 snb
760 4666 984 4747 expectacione
1003 4664 1163 4747 prebende
1179 4665 1322 4729 obtinere
1338 4667 1495 4741 noscatur,
1512 4663 1733 4745 dispensantes
1748 4667 1784 4729 ut
1799 4681 1940 4728 neeesse.

538 4767 610 4833 Fiat
633 4775 666 4832 et
688 4769 909 4851 dispensamus
931 4769 968 4835 R.

538 4872 618 4936 Item
642 4873 775 4937 similem
797 4874 937 4956 graciam
961 4874 1117 4939 facientes
1134 4874 1249 4938 dilecto
1265 4891 1323 4937 suo
1338 4871 1475 4938 Johauui
1491 4872 1531 4936 de
1547 4870 1791 4950 Pierssenstein,
1808 4872 1939 4953 presby·

428 4982 513 5054 tero,
538 4976 578 5041 de
601 4978 789 5043 canonicatu
813 4979 871 5044 sub
895 4979 1119 5061 expectacione
1142 4978 1314 5061 prebende,
1338 4977 1503 5061 dignitate,
1528 4983 1699 5059 personatu
1716 4981 1776 5041 etc.
1794 4980 1942 5059 utsupra

429 5082 463 5147 in
488 5081 625 5147 ecclesia
648 5082 861 5162 Olomuceusi,
886 5084 1127 5160 nonobstante,
1151 5081 1235 5162 quod
1259 5080 1343 5145 idem
1366 5080 1531 5146 lohannes
1554 5080 1773 5145 canonicatum
1807 5084 1840 5143 et
1868 5098 1942 5161 pre·

428 5185 568 5252 bendam
585 5187 615 5249 in
633 5187 774 5268 Cytensi‚
792 5188 822 5253 N
824 5187 1083 5268 cuemburgeusis
1107 5186 1252 5264 diocesis,
1271 5185 1425 5250 scultare
1441 5185 1640 5265 inPragensi
1657 5183 1801 5248 eeclesiis
1819 5202 1941 5249 necnon

430 5291 643 5373 capellaniam
666 5294 697 5357 in
722 5299 826 5358 castro
850 5293 889 5357 de
911 5292 1163 5371 Pirssenstein,·)
1187 5291 1357 5373 Prageusis
1374 5290 1519 5367 (licensis,
1537 5289 1680 5354 obtinere
1696 5293 1854 5368 noscatur,
1871 5307 1942 5352 euru

431 5396 551 5464 ceteris
574 5414 634 5459 nen
658 5398 860 5462 obstantibus
884 5404 917 5463 et
940 5396 1092 5462 clausulis
1116 5396 1281 5478 oportunis
1306 5414 1342 5458 ac
1366 5393 1596 5459 executoribus.

541 5501 613 5566 Fiat
636 5503 671 5567 R.
704 5505 747 5568 Et
770 5523 799 5583 q.
823 5509 846 5566 t.
871 5522 895 5568 s.
920 5523 947 5567 a.
971 5503 991 5567 l.
1025 5501 1098 5565 Fiat
1120 5501 1158 5566 R.
1194 5502 1231 5565 D.
1257 5499 1414 5564 asinione
1436 5496 1486 5562 Ill
1509 5497 1551 5560 id.
1573 5495 1720 5561 ianuarii
1742 5514 1771 5560 a.
1796 5497 1941 5577 septimo.

541 5657 687 5712 Clementis
706 5656 746 5710 VI
765 5657 790 5710 S.
810 5658 891 5724 Vlla
911 5659 967 5727 (16)
987 5656 1005 5710 l.
1028 5657 1094 5709 108¹.
1113 5686 1147 5695 —
1173 5656 1196 5721 ⁸)
1216 5669 1284 5708 corr.
1305 5669 1340 5707 ex
1358 5652 1564 5721 ,Pursserstein‘
1582 5651 1607 5706 S.

1088 5855 1295 5870 ῃ
