5184 7050
1975 846 2036 915 311

523 1057 669 1118 faciendis
692 1061 729 1118 de
750 1058 918 1118 huiusmodi
940 1059 987 1118 vel
1010 1060 1076 1118 aliis
1100 1058 1250 1119 beneficiis
1273 1060 1485 1121 ecclesiasticis
1506 1061 1537 1120 in
1561 1060 1620 1120 illis
1649 1061 1786 1135 partibus
1817 1062 1959 1136 speciales
1989 1062 2035 1121 vel

522 1164 678 1237 generales
711 1163 874 1239 apostolice
905 1165 984 1222 sedis
1014 1165 1059 1222 vel
1091 1165 1253 1237 legatorum
1282 1166 1347 1223 eius
1371 1208 1378 1224 .
1403 1209 1410 1224 .
1435 1209 1442 1224 .
1467 1209 1475 1225 .
1498 1171 1684 1239 preterquam
1718 1166 1898 1225 auctoritate
1931 1172 2034 1225 nostra

522 1267 689 1326 huiusmodi
721 1267 863 1327 beneficia
892 1268 1130 1342 expectantibus,
1162 1269 1271 1327 dictum
1295 1269 1512 1327 Wernhardum
1542 1269 1572 1327 in
1604 1269 1771 1328 huiusmodi
1794 1267 1929 1329 beneficii
1952 1286 2032 1329 asse·

522 1372 647 1430 cacione
676 1373 810 1430 uolumus
833 1370 986 1447 anteferri,
1010 1372 1061 1432 sed
1084 1373 1195 1431 nullum
1217 1391 1271 1447 per
1292 1372 1349 1433 hoc
1372 1373 1415 1432 eis
1438 1374 1534 1447 quoad
1556 1375 1775 1433 assecucionem
1797 1375 1923 1434 aliorum
1945 1375 2034 1435 bene·

522 1474 657 1533 doiorum
679 1475 874 1549 preiudicium
896 1477 1042 1551 generari,
1065 1483 1117 1535 ant
1139 1478 1165 1535 si
1188 1476 1412 1551 archiepiscopo
1436 1477 1606 1551 supradicto
1628 1479 1678 1537 sel·
1698 1478 1851 1551 quibusvis
1872 1479 1941 1538 aliis
1956 1495 2034 1538 com-

522 1579 649 1638 muniter
671 1581 717 1639 vel
741 1579 856 1639 divisim
878 1597 897 1639 a
920 1581 1000 1640 dicta
1022 1581 1063 1639 sit
1085 1582 1154 1640 sede
1178 1581 1334 1656 indultum,
1357 1583 1435 1655 quod
1461 1581 1499 1641 ad
1529 1581 1733 1655 recepcionem
1761 1583 1808 1641 vel
1836 1582 2034 1658 provisionem

522 1683 647 1742 ilicuius
670 1682 785 1742 minime
808 1689 966 1743 teneantur
988 1690 1018 1744 et
1040 1686 1077 1744 ad
1100 1685 1131 1743 id
1154 1685 1300 1759 compelli,
1323 1689 1375 1744 aut
1397 1684 1477 1759 quod
1498 1685 1647 1760 interdici,
1671 1685 1810 1759 suspendi
1842 1687 1888 1745 vel
1918 1702 2035 1746 excom-

522 1788 666 1848 municari
688 1806 746 1848 non
769 1790 894 1866 possint,
917 1789 1052 1864 quodque
1075 1790 1111 1850 de
1134 1789 1300 1849 huiusmodi
1322 1792 1369 1850 vel
1391 1789 1459 1849 aliis
1482 1787 1632 1849 beneficiis
1655 1784 1865 1850 ecclesiasticis
1880 1790 1918 1849 ad
1934 1807 2035 1851 eorum

522 1893 713 1952 solucionem
716 1937 809 1968 .....
822 1895 934 1953 mencio
951 1896 1099 1969 specialis,
1115 1906 1172 1953 seu
1188 1887 1272 1971 quod
1288 1887 1373 1953 idem
1385 1886 1603 1952 Wernhardus
1618 1885 1850 1968 parrochialem
1865 1887 2034 1954 ecclesiam

522 1988 551 2053 in
576 1988 765 2073 Gerispach,
790 1990 874 2056 dicte
899 1989 1157 2057 constanciensis
1180 1992 1327 2071 diocesis,
1350 1996 1385 2057 et
1406 1991 1564 2073 quoddam
1579 1990 1681 2056 altare
1696 1991 1800 2058 sancti
1814 1991 2034 2059 Bartholcmei

522 2091 591 2157 sine
615 2111 693 2158 cura
714 2093 746 2158 in
770 2093 906 2161 ecclesia
929 2095 1116 2160 Patauiensi
1138 2096 1280 2161 noscitur
1303 2096 1456 2162 obtinere.
1480 2094 1634 2161 Volumus
1664 2101 1781 2176 autem,
1804 2095 1899 2178 qnod,
1922 2115 2033 2179 quam-

522 2198 658 2280 primum
673 2198 756 2264 idem
771 2197 989 2264 Wemhardus
1004 2199 1112 2282 vigere
1127 2202 1286 2282 presentis
1301 2202 1408 2284 gracie
1424 2199 1612 2267 beneficium
1627 2206 1772 2265 curatum
1786 2198 1885 2266 fuerit
1899 2198 2033 2283 pacifice

522 2307 699 2382 assecutus,
722 2303 840 2367 dictam
862 2302 1095 2385 parrochialem
1119 2305 1294 2385 ecclesiam,
1318 2325 1413 2389 qnam
1435 2310 1472 2370 nt
1492 2303 1689 2387 premittitur
1720 2303 1851 2384 obtinet,
1874 2323 2034 2387 quamque

522 2412 638 2472 extunc
661 2426 777 2472 vacare
799 2407 1009 2488 decernimus,
1031 2408 1167 2489 omnino,
1191 2415 1286 2493 prout
1308 2410 1410 2476 eciam
1432 2410 1473 2475 ad
1497 2408 1529 2473 id
1551 2414 1664 2491 sponte
1679 2426 1715 2474 se
1731 2408 1855 2490 obtulit,
1872 2408 2033 2476 dimittere

522 2516 680 2578 teneatur.
725 2519 788 2578 Nos
810 2519 897 2593 enim,
921 2519 945 2575 si
968 2518 1102 2592 prefatus
1126 2519 1330 2579 Wernhardns
1352 2521 1476 2581 idoneus
1498 2521 1537 2579 ad
1559 2520 1615 2578 boc
1637 2524 1774 2595 repertus
1796 2518 1888 2579 fuerit
1911 2525 1944 2581 ut
1965 2537 2032 2595 pre·
2147 2607 2150 2611 .

522 2621 628 2698 femur,
660 2640 776 2683 exnunc
807 2623 989 2684 decernimus
1019 2624 1137 2682 irritum
1166 2628 1197 2682 et
1226 2625 1324 2700 inane,
1355 2626 1380 2684 si
1411 2642 1496 2684 secus
1531 2640 1619 2698 super
1642 2624 1700 2682 biis
1722 2640 1740 2682 a
1762 2640 1907 2699 quoquam
1929 2624 2033 2700 quavis

522 2728 700 2786 auctoritate
734 2728 862 2786 scienter
891 2729 937 2787 vel
968 2729 1137 2803 ignoranter
1167 2729 1326 2804 contigerit
1354 2729 1534 2804 attemptari,
1564 2745 1599 2788 ac
1629 2729 1654 2787 si
1688 2728 1735 2788 die
1758 2729 1826 2788 date
1847 2729 2033 2803 presencium

522 2831 691 2891 huiusmodi
714 2830 899 2907 beneficium,
923 2834 948 2890 si
971 2835 1049 2906 quod
1071 2838 1166 2908 vacat,
1189 2835 1235 2893 sel
1259 2851 1324 2894 cnm
1346 2839 1475 2909 vacaret,
1491 2833 1569 2907 qnod
1591 2832 1670 2892 idem
1684 2833 1888 2893 Wembardus
1911 2833 2033 2893 duceret

522 2937 742 3012 acceptandum,
765 2935 974 2997 conferendum
996 2937 1090 2997 eidem
1114 2939 1299 2998 Wernhardo
1323 2939 1479 2999 collacioni
1501 2944 1532 2997 et
1554 2938 1745 3013 disposicioni
1764 2944 1867 2998 nostre
1891 2955 1928 2998 ac
1952 2937 2032 2997 sedis

522 3042 685 3116 apostolice
716 3059 780 3100 cnm
810 3042 1040 3116 interposicione
1071 3043 1184 3103 decreti
1214 3045 1398 3103 duxissemus
1429 3045 1597 3118 specialiter
1620 3044 1839 3103 reservandum.
1883 3036 1923 3102 D.
1946 3036 2031 3119 apud

522 3140 768 3220 Villamneuam‚
791 3140 829 3206 Α.
853 3140 895 3221 d,
918 3141 952 3206 Il
975 3140 1037 3207 kal.
1062 3140 1212 3207 Octobris
1234 3162 1262 3208 a.
1286 3147 1410 3226 quarto.

627 3383 777 3438 Clementia
794 3383 832 3438 Vl
851 3384 884 3438 Α.
902 3382 969 3451 1111
988 3384 1045 3451 (83)
1064 3381 1082 3437 i.
1100 3388 1152 3437 481
1177 3399 1204 3438 u
1228 3376 1271 3451 bd,
1297 3383 1333 3438 de
1359 3383 1501 3439 beneficiis
1527 3382 1664 3438 vacaturis
1691 3398 1736 3451 qu.
1760 3387 1824 3436 2:
1836 3381 1869 3438 V.
1889 3382 1977 3439 1881.
1997 3388 2030 3437 11

522 3490 544 3528 u.
563 3476 608 3527 to.
631 3501 665 3510 -
684 3468 736 3524 Ed.
756 3469 841 3527 ODM.
861 3469 911 3525 111
930 3486 955 3526 ιι.
976 3475 1036 3539 oia,
1055 3469 1141 3525 111111.
1160 3470 1199 3525 11
1217 3471 1357 3527 omissum.

522 4137 611 4204 522.
648 4134 803 4219 Episcopo
831 4135 1031 4202 olomucensi
1055 4134 1239 4212 mandatur,
1266 4139 1423 4219 quotanus
1450 4134 1604 4217 Hlprimo
1629 4135 1760 4203 Herrrici
1785 4134 1823 4200 de
1849 4132 2031 4215 Huendlr,·)

522 4241 699 4325 presbytero
722 4240 925 4305 Potcokrmis
947 4240 1089 4315 diocesis,
1113 4240 1293 4322 beneficium
1315 4262 1385 4307 orm
1407 4239 1455 4305 eci
1476 4240 1545 4305 siae
1567 4260 1654 4320 mou,
1679 4244 1858 4305 coroadam
1889 4238 1929 4303 ab
1955 4236 2030 4303 olim

522 4344 643 4409 clericis
657 4342 872 4409 saxoluribro
887 4345 1060 4425 ossiqrsori,
1077 4345 1166 4409 coires
1182 4347 1314 4423 fractus
1339 4343 1383 4410 30
1405 4365 1488 4429 resp.
1503 4348 1547 4410 20
1568 4364 1754 4410 morcarum
1769 4343 1894 4425 arpenti
1908 4363 1934 4408 s.
1950 4345 1974 4407 t.
1989 4340 2020 4409 d.

522 4449 658 4513 culmea
691 4469 834 4514 uacuam
866 4468 929 4512 nors
961 4448 1122 4524 mont,
1155 4448 1185 4513 si
1218 4447 1301 4530 qood
1333 4447 1378 4513 od
1410 4447 1605 4514 collationem
1639 4448 1765 4514 obbatis
1800 4450 1830 4512 et
1860 4449 2026 4513 mucidus

522 4553 706 4618 monosterii
738 4552 952 4632 Medlicermie,
978 4552 1098 4616 ordinis
1128 4552 1232 4618 sancii
1260 4551 1437 4621 Benedicti.
1467 4551 1672 4618 Poiuoicrrsis
1702 4550 1844 4627 diocesis,
1867 4553 1963 4616 vacui
1985 4547 2029 4615 od

522 4678 680 4741 praesen,
703 4656 751 4722 cci
774 4677 844 4722 cum
865 4658 1037 4732 vocaverit,
1061 4656 1285 4737 conserendum
1307 4659 1451 4721 reservet.
1497 4657 1550 4731 ,D.
1581 4654 1739 4720 Asinione
1769 4654 1856 4721 Vici.
1883 4652 2028 4719 Octobris

970 4784 1001 4828 a.
1024 4766 1158 4844 quarto.‘
1192 4761 1309 4825 dbrrrra
1331 4764 1369 4824 oi
1389 4760 1425 4826 irr
1446 4781 1477 4825 rs.
1500 4762 1574 4825 521.

561 4952 623 5080 M}
1467 4950 1629 5027 Ariniorre,
1652 4952 1739 5017 1345
1765 4949 1909 5016 Octobris
1932 4950 1983 5017 11.

625 5196 775 5251 Clementis
794 5197 833 5251 11
852 5199 884 5250 Α.
903 5196 970 5264 1118
990 5200 1046 5261 (88)
1065 5195 1083 5249 1.
1102 5195 1162 5248 425·
1182 5209 1208 5247 ιι.
1226 5199 1269 5261 48,
1285 5175 1323 5247 de
1341 5191 1482 5247 beneficiis
1506 5192 1644 5248 vacaturis
1668 5208 1714 5262 qn.
1738 5198 1802 5246 2:
1816 5192 1848 5247 V.
1874 5196 1923 5246 188
1948 5192 1967 5245 1.
1985 5192 2029 5245 20'

522 5304 539 5340 ι.
561 5290 606 5339 48.
626 5315 661 5323 -
679 5282 730 5337 Ed.
750 5282 834 5337 ODM.
854 5282 905 5336 111
923 5300 948 5335 ιι.
969 5288 1029 5349 624,
1047 5281 1132 5336 RBM.
1151 5280 1189 5335 lv
1207 5280 1348 5334 omissum.
1367 5311 1399 5320 -
1427 5284 1450 5348 ⁸)
1469 5279 1509 5335 sic
1527 5281 1560 5335 Α.
