5184 7050
1865 858 1929 922 417

424 1070 591 1131 annexam,
615 1071 685 1118 cum
709 1054 831 1119 iuribus
854 1061 887 1119 ot
909 1057 1116 1136 pertinenciis
1140 1059 1206 1123 suis
1229 1078 1351 1124 necnon
1374 1079 1446 1130 cum
1463 1060 1673 1141 inbibicioois,
1691 1064 1934 1144 acceptacionis,

423 1156 576 1222 anteferri
611 1157 763 1223 clausulis
797 1158 968 1242 dignemini
1003 1159 1178 1240 providere,
1212 1180 1275 1227 non
1310 1163 1465 1241 obstante,
1500 1165 1584 1245 qnod
1618 1165 1735 1231 dictam
1766 1167 1933 1232 ecclesiam

423 1260 557 1341 obtinet,
581 1280 652 1327 cum
675 1263 746 1328 aliis
769 1282 831 1328 non
861 1263 1061 1328 obstantibus
1092 1269 1125 1329 et
1156 1264 1309 1331 clausulis
1332 1269 1497 1350 oportunis
1521 1287 1559 1332 ac
1583 1271 1815 1349 executoribus,
1840 1289 1933 1353 qnam

423 1364 594 1431 ecclesiam
617 1372 750 1449 paratus
773 1372 824 1433 est
845 1368 1015 1446 dimittere,
1039 1368 1269 1451 quamprimum
1292 1371 1391 1436 luerit
1412 1371 1592 1438 huiusmodi
1628 1373 1802 1456 dignitatis,
1826 1392 1935 1456 perso·

422 1473 520 1534 natus
543 1471 594 1535 vel
617 1471 714 1536 officii
737 1473 970 1554 possessionem
994 1471 1157 1554 pacificam
1180 1481 1358 1541 assecutus.

529 1575 602 1641 Fiat
624 1576 661 1640 R.
685 1577 796 1642 Eciam
820 1577 860 1641 de
883 1577 1036 1660 dignitate
1060 1583 1120 1643 etc.
1144 1578 1181 1642 R.
1224 1579 1267 1644 Et
1290 1599 1319 1661 q.
1344 1587 1366 1644 t.
1391 1598 1416 1645 s.
1440 1600 1468 1646 a.
1493 1581 1512 1645 l.
1547 1582 1618 1647 Fiat
1641 1583 1678 1646 R.
1713 1584 1751 1648 D.
1777 1583 1933 1648 buinione

422 1676 470 1743 XI
493 1679 556 1746 kal.
581 1682 717 1763 Augusti
740 1701 768 1746 a.
792 1683 912 1763 quinto.

529 1834 680 1890 Clementis
699 1835 736 1889 Vl
754 1835 780 1889 S.
801 1836 852 1906 Vpb
871 1841 927 1900 (11)
945 1835 963 1888 i.
980 1836 1031 1889 95'.
1045 1867 1078 1876 -
1099 1838 1119 1902 ¹)
1137 1837 1255 1892 tortasse
1275 1838 1442 1894 Chomionza
1459 1839 1487 1893 in
1507 1840 1621 1894 circuitu
1641 1840 1863 1910 Brombergensi3
1884 1841 1932 1896 sed

422 1921 493 1977 hacc
511 1921 577 1978 villa
595 1922 623 1976 in
642 1921 744 1977 diocesi
766 1923 975 1979 vladislaviensi
994 1922 1138 1991 existebat,
1157 1941 1211 1979 non
1230 1932 1322 1979 autem
1341 1926 1368 1979 in
1389 1925 1611 1981 Vratislariensi!

425 2358 517 2425 70⁰.
540 2357 686 2425 Jobanni
707 2356 850 2440 Aetnae·
868 2359 1054 2442 providetur
1070 2362 1091 2441 ¹)
1114 2361 1152 2424 de
1175 2363 1363 2426 canonicatu
1386 2360 1532 2427 eeclesiae
1557 2362 1744 2446 Opaliensis,
1777 2363 1929 2428 bretisla-

421 2463 540 2528 aminis
570 2462 713 2537 diosmis,
743 2463 801 2527 snb
830 2463 1045 2546 expectatione
1076 2464 1277 2549 praebendae
1309 2487 1346 2530 ae
1376 2466 1545 2546 dipnitate's
1579 2469 1626 2531 cet
1654 2471 1846 2550 personatos
1878 2490 1933 2532 sen

422 2567 534 2651 officii,
569 2566 666 2631 etiam
700 2567 731 2630 si
762 2568 945 2633 huiusmodi
978 2569 1120 2649 dipnitas
1152 2569 1200 2634 vd
1229 2575 1421 2652 personatus
1444 2592 1498 2635 aen
1521 2571 1663 2654 officiam
1686 2592 1795 2636 aarum
1817 2571 1933 2637 babeat

422 2674 605 2736 animatam
629 2692 796 2747 namnum,
819 2673 850 2736 si
872 2672 916 2737 od
939 2672 1135 2737 collationem
1161 2675 1298 2757 episcopi
1330 2674 1586 2766 Vratislneiensis
1608 2676 1642 2739 in
1665 2675 1773 2739 callem
1795 2675 1928 2740 ecclesia

421 2780 540 2841 sacerd
563 2775 607 2840 ad
623 2795 790 2859 praesens,
813 2775 860 2839 cet
883 2796 952 2839 enm
974 2777 1165 2856 emanabat,
1190 2797 1250 2841 nan
1273 2778 1415 2843 obstante
1437 2784 1472 2842 nt
1494 2781 1529 2843 in
1552 2779 1931 2855 transnatantes,

420 2884 467 2955 ut,
485 2883 659 2963 postquam
681 2879 785 2961 cipere
803 2879 983 2962 praesentis
1004 2880 1132 2960 pratiae
1153 2881 1334 2946 bninsmodi
1356 2883 1533 2964 dipnitatis,
1553 2887 1744 2967 personatus
1765 2882 1814 2946 oet
1829 2883 1931 2964 officii

415 2985 650 3068 possessionem
668 2984 842 3066 pacificam
858 2985 965 3064 suerit
988 2990 1160 3061 assectans,
1183 2985 1275 3049 idern
1297 2987 1482 3062 custodiam,
1506 3007 1587 3070 qnae
1608 2990 1723 3051 eatam
1745 3007 1860 3050 cacare
1880 2986 1928 3051 de·

420 3087 573 3166 cernitar,
596 3086 729 3163 omnino,
748 3091 847 3172 prout
869 3088 912 3152 ad
934 3088 968 3152 id
989 3109 1023 3152 se
1044 3093 1154 3172 sponte
1176 3089 1331 3170 obtuterit,
1348 3091 1504 3156 ‹tiniittere
1526 3095 1679 3155 teneatur.
1703 3092 1756 3165 ,D.
1773 3088 1930 3155 Antiniana

421 3194 477 3258 XI
493 3191 559 3257 kat.
583 3191 721 3274 Anpnsti
743 3213 774 3256 a.
795 3193 925 3275 quinto.⁸
947 3230 991 3239 —
1015 3193 1054 3256 In
1083 3215 1108 3257 e.
1140 3214 1180 3257 m.
1204 3194 1320 3258 decano
1352 3194 1619 3259 Vtadislanicnsis
1649 3200 1679 3257 et
1709 3195 1931 3259 archidiacono

422 3296 650 3377 Glopocienais,
672 3295 929 3361 Vratislaoiensis
945 3295 1086 3374 diocesis,
1103 3318 1142 3362 ue
1157 3296 1315 3362 sacristae
1330 3296 1552 3362 Aoinianensis
1574 3296 1785 3361 ecclesiaram.
1812 3300 1930 3362 Forma

527 3435 564 3450 -
1079 3402 1277 3467 &mad

464 3504 512 3594 ,ἱ
528 3504 578 3592 ii.

529 3677 678 3732 Clementis
696 3677 735 3730 v1
754 3679 786 3729 Α,
806 3677 856 3746 Vll
877 3680 932 3742 (86)
957 3677 1066 3746 tbsa',
1091 3678 1125 3732 dc
1153 3677 1331 3747 dignitatibus
1358 3677 1494 3732 vacaturis
1522 3694 1566 3745 qu.
1589 3658 1649 3731 set
1668 3677 1856 3731 nuicuszl'.
1880 3684 1927 3731 174

419 3764 438 3818 f.
459 3771 476 3817 3
495 3781 522 3818 ιι.
542 3770 566 3817 4.
588 3796 619 3804 -
638 3763 704 3832 Reg.
723 3764 830 3818 ZVGA.
861 3764 1019 3819 Scblesiens
1051 3765 1133 3833 XXV,
1164 3772 1223 3820 29³.
1250 3797 1281 3805 -
1303 3768 1321 3831 ¹)
1342 3765 1375 3820 de
1394 3765 1594 3834 supplicatione
1614 3764 1749 3819 lobannis
1769 3764 1802 3819 dc
1822 3765 1925 3830 Insula,

420 3852 521 3907 decani
539 3851 673 3906 eeclesiae
691 3850 921 3919 Vratislaviensis,
939 3851 984 3906 hic
1003 3853 1079 3906 nulla
1096 3852 1127 3906 iit
1145 3852 1254 3907 mentio.

1429 3486 1592 3565 Aninione,
1616 3490 1703 3554 1346
1724 3487 1810 3557 Julii
1831 3492 1883 3554 22.

424 4291 517 4357 701.
543 4289 651 4353 onom
672 4289 755 4354 dieto
777 4289 854 4354 Sena
870 4289 1056 4374 providetur
1072 4290 1094 4370 ¹)
1129 4290 1166 4353 de
1188 4287 1377 4353 somnianda
1405 4287 1554 4352 ecclesiae
1583 4287 1849 4353 Vladislaoiensis
1871 4285 1929 4351 snb

418 4394 637 4478 expectatione
663 4392 867 4477 praebendae
889 4414 928 4457 ac
950 4393 1120 4475 dipsitatis
1149 4393 1197 4457 nel
1224 4397 1417 4477 personatus
1438 4413 1494 4457 sen
1515 4392 1625 4474 officii,
1649 4393 1745 4457 etiarn
1767 4391 1797 4456 si
1819 4411 1929 4455 euram

421 4497 563 4564 tabae
585 4498 768 4562 ammonam
792 4518 960 4577 annexam,
976 4520 1039 4563 nan
1061 4498 1203 4563 obstante
1217 4502 1253 4560 nt
1267 4497 1303 4561 in
1317 4518 1402 4561 anm.
1418 4499 1493 4572 699,
1508 4496 1556 4561 ita
1572 4501 1688 4571 tumen,
1704 4500 1749 4571 nt,
1758 4500 1931 4580 postquam

418 4603 528 4685 oipore
540 4602 719 4684 praesentis
730 4603 859 4683 praticae
872 4602 1052 4668 baitesrnodi
1067 4602 1235 4684 dipnitatis
1250 4600 1297 4666 ed
1312 4605 1502 4685 personatus
1518 4622 1573 4665 seu
1586 4599 1687 4681 officii
1700 4600 1930 4683 possessionem

413 4705 593 4791 pacificam
601 4706 708 4785 fucrit
723 4706 1000 4782 necessitatium
1015 4706 1178 4771 eeclesiam
1193 4705 1231 4770 de
1248 4705 1429 4782 Cleomenen,
1444 4705 1538 4786 (siet)
1549 4704 1575 4786 9)
1591 4726 1672 4786 paee
1686 4708 1801 4767 edane
1815 4723 1930 4767 vacare

419 4809 613 4885 decemitur,
636 4811 770 4886 amana
788 4817 887 4894 preat
909 4812 953 4875 ad
967 4811 1001 4875 id
1015 4832 1049 4875 se
1063 4814 1172 4894 sponte
1186 4808 1339 4889 obtulerit,
1356 4810 1513 4873 dimittere
1527 4814 1680 4873 teneatur.
1704 4809 1757 4882 ,D.
1774 4807 1930 4871 Aninionc

419 4916 479 4980 XI
493 4913 559 4979 nal.
583 4913 721 4995 Aupsasti
743 4937 774 4979 a.
798 4917 927 4996 quinto!
949 4953 992 4961 —
1018 4917 1054 4978 ln
1084 4938 1108 4979 e.
1139 4936 1179 4979 m.
1211 4915 1329 4979 decano
1360 4912 1629 4977 Vtadislaciensis
1652 4916 1682 4976 et
1704 4911 1929 4975 archidiacono

423 5017 653 5101 (llopovicrasis,
674 5018 930 5084 Vrotislaaiensis
952 5020 1094 5094 diocesia,
1111 5040 1149 5083 aa
1162 5019 1319 5083 sacristae
1334 5017 1556 5082 Aoinionensis
1577 5016 1787 5081 ecclesiaram.
1814 5016 1929 5079 Forma

532 5163 569 5177 -
1078 5123 1276 5187 amad

467 5261 508 5317 ,Χ
536 5263 577 5315 X.

527 5381 677 5436 Clementis
697 5380 734 5433 ll
754 5383 786 5433 Α.
806 5382 858 5451 Vsa
878 5386 932 5448 (aa)
950 5380 968 5435 i.
989 5387 1039 5434 ‘216
1058 5398 1083 5434 u.
1104 5388 1128 5448 9,
1147 5379 1181 5434 de
1206 5379 1385 5448 dignitatibus
1413 5378 1549 5433 vacaturis
1569 5394 1612 5446 qu.
1635 5384 1694 5430 l:
1707 5378 1738 5430 V.
1761 5383 1810 5432 177
1828 5376 1846 5430 f.
1869 5377 1928 5430 152⁹

419 5488 445 5525 ιι.
465 5479 489 5525 9.
512 5500 540 5510 -
563 5469 721 5538 Bagistana
739 5470 821 5523 ctiam
840 5469 867 5520 in
887 5470 919 5520 Α.
939 5470 992 5534 Vsa
1012 5471 1066 5533 (90)
1085 5468 1104 5521 l.
1123 5475 1157 5522 lo
1176 5484 1200 5520 n.
1220 5473 1262 5533 ab,
1281 5467 1330 5521 sed
1350 5466 1501 5521 cancellata
1525 5482 1586 5518 cum
1615 5473 1693 5519 nota:
1732 5463 1867 5527 ,Attendc
1894 5462 1929 5518 da

419 5558 602 5627 dignitatibus
620 5556 766 5611 vacaturis.
786 5556 893 5625 Scripta
912 5565 955 5609 est
972 5557 999 5608 in
1019 5564 1152 5624 quaterno
1172 5555 1205 5608 de
1225 5554 1402 5622 dignitatibus
1421 5553 1581 5608 vacatoria‘*
1599 5583 1628 5591 -
1644 5554 1663 5617 ¹)
1679 5550 1712 5604 de
1726 5550 1928 5620 supplicatione

418 5644 557 5703 lobannis
576 5643 611 5698 de
629 5642 732 5711 Insula,
751 5641 848 5699 decani
867 5643 999 5698 ecclesiae
1019 5642 1250 5708 Vratislavicnsis,
1269 5642 1315 5695 bic
1334 5641 1409 5696 nulla
1427 5642 1457 5697 lit
1476 5640 1585 5695 mentio.
1606 5642 1626 5706 ²)
1646 5638 1694 5692 cfr.
1712 5654 1785 5692 num.
1800 5643 1849 5691 699
1864 5655 1889 5691 n.
1905 5644 1926 5691 1.

1430 5207 1592 5283 Asiniane,
1615 5209 1703 5272 1346
1724 5204 1809 5274 Jotti
1829 5209 1881 5272 22.

1074 5848 1280 5858 ———-

1790 5878 1824 5929 al
