5184 7050
1913 870 1954 941 15

546 1065 584 1131 In
608 1086 634 1130 e.
659 1087 698 1132 ιιι.
723 1068 775 1133 dd.
799 1068 830 1134 ff.
848 1120 881 1134 ..
906 1071 1015 1136 abbati
1039 1075 1224 1139 monasterii
1247 1075 1331 1139 Aule
1353 1075 1463 1158 Regis,
1492 1076 1663 1158 Pragensis
1694 1078 1841 1159 diocesis,
1865 1098 1903 1145 ac
1919 1130 1952 1147 ..

428 1169 670 1236 Aninionensis
686 1191 723 1236 ac
740 1223 772 1237 ..
797 1174 968 1257 Pragensis
992 1176 1198 1242 ecclesiarum
1215 1180 1388 1260 prepositis
1404 1198 1429 1245 s.
1447 1186 1506 1245 etc.
1525 1231 1531 1244 .
1549 1230 1556 1244 .
1575 1231 1582 1244 .
1601 1231 1607 1244 .
1626 1232 1632 1245 .
1660 1182 1696 1246 D.
1722 1189 1758 1248 ut
1781 1202 1805 1249 s.

546 1377 694 1434 Clementis
714 1377 751 1433 VI
768 1381 792 1433 Δ
811 1380 872 1449 llll
890 1384 945 1447 (⁶91
964 1380 982 1436 f.
1002 1383 1061 1435 1⁷6⁹
1081 1399 1106 1437 n.
1127 1389 1185 1449 543,
1200 1384 1234 1438 de
1247 1385 1412 1453 praebendis
1436 1384 1573 1442 vacaturis
1592 1403 1636 1455 qu.
1656 1391 1734 1441 28:
1747 1388 1778 1442 V.
1793 1395 1842 1442 153
1862 1388 1880 1444 f.
1892 1395 1952 1446 280'

431 1479 464 1515 ιι.
484 1469 546 1518 54³.
582 1463 632 1519 Ed.
650 1464 770 1520 Tbeiner
789 1467 847 1521 ΜΡ.
866 1467 879 1520 1
898 1483 923 1519 n.
943 1471 1002 1521 588.
1038 1468 1221 1537 Registratum
1248 1471 1276 1524 in
1303 1471 1404 1525 ZVGA
1423 1471 1581 1528 Scblcsiens
1606 1473 1692 1540 XXV,
1717 1479 1776 1528 aab.
1795 1504 1821 1514 —
1847 1480 1874 1540 ι)
1893 1492 1952 1531 cor·

432 1557 548 1604 rectum
566 1567 600 1604 ex
618 1551 765 1618 ‚scolarum
782 1551 989 1609 Parisiensium‘
1007 1555 1033 1609 S.
1061 1557 1084 1623 ¹¹)
1103 1556 1260 1626 suppletum
1289 1574 1374 1627 supra
1391 1558 1417 1612 S.
1438 1590 1467 1598 -
1492 1561 1510 1626 ¹)
1536 1575 1643 1614 necnon
1666 1560 1703 1615 ad
1724 1560 1953 1631 supplicationem

433 1638 601 1691 nuntiorum
619 1637 806 1695 anniversitetis
825 1639 995 1709 Parisiensis,
1014 1657 1096 1710 quam
1114 1641 1175 1697 vide
1195 1644 1222 1696 in
1241 1660 1313 1697 narn.
1334 1650 1374 1699 17.

447 2253 508 2321 19.
534 2254 668 2320 Henrico
692 2255 730 2321 de
752 2256 898 2338 Brunna,
915 2257 1053 2342 plebano
1076 2260 1110 2323 in
1133 2259 1229 2339 Nalb,
1253 2260 1433 2325 conceditur
1454 2261 1563 2327 littera
1587 2265 1819 2329 conservatoria
1842 2268 1951 2330 costra

1015 2364 1141 2428 ordines
1162 2364 1384 2431 mendicantes.

1443 2557 1605 2636 Aeinionc,
1630 2561 1716 2624 1342
1738 2561 1832 2627 June·
1852 2565 1903 2627 18.

544 2764 602 2830 Vv.
626 2764 655 2830 rl.
682 2815 689 2830 .
713 2816 720 2830 .
745 2764 985 2848 archiepiscopo
1008 2769 1252 2850 salzeburgensi
1284 2773 1349 2849 ρι’)
1374 2819 1412 2834 ..
1449 2769 1598 2850 episcopo
1632 2769 1817 2835 Patauiensi
1849 2789 1887 2834 ac
1917 2771 1946 2835 d.

437 2866 459 2932 i.
486 2921 493 2934 .
520 2919 527 2932 .
552 2870 715 2952 preposito
750 2870 885 2936 ecclesie
919 2873 1021 2936 sancti
1053 2873 1139 2937 Petri
1173 2873 1204 2936 in
1239 2873 1378 2949 Brunca,
1415 2872 1634 2938 Olomucensis
1668 2873 1814 2951 diocesis,
1838 2892 1862 2938 s.
1888 2880 1947 2940 etc.

437 2969 639 3053 Frequentes
660 2971 816 3038 hactenus
838 2974 932 3039 immo
955 2976 1156 3040 innumerose
1179 2984 1390 3055 quodammodo
1414 2984 1449 3040 de
1472 2982 1595 3041 diversis
1618 2983 1717 3041 mnudi
1744 2984 1878 3056 partibus
1901 3003 1947 3044 vv.

435 3081 467 3140 II.
492 3099 542 3140 nn.
565 3081 770 3158 episcoporum
792 3085 973 3159 aliorumque
997 3086 1183 3159 superiorum
1204 3087 1384 3160 prelatorum
1407 3104 1521 3146 necnon
1555 3087 1603 3144 dd.
1627 3087 1657 3144 ff.
1681 3090 1839 3162 rectorum,
1863 3104 1947 3146 cura·

436 3193 536 3245 torum
570 3194 600 3246 et
634 3190 864 3262 parrochialium
898 3191 1082 3250 sacerdotum
1116 3193 1234 3264 querele
1269 3196 1375 3250 contra
1409 3192 1457 3250 dd.
1480 3190 1510 3250 ff.
1533 3189 1642 3249 fratres
1671 3189 1895 3249 Prcvlicatorum
1918 3195 1948 3249 et

435 3291 587 3350 Minorum
610 3294 744 3351 ordinum
767 3295 928 3366 apostolice
952 3295 1030 3352 sedis
1053 3295 1222 3354 excitarunt
1244 3300 1434 3368 nostrumque
1458 3294 1592 3353 clamosis
1622 3294 1873 3353 insinuaciouibus
1896 3312 1947 3353 ex·

437 3395 534 3453 citare
557 3402 587 3454 et
609 3395 734 3471 fatigare
757 3415 815 3455 non
839 3405 957 3457 cessant
978 3400 1120 3474 auditum,
1144 3402 1221 3473 quod
1244 3401 1332 3458 iidem
1354 3398 1463 3458 fratres
1494 3400 1669 3458 decretalem
1700 3399 1806 3457 dudum
1840 3400 1947 3459 editam

435 3498 500 3559 ai.
525 3518 549 3560 r.
572 3499 726 3561 Bouiiacio
751 3518 827 3577 papa
849 3502 930 3579 VIII,
952 3504 1161 3576 predecessore
1192 3510 1306 3580 nostro,
1329 3523 1384 3578 que
1415 3504 1520 3577 incipit
1546 3502 1660 3577 ,Super
1690 3503 1889 3577 cathedram“‚
1911 3521 1947 3563 ac

436 3606 543 3664 deinde
567 3624 620 3680 per
642 3625 671 3680 p.
694 3625 731 3665 m.
757 3607 933 3666 Clementem
962 3625 1066 3681 papam
1092 3610 1128 3684 V,
1154 3611 1392 3683 predecessorem
1414 3614 1556 3682 nostrum,
1579 3608 1609 3666 iu
1632 3607 1790 3667 VIennensi
1821 3609 1946 3667 concilio

439 3702 649 3786 innovamini)
672 3694 781 3770 temere
804 3712 961 3770 observare
984 3731 1042 3771 non
1060 3719 1175 3788 curant,
1191 3716 1242 3772 sed
1257 3715 1350 3787 ipsam
1367 3711 1531 3787 transgredi
1546 3730 1604 3771 nou
1618 3717 1758 3771 verentur
1773 3714 1803 3771 in
1818 3712 1948 3771 eiusdem

439 3816 520 3874 sedis
544 3822 751 3890 contemptum,
773 3817 934 3875 animarum
957 3834 1075 3875 suarum
1098 3818 1260 3891 periculum
1282 3823 1313 3876 et
1335 3817 1493 3877 eorundem
1528 3817 1771 3890 conquereucium
1801 3822 1831 3876 et
1853 3816 1946 3875 eccle·

437 3920 549 3977 siarum
571 3921 801 3993 parrochialium
834 3921 1027 3994 preiudicium
1058 3927 1088 3980 et
1117 3939 1282 3996 gravamen.
1305 3922 1507 3980 Intelleximus
1530 3938 1654 3996 quoque,
1677 3921 1754 3994 quod
1775 3921 1947 3996 plerumque

440 4022 568 4097 prefatis
602 4024 747 4083 dictorum
780 4025 1003 4085 Prodicatorum
1036 4032 1066 4083 et
1098 4026 1246 4085 Minorem
1280 4044 1393 4085 necnon
1422 4026 1640 4084 Heremitarum
1673 4026 1766 4084 sancti
1789 4025 1948 4100 Augustini

436 4133 467 4186 et
501 4128 726 4188 Carmelitarum
759 4130 893 4187 ordinum
927 4128 1080 4205 iratribus,
1115 4131 1144 4187 in
1181 4131 1264 4190 cuius
1298 4131 1410 4189 ordinis
1445 4130 1589 4189 dictorum
1624 4129 1843 4188 Heremitarum
1875 4147 1943 4202 per·

437 4231 519 4290 souis
553 4232 630 4290 idern
664 4233 855 4305 predecessor
889 4231 1060 4292 Bouiiacius
1084 4235 1326 4293 constitucionem
1348 4234 1521 4308 predictam,
1543 4234 1574 4291 in
1597 4250 1655 4306 qua
1677 4238 1790 4291 tantum
1813 4234 1849 4292 de
1871 4234 1946 4307 ipsIs

437 4335 662 4395 Prcdicatornm
685 4341 715 4394 et
737 4336 886 4396 Minorum
910 4343 1030 4396 cavetur
1052 4339 1215 4413 ordinibus,
1237 4355 1291 4411 per
1314 4338 1411 4396 omnia
1433 4338 1526 4396 voluit
1547 4338 1732 4412 postmodnm
1762 4336 1947 4410 integraliter

439 4446 469 4499 et
493 4442 670 4499 inconcusse
694 4442 815 4514 servari,
831 4445 862 4498 ct
877 4441 914 4499 ad
929 4459 1013 4514 quem
1037 4442 1181 4501 dictorum
1196 4442 1418 4501 Canuelitarum
1433 4439 1557 4500 fratrum
1572 4441 1704 4500 ordinem
1718 4438 1740 4499 f.
1757 4458 1782 4500 r.
1796 4441 1948 4501 Iohannes

440 4561 517 4619 popa
533 4544 633 4620 XXII,
648 4546 841 4618 predecessor
856 4551 967 4620 noster,
984 4546 1196 4619 subsequenter
1219 4546 1462 4605 constitucionem
1484 4547 1605 4604 eandem
1628 4545 1723 4617 quoad
1747 4545 1843 4603 emnia
1865 4545 1895 4602 in
1914 4561 1949 4603 ea

438 4655 578 4708 contenta
601 4650 743 4723 extendit,
759 4666 777 4707 a
792 4647 916 4721 prefatis
939 4651 1097 4723 episcopis,
1120 4651 1252 4724 prelatis,
1275 4650 1452 4725 rectoribus,
1471 4651 1593 4723 curatis,
1617 4648 1819 4708 sacerdotibus
1843 4653 1947 4706 contra

437 4759 571 4812 tenorem
604 4753 827 4812 constitucionis
862 4754 993 4827 predicte
1024 4772 1127 4828 graves
1149 4755 1256 4812 iniurie
1279 4760 1367 4827 atque
1390 4754 1522 4812 molestie
1545 4755 1575 4811 in
1599 4753 1723 4811 diversis
1745 4752 1878 4826 partibus
1901 4753 1946 4810 iu-

435 4856 583 4916 fernntur.
630 4850 742 4931 Nuper
775 4852 877 4915 eciam
910 4870 967 4932 pro
1002 4857 1094 4931 parte
1125 4851 1153 4915 d.
1178 4851 1199 4916 i.
1223 4852 1354 4917 Henrici
1378 4852 1417 4915 de
1440 4852 1580 4928 Brumae,
1604 4850 1732 4932 plebani
1756 4850 1891 4914 ecclesie
1913 4850 1946 4914 in

434 4954 562 5036 Neliep,
587 4954 790 5019 Patauieusis
813 4955 960 5045 diocesis,
985 4956 1075 5019 nobis
1099 4956 1204 5020 extitit
1227 4957 1417 5033 intimatum,
1441 4962 1518 5035 quod
1542 4961 1613 5019 dieti
1634 4960 1791 5019 eorundem
1806 4960 1946 5018 Predica-

434 5072 545 5140 torum,
567 5065 726 5140 Minorum,
749 5065 966 5125 Heremitarum
990 5072 1020 5123 et
1043 5067 1265 5126 Carmelitarum
1288 5067 1423 5125 ordinum
1445 5063 1554 5123 fratres
1578 5070 1680 5123 contra
1699 5068 1829 5122 tenorem
1846 5064 1946 5121 ‹lecre-

433 5171 508 5228 talis
533 5171 664 5228 ciusdem
687 5172 779 5228 multa
802 5170 895 5227 eidem
918 5171 1087 5244 gravamina
1118 5176 1148 5227 ct
1182 5171 1305 5228 iniurias
1338 5168 1470 5228 inferunt
1502 5175 1532 5226 et
1565 5170 1705 5227 iacturas.
1750 5168 1825 5241 Quia
1858 5167 1948 5241 igitur

433 5292 540 5347 parurn
574 5280 652 5332 esset
683 5276 748 5332 iura
771 5276 908 5348 condere,
930 5275 997 5347 nisi,
1020 5275 1068 5346 qui
1092 5275 1191 5331 eadem
1215 5279 1343 5347 tueatur,
1367 5274 1485 5346 existat,
1508 5291 1562 5331 nos
1584 5274 1715 5331 volentes
1742 5290 1770 5344 p.
1793 5289 1831 5329 m.
1853 5271 1947 5329 Bene·

433 5379 507 5437 dicti
531 5396 605 5452 pape
630 5379 697 5452 XII,
721 5379 871 5436 inmediati
894 5379 1113 5452 predecessoris
1137 5378 1242 5452 nostri,
1266 5378 1315 5450 qui
1340 5379 1375 5435 de
1397 5375 1521 5435 fratrum
1545 5394 1664 5435 sucrum
1699 5375 1822 5434 consilio
1847 5374 1946 5432 decre-

433 5484 522 5541 talem
545 5483 708 5555 predictam
736 5482 849 5556 ,S'upcr
880 5482 1065 5541 cathedram“
1092 5483 1187 5540 voluit
1219 5482 1405 5555 integraliter
1439 5481 1600 5555 observari,
1634 5480 1767 5554 vestIgiis
1801 5477 1947 5552 inherere,

435 5586 613 5646 discrecioni
648 5592 746 5644 vestre
779 5604 833 5659 per
866 5587 1029 5659 apostolica
1064 5586 1175 5659 scripta
1206 5585 1384 5657 mandamus,
1408 5590 1550 5657 quatenus
1573 5601 1625 5641 vos
1648 5583 1693 5640 vel
1717 5582 1773 5640 duo
1798 5587 1849 5639 aut
1872 5598 1946 5638 unua

435 5697 563 5749 vestrum
586 5708 640 5763 per
662 5708 715 5748 vos
737 5691 782 5748 vel
805 5690 893 5747 alium
917 5709 968 5747 seu
992 5691 1076 5763 alios,
1101 5691 1192 5747 eciam
1216 5691 1239 5746 si
1264 5692 1325 5747 siut
1346 5695 1431 5746 extra
1454 5689 1528 5761 loca,
1550 5688 1579 5744 in
1603 5686 1708 5759 quibus
1725 5686 1857 5759 deputati
1874 5686 1945 5742 estis

436 5799 661 5866 conservatores
684 5797 714 5850 et
736 5793 859 5867 iudices,
883 5799 940 5851 tam
964 5793 1057 5851 eidem
1080 5794 1205 5865 plebano
1225 5793 1365 5870 adversus
1381 5790 1489 5867 fratres
1506 5790 1655 5877 predictos
1672 5806 1757 5862 quam
1773 5806 1788 5847 e
1805 5804 1945 5852 converso
