5184 7050
1887 838 1951 916 693

431 1058 567 1139 paterna
582 1053 794 1136 commoverit,
808 1053 1030 1122 amaricaverit
1041 1054 1189 1138 animum,
1202 1056 1339 1124 turbarit
1350 1064 1384 1123 et
1398 1064 1551 1123 mentem:
1571 1054 1768 1141 subsequens
1780 1065 1888 1125 tamen
1907 1059 1947 1124 de

432 1161 693 1227 convalescencia
714 1166 878 1244 resumpta
899 1161 1129 1245 fidedignorum
1152 1161 1289 1244 plurium
1312 1163 1431 1228 relacio
1445 1161 1572 1244 placida
1587 1167 1619 1227 et
1634 1170 1818 1246 conceptam
1833 1164 1941 1230 dulco-

432 1265 519 1330 ravit
542 1265 787 1331 amaritudinem
810 1272 844 1331 et
867 1265 1007 1332 dolorem
1029 1265 1204 1349 quemlibet
1226 1265 1417 1349 profugavit.
1442 1267 1524 1332 Eum
1547 1266 1653 1349 igitur,
1678 1269 1733 1350 qui
1760 1268 1872 1335 salutis
1896 1273 1946 1334 est

433 1373 556 1450 auctor,
592 1371 706 1435 devote
738 1388 886 1453 rogamus
920 1375 967 1451 et⁸
987 1371 1134 1452 petimus,
1169 1375 1204 1435 ut
1237 1372 1307 1454 ipse
1336 1370 1395 1436 tibi
1426 1374 1461 1436 et
1482 1377 1644 1454 resumpta
1667 1373 1780 1438 salutis
1803 1373 1946 1456 auspicia

434 1492 562 1556 semper
584 1474 742 1557 adaugeat
772 1477 806 1540 et
835 1473 959 1539 dierum
988 1473 1217 1556 longitudinem
1239 1493 1311 1539 cum
1334 1475 1484 1540 continua
1506 1477 1720 1558 prosperitate
1742 1495 1946 1543 successuum

435 1577 573 1660 benigne
596 1578 750 1643 concedat
785 1579 895 1661 sicque
925 1577 1128 1660 processibus
1150 1578 1215 1644 tuis
1238 1579 1448 1662 omnipotenti
1471 1579 1589 1645 virtute
1612 1597 1670 1644 sua
1692 1581 1810 1664 iugiter
1832 1582 1948 1661 faveat,

434 1681 522 1763 quod
543 1681 716 1747 rebellibus
750 1685 783 1747 et
816 1681 975 1747 indevotis
1009 1681 1154 1760 ecclesie,
1188 1683 1301 1748 matris
1331 1689 1395 1761 tue,
1426 1688 1522 1766 atque
1545 1684 1679 1767 imperii,
1702 1686 1793 1751 cuius
1816 1685 1944 1769 fastigio

435 1785 605 1868 premines,
644 1787 703 1852 sub
740 1787 832 1869 virga
869 1787 1016 1869 potencie
1052 1790 1107 1850 tue
1141 1786 1316 1851 humiliatis
1353 1792 1386 1852 et
1423 1787 1549 1853 domitis
1589 1788 1725 1856 ecclesie
1757 1808 1794 1855 ac
1824 1791 1947 1873 imperii

437 1892 508 1956 iura
531 1891 590 1956 deo
613 1893 743 1974 auspice
765 1896 862 1974 teque
885 1896 1090 1975 promovente
1112 1897 1334 1957 restaurentur
1357 1893 1497 1974 ipsorum
1519 1897 1619 1974 tuque
1651 1893 1682 1957 in
1715 1895 1803 1976 regio
1837 1894 1946 1959 mundi
2032 1925 2034 1928 ⁴

435 1994 532 2060 huius
547 1996 707 2061 attollaris
728 1995 822 2061 claris
846 1996 929 2062 lame
951 1996 1111 2079 preconiis
1132 2001 1166 2061 et
1188 1996 1221 2061 in
1243 1995 1351 2062 loturo
1372 2016 1443 2062 cum
1458 1996 1579 2061 sanctis
1594 2001 1628 2061 et
1643 1997 1754 2063 electis
1769 1999 1821 2063 dei
1838 2005 1948 2065 eterne

436 2100 647 2165 beatitudinis
669 2101 771 2184 gloria
795 2101 963 2166 coroneris.
999 2100 1156 2165 Miranter
1179 2101 1370 2183 accepimus,
1394 2102 1478 2184 quod
1501 2101 1630 2183 quidam
1653 2102 1713 2166 viri
1736 2102 1850 2186 lingosi
1873 2124 1901 2168 v.
1926 2103 1947 2168 l.

437 2222 469 2267 n.
494 2203 680 2284 iohannem,
705 2205 889 2288 episcopum
912 2205 1128 2287 spoletanum,
1152 2206 1241 2291 quod>
1258 2203 1317 2270 tibi
1340 2206 1425 2288 apud
1447 2224 1505 2271 nos
1529 2205 1721 2285 detraxerat,
1737 2206 1948 2291 magnitudini

435 2315 494 2373 tue
516 2309 713 2375 mendaciter
734 2309 927 2389 detulerunt,
951 2310 1099 2391 quodque
1120 2314 1157 2375 tu
1179 2314 1351 2393 propterea
1374 2314 1484 2375 contra
1505 2328 1578 2375 eum
1601 2329 1764 2377 rancorem
1787 2316 1820 2376 et
1842 2310 1949 2377 odium

438 2414 626 2496 concepisti.
672 2412 752 2478 (lum
785 2418 902 2492 autem,
936 2413 982 2478 lili
1016 2414 1190 2492 carissime,
1222 2414 1324 2498 ipsius
1346 2414 1490 2498 episcopi
1513 2415 1638 2481 sincera
1659 2415 1791 2482 devocio
1814 2420 1847 2480 ct
1869 2434 1950 2498 pura

437 2515 519 2583 fides
549 2537 626 2601 erga
655 2524 689 2584 te
723 2536 760 2583 ac
791 2524 864 2583 tuos
887 2519 1089 2602 experientia
1111 2519 1211 2584 multa
1233 2520 1369 2600 probata
1392 2538 1650 2602 quorumcunque
1673 2519 1871 2586 mendacium
1893 2518 1950 2603 fig·

438 2627 548 2686 menta
583 2621 748 2688 confutent
781 2628 814 2687 et
847 2627 957 2688 tenere
991 2622 1120 2688 indubie
1150 2623 1277 2702 debeas,
1306 2623 1390 2705 quod
1412 2641 1469 2688 nos
1492 2623 1736 2690 detrabentibus
1757 2625 1816 2690 tibi
1839 2642 1948 2689 aurem

437 2727 573 2808 prebere
609 2727 703 2792 facile
737 2746 800 2793 non
834 2745 1016 2810 possemus:
1050 2729 1199 2811 precibus
1222 2728 1340 2793 nostris
1363 2728 1526 2804 adicimus,
1549 2734 1585 2793 ut
1609 2728 1744 2793 eundem
1766 2729 1949 2812 episcopum

438 2830 523 2895 inter
545 2829 657 2897 fideles
679 2837 713 2897 et
735 2832 870 2898 devotos
893 2833 1065 2898 servitores
1088 2838 1159 2897 tuos
1182 2851 1371 2898 annumeres
1394 2838 1427 2899 et
1450 2851 1522 2897 eurn
1545 2833 1765 2914 indignatione
1792 2832 1947 2916 deposita,

437 2935 467 2999 si
490 2954 586 3017 quarn
609 2936 783 3018 concepisti
806 2936 939 3002 forsitan
962 2939 1071 3002 contra
1094 2937 1207 3019 ipsum,
1219 2938 1327 3020 gracie
1349 2942 1406 3002 tue
1427 2937 1589 3004 favoribus
1612 2938 1714 3003 solitis
1733 2937 1947 3020 prosequaris.

438 3040 481 3104 D.
507 3039 663 3105 duinioue
687 3041 753 3106 llIl
776 3041 818 3107 id.
841 3040 1031 3108 Novembris
1055 3059 1083 3105 a.
1106 3060 1199 3107 nono.

544 3163 694 3231 Clementis
712 3177 750 3231 Vl
768 3175 799 3231 V.
821 3183 869 3231 144
887 3180 967 3245 (secr.
983 3193 1008 3232 a.
1022 3177 1072 3245 lx)
1091 3176 1310 3248 l.152'.-Reg.
1325 3177 1491 3249 Wernnslry,
1511 3179 1652 3249 Excerpta
1664 3196 1689 3234 ιι.
1704 3179 1762 3234 aba.
1782 3178 1878 3234 liuber
1897 3183 1944 3234 781

438 3279 468 3318 ιι.
487 3269 546 3318 234.
565 3295 598 3304 -
613 3265 636 3331 Ι)
656 3265 715 3333 ‚tui‘
733 3265 766 3320 V.

439 3616 564 3684 1314.
578 3613 730 3683 Jolaudis
745 3614 783 3680 de
797 3614 974 3692 Floudria,
990 3615 1154 3681 commissa
1168 3614 1205 3681 dc
1220 3616 1427 3698 Barroducis,
1442 3616 1613 3703 empiliaci,
1628 3621 1781 3701 quatenus
1797 3616 1949 3696 Jolvauai,

441 3719 573 3786 (blaudi
594 3719 633 3785 cic
653 3719 760 3785 samo
783 3720 821 3785 dc
843 3719 966 3785 Saucia
988 3720 1197 3801 Mouabulda
1213 3722 1376 3787 carissimi
1397 3726 1428 3788 et
1445 3721 1672 3806 specialissimi
1689 3720 1867 3808 mimiliarii
1888 3721 1949 3796 sui,

429 3823 516 3908 filio,
542 3823 653 3889 clerico
677 3823 944 3890 Catbalauncusis
966 3823 1108 3902 diocesis,
1132 3825 1183 3888 cui
1205 3825 1250 3889 ad
1274 3824 1537 3909 supplicationem
1558 3826 1726 3907 Jobanuis,
1750 3825 1778 3892 b.
1801 3847 1843 3890 m.
1865 3824 1950 3907 regis

443 3927 629 4007 Belmina,
663 3928 702 3993 de
738 3930 928 3994 canonicatu
960 3927 1110 3994 sedeciae
1145 3928 1413 3995 Catbalauuensis
1440 3930 1606 4013 prouisum
1635 3934 1690 4006 eat,
1716 3950 1798 4013 quae
1827 3929 1954 4013 quidem

436 4033 550 4114 qratia
572 4053 664 4097 auum
688 4053 886 4115 nequaquam
903 4033 1011 4116 potuit
1032 4053 1087 4098 uec
1105 4036 1210 4116 potest
1232 4035 1378 4116 consequi
1398 4032 1553 4121 effectum,
1569 4035 1608 4100 de
1624 4034 1736 4119 prima
1753 4033 1949 4118 praebenda,

437 4157 539 4219 quam
561 4136 597 4202 iu
619 4138 728 4202 cadmo
750 4136 884 4202 ecclesia
904 4158 1021 4203 cacare
1042 4137 1217 4219 contigerit,
1235 4160 1299 4221 per
1319 4142 1496 4204 executores
1518 4139 1554 4202 iu
1571 4138 1631 4203 uta
1650 4138 1761 4220 pratia
1784 4138 1951 4222 deputatos

519 4241 683 4326 prouideri
700 4242 814 4326 possit.
838 4244 925 4323 ,mat
948 4246 986 4309 R.
1004 4293 1011 4306 .
1107 4243 1149 4308 D.
1172 4241 1329 4310 Auinioue
1351 4244 1404 4309 XI
1421 4242 1485 4308 lcal.
1509 4242 1691 4308 Decembris
1714 4264 1745 4308 a.
1769 4253 1868 4307 uoco!

1349 4380 1512 4463 Aoiuioue,
1536 4385 1623 4449 1350
1645 4380 1832 4449 Nouembris
1853 4383 1906 4447 21.

549 4466 699 4523 Clementis
717 4466 800 4522 VIS.
819 4466 886 4538 Illll
908 4469 963 4536 (ἳο)
982 4466 1188 4537 perstiterat.
1209 4474 1249 4522 19.

1093 4677 1296 4689 —a———

439 4852 562 4919 1315.
588 4850 743 4915 illicolaus
764 4848 819 4937 [de
841 4848 1020 4938 Bobcmias,
1038 4851 1233 4934 patriarcba
1254 4849 1484 4934 Aquileqeusis,
1507 4851 1678 4936 supplicat,
1701 4856 1857 4936 quatenus
1875 4871 1950 4917 nou

782 4954 882 5020 nullis
899 4956 1045 5039 personis
1065 4957 1194 5036 proiice
1216 4956 1372 5038 quaedam
1394 4956 1612 5023 concederetur.

1352 5096 1514 5177 Acinioue,
1540 5098 1624 5163 1350
1648 5096 1832 5163 Novembris
1853 5100 1906 5165 23.

547 5233 714 5318 Supplicat
736 5234 767 5302 S.
791 5234 828 5299 V.
852 5233 968 5299 devota
999 5240 1032 5299 et
1062 5235 1191 5304 humilis
1225 5240 1371 5301 creatura
1404 5242 1511 5302 vestra
1543 5236 1734 5321 Nlicolaus]‚
1768 5238 1951 5320 patriarcha

441 5340 670 5424 Aquilegensis
698 5387 1950 5410 ...............................................

550 5552 631 5617 ltem
666 5550 834 5633 supplicat,
868 5555 1024 5631 quatenus
1057 5552 1166 5616 abbati
1199 5552 1383 5617 monasterii
1418 5556 1528 5616 sancte
1563 5549 1664 5617 blarie
1689 5552 1720 5616 iu
1743 5551 1951 5635 Lucelburgo,

440 5656 568 5723 ordinis
589 5657 691 5720 sancti
714 5655 891 5733 Benedicti,
914 5656 1122 5721 Treuerensis
1145 5656 1291 5734 diocesis,
1316 5656 1347 5720 in
1370 5673 1432 5736 quo
1455 5657 1647 5720 monasterio
1664 5674 1779 5739 corpus
1794 5656 1951 5738 quondam

441 5761 555 5828 inclite
579 5761 728 5825 memorie
751 5761 867 5826 domini
883 5759 1049 5839 lobannis,
1066 5760 1150 5843 regis
1171 5762 1312 5838 Boernie,
1335 5760 1517 5841 requiescit,
1535 5765 1571 5825 ut
1586 5761 1670 5825 idem
1693 5762 1800 5841 abbas,
1825 5762 1880 5843 qui
1902 5766 1953 5827 est
