5184 7050
667 860 733 929 ’.408

668 1067 761 1136 688.
785 1065 919 1131 Nicolao
943 1065 1096 1131 Lacaenis
1118 1064 1156 1129 de
1178 1067 1325 1139 limana,
1356 1064 1507 1129 canonico
1538 1064 1709 1145 l'ropensi,
1731 1063 1917 1147 providetur
1939 1062 1985 1127 dc·
1996 1062 2175 1147 pracbemus

896 1230 898 1234 ,
1003 1170 1036 1232 in
1057 1169 1166 1233 eadem
1188 1169 1321 1234 ecclesia
1341 1173 1484 1235 ιιιοιιιιιι.
1514 1170 1629 1244 Forma
1652 1168 1745 1233 utin
1766 1190 1797 1233 a.
1819 1170 1851 1232 4.

671 1255 757 1504 ὲ
780 1290 822 1503 ὲ
884 1333 912 1443 s
1053 1320 1055 1324 ⁵
1383 1333 1448 1441 ,’
1646 1332 1844 1445 'Avenae
1865 1370 1953 1441 raas
1975 1332 2063 1436 ιιι·
2084 1322 2140 1439 ra.¹

689 1650 692 1655 .
774 1593 813 1657 D.
836 1592 857 1657 f.
882 1591 1013 1657 Nicolao
1047 1591 1223 1656 liuczeonis
1253 1591 1295 1656 cle.
1324 1592 1462 1668 Brunna,
1494 1589 1642 1656 canonico
1677 1587 1838 1670 Pragensi,
1873 1606 1898 1651 s.
1930 1591 1992 1653 etc.
2032 1587 2108 1653 Vite
2139 1605 2172 1651 ac

669 1715 790 1762 morum
812 1695 964 1760 honestas
987 1747 994 1760 .
1020 1747 1027 1760 .
1052 1748 1059 1761 .
1085 1747 1091 1760 .
1116 1697 1243 1760 bullum
1270 1695 1427 1777 siquidem
1454 1694 1654 1759 intendentes
1681 1692 1721 1756 de
1744 1690 1906 1757 beneficiis
1936 1690 2172 1768 ecclesiasticis,

669 1820 731 1883 que
754 1800 912 1883 quondam
934 1801 1071 1865 Thobias
1094 1802 1134 1865 de
1157 1801 1362 1882 Vstupenicz,
1384 1800 1553 1864 canonicus
1577 1797 1791 1879 prebendatus
1821 1802 1855 1861 et
1877 1796 2019 1862 decanus
2043 1796 2173 1861 ecclesie

669 1905 847 1988 ProgensiS,
871 1910 946 1969 tunc
968 1905 1121 1987 temporis
1145 1905 1317 1981 obtinebat,
1338 1923 1407 1968 cum
1432 1904 1485 1968 illa
1508 1903 1733 1986 quovismodo
1757 1921 1870 1967 vacare
1894 1902 2104 1984 contingeret,
2121 1920 2174 1983 per

669 2009 843 2092 apostolice
866 2011 952 2074 sedis
976 2009 1209 2091 providenciam
1232 2008 1382 2084 ordinari,
1412 2007 1567 2072 beneficia
1598 2009 1676 2089 ipsa,
1708 2007 1782 2072 dum
1805 2008 1908 2072 adhuc
1930 2007 2018 2072 idem
2039 2007 2174 2074 Thebias

670 2120 780 2196 ageret
802 2115 832 2179 in
856 2115 1011 2193 humanis,
1036 2113 1186 2178 videlieet
1208 2114 1258 2179 ΙΙΙ
1288 2131 1388 2177 nonas
1412 2113 1498 2190 Maii,
1522 2111 1723 2195 pontificatus
1746 2113 1847 2177 nostri
1878 2131 1960 2177 anno
1991 2112 2175 2190 secundo,¹l

669 2218 835 2283 collacioni
859 2224 891 2283 et
914 2219 1118 2300 disposicioni
1141 2224 1248 2282 nostre
1279 2236 1318 2281 ea
1349 2218 1418 2282 vice
1450 2216 1595 2281 duximus
1625 2217 1807 2300 specialiter
1836 2216 2040 2295 reservanda,
2072 2217 2175 2281 decer·

669 2328 782 2388 nentes
806 2329 920 2388 extunc
944 2323 1067 2387 initum
1091 2329 1124 2387 et
1147 2324 1250 2400 inane,
1274 2323 1301 2385 si
1324 2340 1417 2386 secus
1441 2340 1536 2404 super
1558 2321 1619 2386 lriis
1636 2343 1654 2387 a
1670 2341 1827 2405 quoquam
1850 2322 1963 2404 quavis
1987 2323 2176 2387 auctoritate

669 2428 808 2492 scienter
829 2428 904 2491 v'el
896 2432 1040 2509 ignorant
1042 2448 1077 2492 er
1093 2448 1150 2492 con
1151 2428 1325 2510 itngertae
1326 2427 1499 2509 ettntrpari.
1523 2426 1727 2492 Postmodum
1750 2446 1834 2504 v,ero
1860 2426 2011 2491 videlicet
2034 2426 2175 2492 kalendis

671 2530 829 2614 Octobris,
853 2532 1017 2613 pontificat
1019 2551 1055 2601 us
1078 2536 1149 2597 nost
1151 2531 1178 2594 ri
1201 2550 1283 2596 anno
1307 2530 1405 2600 tercio
1408 2532 1478 2617 ,2)
1470 2550 1508 2595 ex
1532 2532 1627 2621 certis
1646 2533 1754 2596 causis
1765 2531 1921 2618 voluimus
1938 2538 1971 2595 et
1987 2532 2175 2605 auctoritate

671 2617 847 2731 apostolica
869 2655 927 2718 per
949 2643 1073 2701 nostras
1097 2641 1164 2700 cert
1166 2656 1177 2700 1
1195 2635 1369 2700 tenoris
1331 2635 1383 2699 litt
1370 2639 1455 2699 teras
1472 2607 1619 2699 duximus
1641 2610 1875 2729 decemeudum
1895 2636 1979 2700 inter
1993 2635 2070 2716 alia,
2086 2608 2175 2717 quod,

673 2725 926 2835 quibuscunque
944 2720 1218 2806 reservacionibus
1252 2724 1445 2821 specialibus
1476 2739 1515 2803 de
1547 2725 1643 2803 certis
1673 2718 1909 2805 canonicatibus
1945 2746 1978 2804 et
2010 2739 2176 2834 prebendis

669 2826 876 2936 singularium
906 2849 940 2912 et
970 2864 1023 2917 cer
1024 2852 1073 2910 ιι
1076 2864 1126 2908 um
1160 2862 1368 2928 personarum
1406 2843 1438 2907 in
1470 2848 1520 2909 cat
1506 2842 1703 2936 thedralibus
1737 2843 1787 2917 vcl
1821 2826 2000 2927 collegiatis
2037 2825 2176 2939 ecclesiis

669 2947 956 3031 quibuscunque,t
958 2970 1017 3014 unc
1040 2969 1108 3033 per
1119 2968 1177 3022 nos
1193 2949 1266 3041 fact
1243 2956 1285 3014 trs
1301 2948 1358 3013 et
1349 2952 1437 3013 ruant
1438 2967 1476 3012 ea
1491 2948 1655 3041 iaciendis,
1671 2967 1869 3031 nequaquam
1885 2946 2101 3027 obstantibus,
2124 2968 2173 3012 ex·

671 3058 838 3135 pectantes
862 3072 919 3135 per
941 3060 1014 3119 nost
1014 3073 1066 3118 ras
1089 3037 1142 3118 litt
1113 3059 1213 3118 tteras
1235 3052 1447 3135 prebendas
1439 3072 1470 3116 ιιι
1494 3051 1639 3117 ecclesiis
1658 3053 1859 3134 supradictis,
1876 3059 2047 3134 presentes
2062 3054 2176 3136 pariter

670 3164 702 3223 et
717 3157 979 3240 intrari,..proiudc
1002 3158 1179 3241 prebendas
1204 3159 1290 3240 ipsas
1314 3157 1469 3240 usquead
1487 3163 1608 3222 certum
1630 3163 1756 3239 tempus
1772 3156 1909 3223 nondum
1929 3155 2057 3223 finitum
2080 3159 2173 3223 libere

669 3268 837 3344 acceptare
861 3264 984 3345 sibique
1007 3263 1141 3343 deipsis
1165 3263 1269 3328 lacere
1292 3262 1454 3344 provideri
1476 3261 1630 3340 valerent,
1652 3281 1689 3326 ac
1712 3262 1739 3325 si
1762 3261 1904 3343 predicte
1927 3258 2173 3339 reservacioues,

671 3386 728 3449 per
749 3371 807 3431 nos
831 3364 865 3432 ut
889 3368 1083 3448 prennittitur
1104 3367 1188 3433 facte
1212 3386 1269 3432 seu
1291 3367 1397 3431 medio
1419 3372 1561 3449 tempore
1583 3366 1737 3445 faciende,
1753 3367 1994 3449 acceptacioues
2019 3372 2054 3432 et
2075 3367 2172 3449 provi·

671 3470 777 3537 mones
800 3471 979 3537 huiusmodi
1002 3473 1131 3537 minime
1147 3471 1389 3555 precessissent,
1406 3491 1442 3537 ac
1465 3471 1697 3553 subsequenter
1716 3474 1777 3554 'per
1799 3470 1881 3536 alias
1903 3477 2033 3538 nostras
2056 3471 2173 3537 litteras

672 3569 902 3641 declaravinm's
924 3576 1118 3641 voluntatem
1135 3583 1167 3640 et
1182 3578 1346 3641 decretum
1368 3582 1476 3641 nostra
1500 3576 1642 3657 predicta
1659 3575 1699 3640 ad
1716 3576 1920 3642 cervanicatus
1940 3583 1973 3641 et
1988 3577 2171 3660 prebendas,

670 3699 749 3762 quos
771 3687 846 3745 tnnc
869 3681 1023 3746 babentes
1045 3681 1096 3745 vel
1120 3687 1236 3746 extunc
1257 3681 1399 3745 habituri
1423 3680 1593 3763 dignitates
1617 3679 1666 3743 vel
1689 3685 1878 3762 personatus
1900 3699 1958 3745 seu
1982 3680 2100 3762 cilicia,
2121 3700 2172 3765 per

669 3803 726 3849 nos
748 3789 824 3850 tunc
847 3786 1000 3867 temporis
1023 3792 1204 3850 reservatas
1227 3786 1277 3850 vel
1301 3789 1479 3850 reservatos
1510 3804 1566 3850 seu
1598 3790 1762 3849 reservata
1791 3784 1976 3868 specialiter
2005 3786 2057 3851 vel
2082 3787 2170 3869 impe

669 3895 788 3954 starum
811 3891 1021 3955 reservandas
1045 3895 1099 3954 aut
1122 3890 1331 3954 reservandos
1361 3908 1418 3953 seu
1452 3890 1653 3968 reservanda,
1684 3886 1879 3966 obtinebant,
1903 3890 2037 3956 inantea
2059 3891 2091 3956 in
2115 3890 2169 3955 illis

669 3993 856 4071 eeclesiis'
849 4014 879 4058 m
903 3994 1018 4075 quibus
1049 3994 1265 4059 consistebant
1295 3994 1345 4057 ιιι
1377 3994 1586 4058 consisterent
1616 3993 1786 4075 dignitates
1816 3994 1867 4059 vel
1897 4001 2091 4076 personatus
2118 4013 2169 4060 seu

669 4097 774 4189 officia
797 4098 986 4188 huiusmodi,
1011 4099 1110 4162 eciam
1134 4099 1173 4177 si
1184 4099 1261 4163 dicti
1235 4099 1451 4163 teanonicat
1452 4118 1489 4161 us
1515 4105 1549 4162 et
1572 4097 1732 4179 prebende
1762 4097 1970 4186 dignitatibus
1995 4099 2045 4164 vel
2069 4118 2168 4191 perse

669 4181 798 4267 natibus
817 4221 916 4267 seuo
899 4202 1012 4268 ofliciis
1034 4203 1213 4280 lmiusurodi
1236 4204 1350 4267 annexi
1382 4221 1444 4266 non
1471 4208 1578 4267 essent
1580 4200 1811 4282 ,aliquatenus
1834 4219 1895 4267 non
1919 4185 2061 4269 extendi.
2098 4203 2167 4269 Cum

668 4306 776 4387 itaque
806 4287 1005 4388 postmodum
1036 4289 1197 4388 prebenda
1232 4306 1355 4387 prefate
1391 4305 1526 4370 ecclesie
1559 4305 1739 4387 Pragensis
1773 4324 1865 4387 quam
1900 4307 2006 4371 dictus
2036 4308 2167 4374 'l'lrobias

668 4409 752 4475 dicte
775 4411 1006 4475 resorvacionis
1037 4417 1179 4492 tempore
1211 4431 1280 4474 cum
1311 4411 1468 4474 decanatu
1500 4410 1585 4474 dicte
1615 4411 1751 4475 ecclesie
1781 4410 1954 4488 obtinebat
1987 4431 2046 4495 per
2076 4413 2166 4495 ipsius

667 4515 797 4593 obitum,
821 4516 875 4595 qui
899 4535 1000 4597 nuper
1023 4516 1054 4579 iu
1078 4517 1220 4596 panibus
1251 4515 1314 4579 illis
1346 4516 1429 4604 diem
1460 4514 1576 4579 clausit
1606 4519 1791 4593 extremum,
1822 4515 1987 4580 vacavisse
2017 4522 2052 4581 et
2074 4517 2165 4582 adbuc

667 4636 783 4682 vacare
806 4626 965 4697 noscatur,
989 4619 1157 4701 nullusque
1173 4620 1213 4683 de
1229 4620 1299 4701 ipsa
1321 4618 1483 4702 prebenda
1506 4624 1615 4700 preter
1637 4636 1693 4682 nos
1716 4618 1775 4684 hac
1794 4619 1863 4683 vice
1879 4619 2052 4702 disponere
2067 4623 2167 4703 possit,

667 4723 888 4787 reservaeione
910 4731 943 4788 et
967 4723 1183 4787 declaracione
1215 4742 1252 4788 ac
1282 4723 1420 4788 decretis
1451 4723 1678 4788 obsistentibus
1701 4723 1911 4806 supradictis:
1942 4743 2002 4789 nos
2033 4726 2167 4792 volentes

666 4825 734 4902 tibi,
758 4827 812 4907 qui
836 4827 918 4890 sicut
941 4828 1058 4891 asseris
1081 4846 1138 4908 per
1154 4827 1205 4892 dd.
1222 4825 1253 4892 ff.
1270 4827 1444 4909 capitulum
1468 4827 1609 4893 eiusdem
1633 4826 1769 4892 ecclesie
1791 4827 2027 4910 Ptagensis·)'
2018 4849 2051 4894 ιιι
2066 4831 2166 4897 eadem

666 4930 802 4994 ecelesia
827 4938 900 4996 auct
902 4931 1217 4995 omittelitttterarum
1233 4937 1412 4996 nostrarum
1428 4933 1487 4996 sub
1503 4933 1729 5014 cxpectacionc
1748 4932 1942 5014 prebende
1933 4952 1966 4997 m
1990 4935 2167 5000 canonicum

666 5040 778 5116 recept
779 5053 815 5098 us
764 5034 937 5109 tluisti
963 5035 1187 5116 premissorum
1209 5042 1337 5100 tuorum
1360 5037 1477 5101 iutuitu
1494 5037 1586 5101 nrorit
1589 5056 1678 5101 orurn
1701 5036 1839 5119 graciam
1862 5037 1970 5103 facere
1993 5039 2169 5121 specialem·

668 5139 841 5218 predictam
875 5139 1068 5219 prebendam
1103 5138 1245 5204 eiusdem
1280 5140 1427 5204 ecclesie.
1450 5141 1619 5220 Pragensis
1653 5141 1699 5204 sic
1729 5146 1894 5206 vacantem
1930 5160 2002 5207 cum
2032 5145 2168 5209 omnibus

667 5242 788 5306 iuribus
812 5249 844 5306 et
867 5244 1072 5325 pertinenciis
1095 5244 1161 5307 suis
1185 5249 1270 5307 motu
1295 5245 1431 5325 proprio,
1456 5264 1517 5308 non
1540 5245 1581 5308 ad
1602 5251 1691 5310 tuam
1718 5246 1768 5310 vel
1791 5245 1924 5311 alterius
1948 5265 2007 5329 pro
2030 5248 2169 5313 tenebis

666 5347 773 5411 oblate
808 5349 977 5429 peticionis
1009 5349 1208 5425 instanciam,
1243 5343 1302 5412 sed
1336 5348 1375 5413 de
1406 5355 1514 5413 nostra
1548 5368 1635 5413 mera
1666 5349 1869 5426 liberalitate,
1909 5351 2088 5432 apostolica
2119 5353 2170 5417 tibi

665 5453 856 5516 auctoritate
880 5452 1069 5517 conferimus
1092 5459 1125 5516 et
1148 5453 1187 5516 de
1211 5453 1266 5517 illa
1289 5453 1390 5517 eciam
1414 5454 1617 5535 providemus
1641 5505 1647 5518 .
1674 5504 1681 5518 .
1706 5504 1712 5517 .
1738 5505 1744 5518 .
1770 5453 2066 5535 Volumus-autem,
2083 5457 2169 5539 quoda

665 5557 897 5637 quamprimum
932 5558 1038 5633 visore
1071 5558 1170 5638 ipsius
1204 5558 1312 5638 gracie
1344 5558 1516 5639 predictam
1540 5558 1742 5639 prebendam,
1765 5576 1824 5641 per
1846 5576 1904 5622 nos
1933 5560 1994 5624 tibi
2018 5560 2169 5625 collatam.

668 5658 767 5723 fueris
791 5662 921 5742 pacifico
945 5669 1122 5736 assecutus,
1147 5662 1231 5725 dicte
1254 5661 1371 5740 littere,
1396 5681 1453 5743 per
1476 5680 1554 5743 quas
1577 5662 1609 5725 in
1634 5655 1745 5726 eadem
1768 5653 1905 5726 e‘ccles'ia
1926 5660 2086 5746 Prag'erisi
2109 5684 2170 5748 pre

668 5764 802 5830 bendani
825 5772 985 5848 expectas,
1003 5772 1036 5830 et
1058 5786 1225 5848 processus
1248 5766 1348 5831 habiti
1372 5785 1430 5848 per
1452 5766 1582 5831 easdem
1605 5771 1638 5831 et
1660 5768 1764 5832 omnia
1786 5766 1903 5832 exinde
1925 5775 2040 5834 secuta
2064 5756 2170 5837 extunc
