5184 7050
1997 841 2059 908 tes

544 1051 670 1118 1493.
695 1047 847 1114 annius
866 1048 1011 1131 personis
1033 1048 1261 1129 ecciesiasticis,
1285 1047 1504 1114 saecularibus
1534 1052 1564 1112 et
1593 1047 1802 1131 regularibus,
1830 1070 1892 1132 per
1926 1047 2060 1113 ltaliam

545 1158 577 1218 et
600 1152 786 1219 Bobemiam
809 1152 998 1227 constitutis,
1023 1154 1207 1229 mandatur,
1236 1157 1273 1217 ut
1301 1152 1456 1228 Jobonni,
1486 1152 1629 1237 episcopo
1658 1151 1838 1236 spoletano,
1870 1151 2061 1235 apostoticae

545 1258 634 1322 sedis
655 1256 776 1337 nunna
799 1259 830 1321 et
851 1256 983 1337 Reperio
999 1255 1037 1320 de
1052 1256 1319 1337 Motendinonooo,
1335 1257 1489 1338 magistro
1505 1257 1646 1337 ostiario,
1663 1260 1693 1322 et
1708 1257 1836 1338 Hupoui
1851 1257 1889 1321 ste
1906 1254 2059 1332 Gortucio,

537 1359 712 1441 familiari
729 1381 849 1444 popae,
871 1358 927 1443 oui
950 1359 1123 1442 adportes
1148 1360 1266 1426 [tertiae
1288 1360 1505 1426 etBobemiae
1521 1361 1787 1445 proquibusdam
1802 1359 1945 1441 noeriis,
1958 1359 2060 1442 fidens

546 1463 738 1529 catholicam
759 1467 790 1528 et
811 1463 974 1529 eulesiam
998 1465 1174 1528 Romanam
1196 1464 1408 1545 tonpcntibus,
1432 1463 1642 1546 destinantur,
1666 1465 1704 1530 de
1726 1483 1834 1530 securo
1857 1464 2012 1529 conductu
2030 1468 2060 1529 ct

548 1567 758 1634 evectionibus
781 1567 965 1651 opportunis
989 1571 1083 1649 aare
1100 1587 1162 1650 pro
1185 1569 1329 1651 erperae
1352 1570 1539 1635 necessariis
1562 1570 1704 1654 episcopo
1726 1569 1761 1634 in
1783 1572 1849 1634 octo
1872 1572 1902 1634 ot
1934 1568 2062 1634 cuilibet

540 1671 782 1755 praedictorum
807 1671 934 1751 Rooerii
955 1675 986 1735 et
1008 1671 1151 1751 Hauon-is
1173 1673 1208 1735 iu
1230 1672 1349 1737 dnobus
1363 1671 1498 1758 florenis
1521 1675 1595 1737 auri
1616 1672 1724 1738 diebus
1740 1672 1875 1755 sinentis
1893 1672 2059 1757 prouidere

540 1779 726 1859 procurent.
772 1777 825 1854 ,D.
859 1773 1016 1839 Aninione
1045 1776 1123 1840 llll
1150 1796 1222 1842 non.
1255 1776 1341 1844 Julii
1374 1798 1403 1840 o.
1437 1777 1622 1842 undecimo‘
1656 1814 1699 1825 -
1734 1779 1774 1843 Iu
1794 1801 1819 1843 e.
1843 1799 1884 1843 m.
1908 1777 2059 1842 scribitur

545 1880 691 1944 omnibus
718 1880 864 1962 personis
897 1877 1129 1962 ecclesiasticis,
1158 1880 1377 1945 soecularibus
1398 1885 1428 1944 et
1450 1879 1658 1962 regularibus,
1687 1903 1749 1964 por
1773 1880 2003 1960 Alamonuiom
2018 1885 2056 1945 ‘et

546 1984 737 2048 Boberniaru
766 1984 954 2063 constitutis,
986 1983 1061 2065 „sed
1090 1983 1143 2048 ubi
1173 1984 1309 2050 dicitur:
1339 1986 1492 2068 ,episcopo
1521 1985 1556 2049 in
1578 1988 1664 2060 octo‘,
1687 1986 1816 2051 dicotur
1837 1987 1872 2049 iu
1894 1986 2006 2061 decern,
2031 1989 2061 2049 et

543 2086 603 2151 ubi
625 2087 762 2152 dicitur:
783 2090 824 2163 ,et
846 2087 973 2152 subdet
990 2087 1206 2170 predictorum
1230 2089 1358 2170 Reperti
1379 2092 1409 2152 et
1435 2088 1563 2153 Roberti
1585 2087 1682 2177 [sict]
1704 2088 1740 2153 in
1769 2089 1909 2166 duobus,‘
1932 2088 2061 2154 dicotur

1209 2193 1244 2257 in
1266 2193 1399 2257 tribus.“

1582 2279 1745 2359 Aoiuione‚
1768 2282 1855 2345 1352
1877 2277 1962 2347 Jutii
1982 2281 2014 2343 4.

657 2388 807 2444 Clementis
826 2389 863 2442 Vl
881 2390 914 2443 V.
936 2395 983 2443 146
1002 2394 1082 2459 (secr.
1102 2406 1126 2445 a.
1146 2388 1197 2456 XI)
1216 2388 1235 2443 l.
1253 2395 1295 2442 22.

545 2896 672 2963 1494.
697 2892 830 2970 Portus,
853 2893 968 2959 etectm
987 2894 1167 2974 Gurccnsr's,
1183 2893 1353 2978 supplicat,
1368 2899 1405 2958 ut
1422 2896 1568 2979 personis
1582 2894 1805 2979 infrascriptis
1820 2895 1859 2960 de
1873 2896 2060 2979 conbustam

1114 2997 1271 3081 benefieiis
1288 2999 1507 3082 provideatur.
1555 3038 1558 3043 ·

1580 3084 1743 3167 Aoiuione‚
1766 3088 1853 3152 1352
1875 3086 1961 3154 Just
1980 3089 2013 3152 4.

653 3267 821 3350 Supplicat
836 3268 866 3334 S.
882 3267 920 3334 V.
938 3266 1053 3332 devota
1076 3271 1224 3332 creatura
1246 3273 1355 3332 vestra
1376 3266 1505 3349 Paulus,
1525 3267 1647 3334 electus
1663 3269 1846 3350 Gurcensis,
1862 3269 2057 3335 ambasiator

527 3371 669 3459 ¹domini
692 3371 857 3450 Ludouici,
880 3373 965 3455 regis
987 3371 1143 3454 Vngarie:
1183 3421 1677 3440 ...................
1699 3426 1702 3433 .
1724 3422 2058 3441 .............

654 3513 735 3579 Item
758 3512 894 3577 similem
916 3511 1055 3595 graciam
1086 3510 1194 3576 facere
1227 3511 1400 3595 dignemini
1422 3511 1553 3578 Nicolao
1580 3512 1620 3578 de
1649 3510 1800 3592 Notalitz,
1830 3511 2003 3578 bacallario
2026 3511 2058 3577 in

544 3619 620 3684 inre
653 3617 814 3696 canonico,
849 3615 881 3681 in
917 3615 1053 3681 ecclesia
1086 3616 1188 3680 sancti
1222 3615 1312 3681 Petri
1345 3616 1377 3680 in
1411 3616 1550 3697 Brunne,
1582 3616 1802 3682 Olomuoensis
1825 3618 1972 3696 diceens,
1994 3635 2057 3682 nen

544 3723 707 3801 obstante,
730 3719 816 3803 quod
837 3719 1068 3803 parrochialem
1091 3718 1258 3785 ecclesiam
1280 3719 1313 3784 in
1329 3719 1529 3801 Mistelbach,
1545 3721 1746 3787 Patauiensis
1763 3721 1909 3801 diocesia,
1925 3721 2056 3800 obtinet,

545 3845 622 3892 cum
645 3825 798 3891 clausulis
821 3831 856 3890 ut
878 3843 985 3907 supra.

654 3947 728 4012 Fiat
748 3946 786 4011 R

652 4070 734 4134 Item
757 4073 914 4150 quatenus
938 4068 1072 4132 similem
1096 4067 1235 4150 graciam
1258 4067 1365 4132 facere
1389 4067 1559 4150 dignemini
1582 4068 1779 4135 Theoderico
1807 4069 1847 4134 de
1869 4069 2002 4135 Brunna
2024 4068 2057 4133 in

545 4172 662 4238 eadem
696 4172 832 4238 ecclesia
865 4172 968 4237 sancti
1000 4170 1098 4250 Petri,
1132 4172 1190 4237 sub
1221 4171 1296 4236 data
1320 4172 1383 4236 diei
1406 4173 1589 4239 immediate
1612 4175 1785 4255 sequentis,
1809 4193 1880 4240 cum
1903 4172 2057 4239 clausulis

544 4282 585 4343 ut
607 4293 714 4359 supra.

651 4643 734 4707 ltem
768 4639 963 4705 consimilem
996 4641 1136 4722 graciam
1170 4639 1275 4704 lacere
1312 4640 1483 4723 dignemini
1516 4640 1663 4707 Hertlino
1686 4642 1726 4707 de
1749 4640 1919 4721 Poherlitz,
1943 4640 2057 4706 clerico

544 4745 771 4812 Olomucensis
795 4744 941 4823 diocesis,
958 4744 999 4807 ad
1015 4744 1221 4809 collacionem
1244 4749 1304 4809 etc.
1331 4744 1492 4809 abbatisse
1507 4750 1541 4810 et
1556 4752 1729 4812 conuentus
1743 4747 1926 4813 monasterii
1942 4745 2057 4825 Aula)

542 4850 650 4931 Regio
680 4849 712 4913 in
742 4850 881 4930 Antiqua
910 4849 1049 4925 Brunna
1074 4849 1158 4913 ‹licte
1180 4849 1328 4928 diocesia,
1351 4850 1471 4913 ordinis
1497 4849 1728 4928 cisterciensis,
1753 4871 1822 4916 cum
1847 4850 1998 4916 clausulis
2021 4853 2057 4913 ut

541 4971 655 5035 supra.

521 5083 526 5090 ·
652 5056 726 5121 Fiat
747 5056 784 5121 R.

652 5179 732 5243 ltem
744 5178 939 5243 consimilem
954 5180 1092 5261 graciam
1109 5180 1216 5244 faeere
1229 5179 1399 5262 dignemini
1410 5179 1549 5245 iohanni
1563 5179 1719 5262 quondam
1731 5180 1817 5245 Petri
1831 5180 1870 5245 de
1883 5179 2054 5258 Chrernsir,

544 5283 666 5350 clerico
690 5282 910 5349 Olomuoensis
933 5283 1078 5359 diocesis,
1102 5284 1142 5348 ad
1165 5283 1369 5349 collusionem
1391 5289 1452 5350 etc.
1477 5285 1602 5350 abbatis
1625 5289 1659 5349 et
1681 5290 1853 5349 conventus
1872 5285 2055 5350 monasterii

541 5387 764 5467 Trebetensis,
789 5388 908 5452 ordinis
931 5388 1034 5452 sancti
1057 5387 1233 5468 Benedicti,
1257 5387 1342 5453 dicte
1366 5388 1512 5467 diocesis,
1536 5394 1596 5453 eto.
1620 5395 1656 5454 ut
1678 5389 1711 5453 in
1733 5390 1843 5455 forma.

653 5509 726 5574 Fiat
748 5508 821 5590 R.¹)

651 5631 732 5696 Item
756 5637 914 5712 quatenus
937 5651 1006 5695 cum
1031 5631 1155 5695 domino
1179 5630 1308 5710 Thema,
1331 5631 1412 5696 alias
1436 5631 1521 5697 dicto
1544 5632 1638 5698 Petro
1662 5633 1702 5697 de
1723 5632 1885 5711 Telliberi,
1906 5632 2055 5715 episcopo

540 5737 742 5817 Sareptensi,
766 5736 885 5800 ordinis
909 5736 1223 5814 Premonstratensis,
1249 5735 1434 5819 dispensare
1458 5736 1629 5819 dignemini
1651 5737 1804 5820 graciose,
1843 5738 1927 5819 quod
1957 5757 2054 5803 unum
