5184 7050
1884 853 1950 919 723

438 1055 561 1122 139⁰.
585 1054 784 1135 Raynoldas,
807 1054 895 1118 titali
916 1056 1020 1118 suomi
1042 1054 1182 1119 Adriani
1203 1056 1355 1120 diaconas
1376 1057 1562 1136 cardinalis,
1593 1058 1763 1141 supplicat,
1795 1049 1949 1139 quatenus

435 1159 548 1241 gratio
569 1158 632 1222 sibi
652 1159 688 1222 ia
709 1159 854 1238 Maiotai,
880 1157 1030 1237 Tullcosi,
1062 1158 1267 1234 Virduaeasi,
1293 1161 1458 1241 Propeasi,
1489 1160 1686 1226 Olomaccnsi
1707 1166 1737 1225 et
1765 1160 1951 1226 Vrotislooi·

803 1262 883 1327 'crui
905 1262 1044 1327 ecclesiis
1060 1264 1161 1341 socio
1182 1261 1218 1326 in
1240 1262 1341 1327 oliam
1363 1268 1574 1330 commutetur.

1207 1374 1306 1457 Apud
1336 1375 1573 1456 Viliamaoccm,
1599 1379 1680 1442 1351
1709 1377 1852 1442 Octobris
1874 1379 1905 1444 3.

541 1514 638 1579 Pater
668 1514 883 1579 sanctissime!
931 1515 1013 1592 Quia
1046 1515 1162 1598 gracia,
1197 1514 1283 1580 faeta
1316 1533 1373 1597 per
1396 1515 1426 1582 S.
1451 1515 1488 1582 V.
1511 1515 1607 1580 michi
1641 1515 1814 1599 Raynaldo,
1847 1516 1948 1580 sancti

439 1618 572 1683 Adriani
595 1619 725 1683 diacono
749 1617 910 1698 cardinali,
935 1620 1048 1684 devote
1071 1626 1218 1685 creature
1239 1624 1355 1698 vestre,
1379 1620 1463 1701 quod
1485 1620 1518 1684 in
1541 1621 1686 1685 ecclesiis
1709 1620 1856 1699 Metensi,
1873 1619 1948 1684 Tul·

438 1723 531 1801 lensi,
555 1723 757 1801 virdunensi,
781 1723 943 1805 pragensi,
968 1723 1171 1789 Olomueensi
1194 1729 1226 1788 et
1249 1722 1505 1789 Wratislauiensi
1528 1726 1647 1806 possim
1676 1723 1895 1789 canonicatum
1917 1728 1950 1788 et

440 1828 633 1909 prebendam
657 1846 727 1891 cum
752 1828 916 1909 dignitate,
940 1833 1113 1910 personatu
1136 1827 1186 1892 vel
1210 1826 1314 1892 officio
1335 1832 1368 1892 et
1383 1847 1478 1892 unum
1493 1827 1682 1893 beneficium
1697 1827 1949 1893 ecclesiasticum

440 1932 585 1996 seculare
622 1931 673 1996 vel
710 1931 867 2013 regulare,
876 1934 901 2016 ⁸)
940 1933 1156 2014 cuiuscunque
1192 1932 1323 2010 ordinis,
1362 1932 1464 1997 eciam
1496 1933 1523 1996 si
1561 1933 1708 2016 dignitas,
1746 1937 1945 2013 personatus,

438 2037 612 2119 prioratus
636 2036 819 2115 decanatus,
844 2037 1062 2118 prepositatus
1085 2056 1143 2103 seu
1166 2036 1402 2101 administraeio
1422 2036 1804 2115 velofficiumeristeret,
1821 2037 1948 2118 siquod

439 2141 474 2205 in
497 2159 686 2223 unaquaque
710 2140 874 2206 civitatum
898 2140 1063 2220 MetensiS,
1086 2140 1256 2218 Tullensis,
1280 2140 1499 2219 virdunensis,
1524 2140 1703 2222 Pragensis,
1729 2140 1949 2206 Olomueensis

439 2249 475 2310 et
504 2243 780 2309 Wratislauiensis
813 2245 1029 2328 predictarum
1039 2242 1067 2329 b)
1099 2245 1150 2310 vel
1182 2246 1354 2311 diocesium
1386 2245 1558 2311 earundem
1588 2246 1628 2309 ad
1652 2248 1868 2327 cuiuscunque
1890 2262 1947 2309 seu

440 2368 702 2431 quorumcunque
725 2349 938 2428 collusionem,
954 2350 1167 2431 provisionem
1183 2367 1239 2414 seu
1257 2349 1402 2431 quamvis
1417 2348 1510 2413 aliam
1527 2349 1771 2430 disposicionem
1787 2349 1949 2430 pertinens

445 2457 585 2530 vacaret,
599 2452 648 2516 vei
663 2471 777 2517 vacare
794 2453 1000 2535 contingeret,
1014 2453 1097 2535 quod
1113 2458 1280 2535 acceptare
1291 2452 1416 2531 vellem,
1430 2452 1524 2517 michi
1539 2452 1763 2517 conferendum
1778 2452 1951 2533 provisioni

439 2556 528 2621 sedis
552 2555 727 2638 apostolice
750 2575 821 2622 cum
845 2557 1139 2639 dispensacionibus
1162 2561 1195 2621 et
1217 2557 1500 2636 reservacionibus,
1524 2575 1586 2621 uon
1609 2556 1809 2621 obstantibus
1829 2561 1861 2620 et
1876 2556 1949 2620 aliis

438 2660 593 2725 clausulis
627 2660 809 2743 specialiter
842 2663 1041 2741 reservastis
1076 2662 1251 2727 secundum
1284 2662 1496 2726 assertionem
1530 2661 1647 2725 domini
1681 2656 1759 2724 mei'
1778 2660 1947 2725 cardinalis

437 2764 642 2829 Boloniensis
665 2770 699 2830 et
722 2766 856 2830 aliorum
880 2766 919 2830 de
942 2768 1086 2848 partibus
1110 2767 1273 2831 Alamanie
1296 2773 1347 2831 est
1368 2766 1463 2830 michi
1486 2765 1614 2847 penitus
1638 2764 1778 2831 inutilis:
1803 2764 1949 2846 dignetur

440 2872 474 2936 S.
499 2869 682 2952 supradicta
711 2869 805 2933 michi
841 2871 1025 2949 concedere,
1057 2870 1141 2952 quod
1164 2871 1196 2934 in
1220 2871 1329 2935 Ytalia
1351 2871 1383 2934 in
1407 2868 1539 2949 singulis
1562 2869 1707 2934 ecclesiis
1731 2869 1948 2932 canonicatum

439 2977 475 3038 et
498 2974 691 3055 prebendam
715 2994 784 3040 cum
808 2976 973 3058 dignitate,
997 2981 1168 3057 personatu
1198 2974 1249 3039 vel
1280 2972 1384 3039 officio
1416 2979 1447 3038 et
1481 2974 1513 3037 iu
1544 2972 1677 3054 singulis
1711 2972 1893 3037 civitatibus
1915 2976 1949 3036 et

437 3079 621 3143 diocesibus
645 3078 857 3160 infrascriptis
881 3082 913 3144 in
937 3081 1216 3145 commutacionem
1238 3079 1346 3161 gracie
1368 3076 1525 3159 prelibato
1555 3078 1674 3158 possim
1708 3096 1762 3140 sen
1794 3075 1948 3140 beneficia

436 3182 491 3247 vel
516 3183 629 3248 saltem
653 3187 799 3264 quatuor,
823 3203 861 3248 ex
885 3185 999 3267 quibus
1022 3203 1119 3248 unum
1141 3184 1244 3265 possit
1266 3199 1337 3246 esse
1360 3179 1507 3262 regulare
1531 3179 1704 3258 dumtaxat,
1727 3178 1852 3260 reliqua
1871 3198 1946 3244 voro

435 3287 503 3352 alia
525 3287 692 3366 secularia,
715 3288 814 3353 eciam
838 3288 865 3353 si
888 3289 952 3353 siut
973 3288 1154 3370 dignitates,
1178 3292 1379 3369 personatus,
1402 3284 1695 3349 administraciones
1717 3284 1767 3347 vel
1791 3282 1895 3348 officia
1912 3288 1945 3347 et

435 3392 576 3457 maiores
592 3397 664 3474 post
679 3393 891 3475 episcopalem
908 3395 1047 3458 existant
1061 3411 1098 3456 ac
1114 3391 1155 3455 ad
1170 3409 1210 3455 ea
1223 3390 1275 3455 vel
1290 3408 1346 3454 eas
1362 3389 1562 3454 consueverit
1581 3387 1652 3468 quis
1675 3406 1734 3469 per
1756 3388 1948 3453 eleccionem

436 3497 559 3563 assumi
592 3500 625 3562 et
654 3499 702 3562 eis
732 3516 770 3563 ac
801 3516 908 3563 earum
939 3498 990 3563 vel
1013 3516 1120 3562 eorum
1144 3495 1277 3578 singulis
1312 3512 1388 3560 cura
1403 3495 1427 3574 ο)
1461 3492 1624 3557 immineat
1657 3492 1842 3570 animarum,
1878 3509 1947 3556 cum

436 3601 747 3684 dispensacionibus‚
781 3603 1065 3677 reservacionibus,
1099 3620 1162 3666 non
1195 3599 1395 3666 obstantibus
1429 3603 1462 3661 et
1495 3597 1568 3661 aliis
1599 3596 1750 3661 clausulis
1781 3596 1947 3677 oportunis

437 3711 609 3788 acceptare
631 3714 664 3772 et
687 3708 726 3772 do
749 3707 827 3789 ipsis
848 3706 944 3772 michi
966 3708 1125 3789 provideri
1147 3704 1262 3783 valeat,
1279 3708 1315 3767 ut
1330 3704 1362 3767 in
1377 3702 1480 3767 forma
1493 3700 1589 3764 michi
1606 3700 1723 3764 dudum
1739 3719 1798 3782 per
1813 3699 1945 3763 eandem

438 3810 471 3877 S.
496 3811 624 3892 proprio
654 3815 741 3876 motu
765 3829 925 3877 concessa.
956 3810 1016 3876 Vel
1040 3810 1163 3890 saltem,
1187 3808 1271 3893 quod
1294 3810 1327 3872 in
1351 3805 1483 3888 singulis
1507 3805 1650 3870 ecclesiis
1674 3805 1892 3869 canonicatum
1916 3807 1949 3868 et

436 3914 634 3997 prebendam
667 3933 738 3979 cum
773 3915 938 3997 dignitate,
970 3920 1143 3998 personatu
1177 3913 1227 3977 vel
1265 3912 1369 3978 officio
1407 3916 1440 3976 et
1473 3910 1656 3975 civitatibus
1693 3928 1730 3974 ac
1768 3909 1947 3973 diocesibus

437 4019 652 4101 infrascriptis
683 4019 800 4101 possim
833 4018 994 4098 beneficia,
1018 4023 1174 4100 quotquot
1196 4017 1325 4096 fuerint,
1349 4034 1450 4097 usquo
1472 4014 1513 4080 ad
1535 4014 1674 4079 valorem
1696 4032 1835 4077 annuum
1858 4014 1948 4093 quin·

437 4130 606 4206 gentorum
637 4123 827 4188 florenorum
857 4124 926 4187 auri
958 4122 1130 4189 secundum
1158 4122 1312 4187 decimam
1341 4120 1433 4185 modo
1462 4118 1558 4184 simili
1581 4123 1758 4200 acceptare,
1782 4115 1947 4181 videlicet:

437 4231 474 4295 in
496 4228 642 4307 ecclesia,
667 4230 795 4293 civitate
819 4234 852 4293 et
875 4227 994 4293 diocesi
1017 4228 1142 4306 Pisana,
1166 4227 1198 4291 in
1221 4226 1366 4303 ecclesia,
1397 4224 1527 4290 civitate
1557 4227 1590 4286 et
1612 4221 1731 4286 diocesi
1754 4220 1947 4297 Florentius,

437 4335 473 4397 in
496 4331 641 4411 ecclesia,
664 4333 795 4398 civitate
817 4338 851 4397 et
867 4332 985 4396 diocesi
1010 4333 1149 4409 aretina,
1174 4332 1205 4395 in
1229 4330 1374 4409 ecclesia,
1398 4328 1527 4393 civitate
1550 4334 1583 4392 et
1606 4326 1726 4392 diocesi
1749 4325 1891 4402 Senensi,
1915 4324 1947 4388 in

441 4437 591 4515 ecclesia,
616 4438 746 4502 civitate
769 4443 802 4501 et
824 4436 943 4501 diocesi
966 4436 1151 4514 Tudertina,
1175 4437 1207 4499 in
1230 4433 1375 4511 ecclesia,
1400 4432 1529 4496 civitate
1553 4436 1585 4495 ct
1614 4429 1733 4495 diocesi
1763 4429 1945 4510 Spoletana.

545 4542 617 4606 Fiat
646 4542 679 4607 in
709 4541 804 4606 dictis
835 4540 979 4605 ecclesiis
1002 4540 1042 4604 de
1065 4538 1311 4617 canonicatibus,
1334 4536 1506 4619 prebendis
1528 4541 1561 4600 et
1586 4534 1795 4616 dignitatibus
1818 4538 1890 4611 etc,
1914 4534 1946 4598 in

438 4645 586 4728 qualibet
608 4644 648 4710 de
670 4664 734 4710 una
755 4645 806 4709 vel
830 4664 900 4723 uno,
924 4649 958 4708 et
980 4645 1011 4707 in
1035 4643 1129 4708 dictis
1152 4642 1334 4707 diocesibus
1356 4642 1389 4705 in
1412 4640 1557 4722 qualibet
1578 4639 1617 4703 de
1641 4638 1764 4702 duobus
1784 4637 1947 4702 beneficiis

437 4749 649 4829 secularibus,
672 4750 888 4830 cuiuscunque
910 4748 1028 4812 valoris
1051 4747 1199 4824 existant,
1225 4747 1255 4812 in
1284 4745 1408 4811 meliori
1441 4744 1542 4808 forma
1565 4743 1600 4806 R.
1647 4744 1686 4807 D.
1709 4742 1794 4823 apud
1820 4740 1946 4806 Villam·

440 4874 568 4933 nouam,
591 4856 629 4920 A.
653 4855 694 4932 d,
715 4855 741 4919 V
765 4872 836 4918 non.
861 4853 1009 4918 Octobris
1032 4871 1060 4915 a.
1085 4852 1217 4915 decimo.

547 4972 696 5027 Clementis
715 4971 752 5024 VI
775 4970 802 5023 S.
821 4969 872 5039 llll
899 4973 955 5039 (21)
973 4971 991 5023 f.
1013 4975 1069 5023 158.
1089 5001 1122 5011 -
1148 4973 1171 5037 Ιι)
1190 4970 1350 5038 ,secularem
1369 4967 1412 5023 vel
1432 4966 1593 5035 regularem‘
1610 4965 1636 5019 S.
1665 4966 1689 5030 b)
1707 4964 1907 5033 ,predictorum‘
1917 4964 1944 5018 S.

437 5064 468 5128 ο)
486 5062 598 5129 ,οιιιιιιιιι
616 5058 641 5112 S.

1092 5132 1299 5142 ——-

438 5272 562 5340 1391.
573 5271 736 5353 Pcopcrcs
752 5268 858 5333 clerici
872 5268 1077 5350 infrascripti
1091 5266 1284 5350 supplicant,
1294 5270 1331 5328 ut
1345 5265 1408 5329 sibi
1420 5262 1570 5328 mantello
1582 5263 1730 5345 beneflcio
1741 5265 1946 5326 reserventur.

1183 5387 1280 5472 Apud
1312 5385 1549 5461 vaccaeorum,
1573 5387 1656 5451 1351
1685 5383 1828 5449 Octobris
1849 5384 1902 5446 15.

923 5520 1058 5586 Rotulus
1081 5539 1254 5603 pauperum
1279 5517 1473 5583 clericorum.

550 5646 646 5712 Pater
675 5644 891 5709 sanctissime!
938 5643 1118 5725 Dignemini
1149 5640 1344 5722 pauperibus
1373 5638 1497 5704 clericis
1520 5637 1730 5720 infrascriptis
1758 5634 1946 5700 collaciones

438 5751 659 5833 infrascriptas
693 5749 867 5830 assignare,
902 5766 973 5812 cum
1005 5764 1067 5811 non
1101 5745 1300 5810 obstantibus
1334 5743 1374 5808 de
1406 5742 1577 5821 beneficiis,
1612 5760 1674 5823 que
1709 5739 1851 5806 obtinent
1889 5758 1945 5804 seu

1791 5860 1841 5911 re*
