5184 7050
543 838 608 904 248

545 1047 637 1112 415.
654 1045 800 1120 Nicolao,
812 1049 887 1108 outa
898 1042 1068 1123 dotatricis,
1080 1044 1163 1125 repis
1175 1043 1356 1124 Boiocmiac,
1375 1044 1560 1126 providetur
1574 1044 1612 1110 dc
1627 1045 1815 1109 canonicatu
1831 1048 1862 1109 ct
1872 1044 2055 1127 praebendo

678 1154 709 1214 ct
725 1150 951 1233 praepositura
974 1150 1009 1214 ia
1031 1148 1164 1214 ccclesia
1188 1148 1338 1214 Osilicasi
1359 1148 1555 1214 oacacctibas.
1581 1151 1696 1213 damna
1719 1153 1755 1213 at
1776 1150 1812 1213 ia
1834 1171 1864 1215 a.
1887 1151 1919 1214 4.

604 1341 693 1461 ῑῗ
1303 1340 1400 1423 Apud
1431 1340 1668 1420 villamnovam,
1692 1342 1779 1405 1344
1802 1340 1941 1422 Aapastr'
1964 1341 2015 1405 13.

652 1559 690 1623 D.
715 1557 735 1621 i.
759 1556 901 1633 Nicoma,
925 1562 1000 1620 nato
1025 1575 1050 1620 c.
1075 1556 1107 1620 in
1131 1555 1187 1620 Ch.
1211 1554 1232 1620 f.
1258 1574 1287 1619 ιι.
1311 1555 1478 1635 iohannis,
1494 1556 1578 1637 rogis
1592 1556 1722 1621 Boemic
1738 1556 1883 1635 illustria,
1901 1556 2053 1621 canonico

550 1665 583 1726 et
605 1660 767 1742 preposito
790 1659 925 1723 ecclesie
949 1657 1128 1737 Ostiensis,
1152 1657 1316 1740 capellano
1333 1665 1451 1737 nostro,
1476 1676 1500 1722 s,
1525 1658 1684 1724 Nobilitas
1700 1660 1826 1741 generis
1850 1710 1857 1724 .
1883 1709 1890 1724 .
1917 1708 1924 1724 .
1949 1708 1957 1723 .
1982 1659 2059 1725 Cum

551 1766 660 1846 itaque
682 1764 888 1828 canonicatus
912 1769 944 1828 et
966 1762 1128 1845 prebenda
1151 1782 1187 1827 ac
1210 1765 1412 1846 prepositura
1436 1763 1572 1827 ecclesie
1595 1761 1774 1841 Osiliensis,
1797 1782 1875 1845 quvis
1900 1763 2059 1846 quondam

551 1868 715 1933 Jolraunes
738 1868 777 1931 de
800 1867 992 1946 Molendino‚
1016 1867 1187 1932 canonicus
1221 1872 1254 1932 et
1283 1869 1466 1949 prepositus
1497 1866 1640 1931 eiusdem
1671 1866 1815 1945 ecclesie,
1832 1867 1906 1931 dum
1930 1868 2061 1942 viveret,

553 1971 727 2050 obtinebat,
751 1990 809 2053 per
840 1971 940 2053 ipsius
963 1972 1093 2048 obitum,
1124 1972 1178 2052 qui
1209 1990 1311 2053 nuper
1342 1971 1427 2052 apud
1458 1970 1565 2035 sodcrn
1595 1970 1803 2051 apostolicam
1834 1971 1916 2036 diem
1949 1971 2063 2035 clausit

553 2082 738 2153 extremum,
762 2074 847 2155 apud
870 2075 1004 2139 eandem
1027 2074 1134 2138 sedem
1157 2092 1272 2140 vacare
1295 2080 1467 2139 noscantur
1497 2073 1537 2139 ad
1567 2091 1710 2155 presens,
1740 2074 1911 2155 nullusque
1934 2074 1976 2138 de
1999 2074 2062 2137 illis

556 2184 663 2261 preter
690 2196 747 2243 nos
770 2178 830 2242 hac
859 2180 929 2242 vice
959 2178 1129 2261 disponere
1161 2180 1262 2261 possit
1293 2198 1350 2260 pro
1381 2197 1428 2255 eo,
1463 2177 1546 2260 quod
1578 2195 1633 2242 uos
1665 2177 1719 2241 diu
1752 2184 1826 2242 ante
1856 2178 2060 2242 vacationem

554 2282 732 2347 huiusmodi
757 2301 865 2346 ornnes
888 2285 1094 2347 canonicatus
1117 2289 1150 2347 et
1164 2282 1345 2365 prebendas
1361 2301 1482 2347 necnon
1497 2281 1679 2361 dignitates
1703 2288 1893 2362 personatus
1910 2287 1943 2345 et
1958 2281 2063 2345 oiticia

556 2393 726 2470 ceteraque
748 2384 902 2452 beneficia
925 2387 1154 2466 ecclesiastica,
1177 2393 1252 2451 tunc
1284 2386 1370 2467 apud
1394 2386 1511 2450 dictam
1534 2386 1643 2450 sedem
1674 2404 1862 2466 quocunque
1893 2385 1988 2449 modo
2011 2405 2062 2450 va·

560 2492 671 2556 cancia
694 2497 726 2556 et
749 2492 878 2556 inantea
901 2499 1061 2571 vacatura,
1087 2491 1253 2557 collacioui
1277 2496 1310 2556 et
1333 2490 1536 2572 disposicioui
1559 2496 1667 2555 nostre
1691 2488 1836 2554 duximus
1860 2490 2062 2566 reservanda,

556 2596 763 2660 alacarnentes
786 2602 903 2660 extunc
925 2596 1049 2660 irritum
1074 2595 1233 2673 stitione,
1258 2594 1284 2658 si
1309 2593 1385 2675 quid
1409 2612 1502 2658 secus
1525 2612 1622 2675 super
1643 2592 1707 2660 hiis
1730 2611 1928 2674 equaquam
1952 2596 2062 2675 quavis

556 2701 748 2765 auctoritate
764 2699 903 2765 scienter
924 2700 974 2764 vel
998 2700 1181 2782 ignoranter
1204 2698 1401 2780 contingeret
1425 2699 1627 2779 attemptari:
1652 2715 1709 2762 nos
1728 2696 1872 2763 volentes
1892 2699 1952 2764 tibi
1975 2717 2006 2779 p.
2023 2719 2059 2763 m.

556 2812 580 2870 t.
605 2806 625 2869 i.
649 2824 677 2887 g.
702 2802 724 2868 i.
748 2823 784 2882 s,
809 2805 1027 2869 canonicatum
1051 2807 1084 2867 et
1107 2802 1299 2884 prebendam
1331 2821 1367 2865 ac
1397 2802 1632 2882 preposituram
1659 2800 1821 2881 predictos
1844 2804 1890 2865 sic
1914 2809 2064 2868 vorantes

560 2928 630 2974 cum
654 2927 684 2989 p.
709 2908 729 2973 i.
754 2926 780 2972 c.
811 2927 848 2972 ac
879 2927 907 2971 o.
938 2908 957 2972 i.
992 2913 1026 2973 ot
1054 2927 1085 2989 p.
1116 2926 1141 2973 s.
1175 2913 1263 2971 motu
1293 2907 1452 2988 proprio.
1479 2956 1485 2969 .
1510 2954 1550 2969 ..
1582 2905 1758 2987 apostolica
1787 2906 1846 2970 tibi
1876 2908 2065 2970 auctoritate

559 3011 749 3076 corriorimus
773 3016 806 3075 et
829 3011 869 3075 de
893 3010 956 3075 illis
979 3012 1080 3075 eciam
1102 3010 1306 3093 providemus
1309 3059 1444 3073 .....
1470 3011 1509 3074 Ι).
1529 3009 1614 3092 apud
1629 3009 1873 3091 Villamnouom,
1897 3012 1935 3075 Α.
1960 3010 2001 3089 d.‚
2024 3010 2063 3074 id.

564 3116 701 3198 Augusti
724 3134 752 3179 a.
776 3116 886 3180 tercio.

664 3220 701 3284 In
724 3238 752 3284 e.
776 3239 816 3283 m.
840 3239 869 3283 v.
892 3218 914 3284 f.
939 3270 946 3283 .
971 3272 978 3285 .
1003 3219 1242 3301 archiepiscopo
1265 3218 1396 3301 Rigeusi
1420 3225 1453 3282 ot
1476 3218 1527 3283 dd.
1550 3217 1581 3284 ff.
1603 3269 1610 3283 .
1630 3269 1638 3283 .
1655 3220 1819 3302 preposito
1835 3218 2066 3285 Tharbacensis

561 3343 597 3388 ao
622 3374 628 3388 .
654 3373 661 3388 .
686 3323 806 3389 decano
829 3323 1030 3389 Reualiensis
1054 3322 1260 3388 ecclesiarum
1284 3340 1309 3387 s.
1334 3373 1341 3386 .
1367 3372 1374 3387 .
1399 3372 1406 3387 .
1431 3372 1438 3386 .
1463 3324 1502 3388 Ι).
1526 3330 1562 3388 ut
1584 3342 1609 3386 s,

666 3539 814 3594 Clementis
830 3539 867 3592 Vl
880 3541 913 3593 A.
927 3538 996 3608 Illic
1010 3540 1065 3605 (ta)
1080 3538 1098 3592 i.
1111 3540 1170 3592 tto'
1184 3557 1211 3594 n.
1225 3544 1248 3606 7,
1261 3537 1295 3593 dc
1309 3538 1487 3607 dignitatibus
1499 3540 1658 3596 vacantibus
1677 3557 1723 3608 qu.
1745 3550 1755 3594 ι
1771 3559 1805 3591 :
1817 3540 1848 3594 V.
1865 3547 1914 3593 tot
1926 3540 1945 3593 i.
1959 3545 1992 3594 sd
2003 3556 2031 3594 n.
2043 3545 2064 3593 7.

564 4159 657 4225 416.
682 4158 837 4237 diopistra
869 4154 1007 4219 Geratdo
1037 4155 1075 4218 dc
1105 4159 1264 4235 diapaaco
1290 4156 1474 4238 praemietur
1503 4158 1541 4221 dc
1562 4158 1750 4222 carmaicatu
1779 4162 1808 4220 et
1831 4158 2016 4242 praebenda
2037 4159 2070 4222 ia

877 4259 1007 4323 ccclesia
1034 4261 1188 4340 Praprasi
1210 4262 1405 4326 uocantibus.
1430 4263 1546 4326 armna
1567 4267 1603 4326 at
1625 4264 1659 4326 ia
1681 4284 1711 4328 u.
1734 4266 1765 4327 4.

690 4345 697 4416 Ι

675 4433 711 4587 ξ
1322 4458 1419 4543 Apta
1449 4461 1685 4541 lectitantium,
1713 4463 1795 4526 racc
1816 4459 1955 4542 cocao
1977 4465 2030 4528 ιι.

674 4677 711 4740 Ι).
737 4675 1092 4754 s.magist1·oGeraldo
1123 4676 1162 4739 do
1194 4678 1357 4756 stagnata,
1393 4679 1542 4742 canonico
1573 4680 1734 4761 Pragensi‚
1770 4679 1932 4762 capellano
1954 4686 2074 4757 nostra,

570 4782 602 4844 in
625 4786 760 4861 utroquo
785 4781 853 4843 iuro
876 4779 1053 4857 licenciato,
1088 4800 1112 4844 c.
1137 4788 1196 4846 cto.
1240 4782 1435 4846 Litterarum
1465 4783 1612 4859 sciencia,
1635 4784 1701 4846 vite
1723 4803 1759 4847 ac
1781 4803 1901 4847 morum
1924 4782 2076 4848 honestas

571 4935 578 4948 .
603 4936 610 4948 .
636 4935 642 4948 .
668 4934 674 4947 .
697 4883 776 4948 Cum
801 4885 908 4965 itaque
931 4886 1136 4950 canonicatus
1155 4892 1188 4949 et
1203 4886 1365 4967 prebenda
1380 4887 1514 4950 ecclesie
1530 4887 1709 4969 pragensis,
1733 4906 1813 4968 quos
1836 4887 1865 4950 d.
1882 4888 1904 4952 f.
1921 4887 2075 4953 Sdenlaus

571 4988 610 5051 de
633 4987 833 5066 Sternborch,
857 4987 1086 5053 olimoiusdem
1101 4989 1236 5055 ecclesie
1253 4992 1432 5068 canonicus,
1457 4990 1575 5054 dudum
1591 4991 1737 5067 obtinuit,
1761 5010 1819 5072 per
1840 4990 1973 5056 liberam
1997 4991 2076 5055 rosi-

571 5091 888 5173 gnaoionemipsius
913 5092 1111 5157 inmanibus
1142 5093 1171 5157 d.
1194 5094 1216 5159 f.
1248 5114 1276 5158 n.
1301 5094 1467 5172 (tuicionis,
1490 5094 1576 5158 tituli
1608 5101 1716 5159 sancte
1747 5096 1865 5160 (Jeailie
1897 5095 2077 5176 presbyteri

572 5194 753 5272 cardinalis,
776 5194 860 5275 aprud
883 5195 1087 5276 apostolicam
1105 5197 1211 5261 sedem
1228 5217 1285 5280 per
1300 5204 1536 5279 procuratorem
1559 5218 1661 5275 suurn,
1679 5199 1720 5262 ad
1742 5198 1800 5264 hoc
1825 5199 1864 5262 ab
1880 5217 1919 5263 eo
1936 5199 2078 5280 speciale

573 5299 754 5362 rnandatum
783 5299 963 5377 habentem,
989 5305 1101 5381 sponte
1132 5301 1246 5366 iactam
1277 5307 1311 5364 ot
1340 5302 1379 5365 ab
1409 5303 1521 5366 eodem
1552 5302 1705 5367 cardinali
1736 5303 1774 5367 de
1797 5303 1945 5366 mandato
1968 5309 2077 5367 nostro

574 5404 634 5468 sibi
659 5422 755 5484 super
777 5402 835 5467 hoc
859 5403 943 5468 facto
967 5405 1094 5468 ‹iraculo
1118 5405 1188 5469 vivo
1211 5407 1298 5471 vocis
1326 5406 1506 5484 admissam,
1530 5407 1614 5488 aliud
1645 5407 1752 5470 sedern
1783 5408 1883 5488 ipsam
1914 5409 2078 5472 vacavisse

575 5513 607 5570 et
630 5508 668 5571 ad
693 5526 823 5588 presens
847 5528 958 5572 vacrn'e
972 5516 1151 5589 noscantur,
1175 5511 1344 5591 nullusque
1368 5511 1507 5592 deipsis
1530 5518 1638 5593 preter
1661 5531 1717 5576 nos
1733 5511 1792 5576 hac
1816 5513 1885 5576 vice
1909 5511 2079 5593 disponere

576 5613 677 5692 possit
699 5632 756 5693 pro
779 5632 826 5690 cio,
850 5613 933 5694 quod
956 5631 1014 5677 nos
1045 5612 1162 5678 dudum
1192 5620 1266 5678 ante
1297 5616 1499 5679 vacacionoru
1529 5615 1708 5681 huiusmodi
1738 5635 1847 5681 omncs
1874 5618 2080 5682 canonicatus

576 5722 609 5778 et
632 5715 809 5796 protractas
832 5723 1004 5797 ceteraque
1027 5716 1181 5781 beneficia
1199 5717 1426 5799 ecclesiastica,
1444 5728 1518 5785 tunc
1534 5722 1617 5803 apud
1634 5722 1750 5785 dictam
1768 5722 1874 5785 sedem
1890 5740 2079 5804 quocunque
