5184 7050
1923 864 1984 930 251

462 1062 607 1127 verbum
631 1081 690 1146 per
713 1065 782 1129 eius
813 1070 961 1146 patentes
995 1064 1123 1130 litteras
1157 1084 1214 1130 suo
1250 1064 1354 1147 sigillo
1386 1068 1528 1148 signatas
1558 1084 1617 1150 per
1648 1071 1809 1151 proprium
1839 1073 1987 1137 nuncium

467 1169 670 1247 quantocius
693 1167 856 1233 destinare
879 1169 1008 1234 curetis.
1034 1171 1070 1235 D.
1096 1169 1181 1251 apud
1190 1172 1214 1250 ‘l
1238 1170 1482 1250 Villamneuam,
1506 1172 1543 1237 A.
1568 1171 1609 1250 d,
1634 1173 1731 1240 VIIII
1756 1173 1818 1239 kal.
1843 1175 1987 1256 Septem·

469 1270 557 1348 bris,
580 1290 611 1353 p.
635 1269 702 1351 nl)
725 1291 754 1337 a.
778 1272 888 1337 tercio.
901 1271 925 1353 1)

582 1458 722 1528 originale
744 1476 805 1514 eum
832 1460 907 1515 bulla
931 1459 1062 1529 plumbea
1079 1461 1107 1516 in
1126 1461 1172 1515 filo
1191 1461 1324 1516 cannabis
1352 1462 1380 1515 iu
1405 1462 1525 1517 archivio
1549 1465 1662 1533 capituli
1686 1465 1833 1534 Pragensis
1858 1464 1933 1522 VIII.
1959 1472 1986 1522 3.

470 1544 665 1612 Registratum
684 1547 711 1600 iu
730 1548 763 1600 A.
783 1547 838 1615 Illo
857 1553 912 1617 (76)
931 1546 949 1601 i.
969 1553 1029 1613 343,
1050 1547 1205 1603 litterarum
1229 1551 1412 1604 communium
1439 1567 1483 1618 qu.
1506 1551 1605 1607 l:l'.
1627 1559 1674 1606 159
1693 1553 1710 1607 l.
1730 1558 1779 1607 447
1799 1569 1824 1608 ιι.
1847 1557 1922 1608 1821.
1952 1555 1983 1609 lu

470 1632 601 1700 registris
621 1634 685 1688 nuni
702 1637 775 1689 tertii
793 1650 847 1688 nou
866 1635 1017 1704 repetituri
1036 1666 1070 1675 -
1090 1635 1139 1689 Do.
1159 1635 1245 1691 RDM.
1263 1637 1302 1690 IV
1321 1654 1347 1692 n.
1369 1643 1442 1693 1429.
1463 1668 1497 1678 -
1524 1642 1547 1706 ΙΙ)
1566 1638 1700 1705 ‚Clemens
1714 1671 1746 1678 -
1760 1639 1813 1694 dei‘
1833 1657 1884 1694 om.
1905 1640 1933 1693 in
1950 1642 1984 1694 A·

472 1719 505 1784 ὓ)
525 1723 596 1783 ‚eta‘
614 1720 675 1773 loco
693 1727 731 1787 ,et
748 1719 929 1791 apostolicam
947 1721 1181 1777 benediccionem‘
1199 1724 1233 1780 Α.
1259 1730 1282 1789 τ)
1300 1723 1391 1790 ,adud‘
1410 1727 1443 1779 Α.
1471 1726 1495 1787 1¹)
1514 1725 1699 1793 ,pontificatus
1717 1726 1813 1780 nostri‘
1833 1742 1884 1781 om.
1904 1726 1931 1780 in
1951 1730 1984 1781 Α.

473 1835 509 1842 -
534 1807 554 1870 ¹)
573 1805 673 1860 Datum
693 1807 720 1861 in
740 1808 773 1862 Α.
793 1807 951 1877 suppletum
977 1809 1012 1862 ab
1037 1809 1092 1864 alia
1117 1826 1207 1864 ιιιιιιιιι.
1232 1811 1264 1864 lu
1290 1811 1413 1880 margine
1439 1812 1457 1864 l.
1482 1813 1542 1864 343⁹
1561 1817 1640 1865 uota:
1670 1812 1779 1877 ,Deficit
1796 1812 1860 1867 data
1878 1813 1906 1866 in
1925 1813 1985 1867 istis

472 1890 594 1944 duabus‘
612 1892 683 1962 [scil.
704 1893 732 1946 in
751 1901 846 1948 nostro
865 1911 892 1948 n.
910 1901 959 1948 417
979 1903 1006 1949 et
1025 1897 1097 1965 ttdl.
1117 1897 1152 1950 Et
1170 1897 1269 1951 iterum
1288 1896 1344 1951 alia
1362 1914 1459 1953 maniis
1479 1899 1632 1953 subiunxit:
1652 1900 1754 1966 ,Posita
1772 1905 1832 1955 est‘.

1133 2179 1338 2186 ——-——

473 2516 571 2582 419.
593 2513 739 2591 Arsesa,
763 2515 998 2603 archiepiscopo
1031 2520 1195 2601 Prageasi,
1226 2522 1352 2604 circaque
1382 2522 1612 2588 successoribus
1637 2522 1776 2606 palliam
1807 2523 1986 2589 concedatur

707 2625 738 2684 et
759 2621 950 2704 iadcdpetar,
973 2625 1009 2686 at
1030 2624 1100 2707 ipso
1123 2625 1217 2688 certis
1239 2627 1398 2709 expressis
1421 2626 1529 2691 diebus
1550 2627 1599 2690 ati
1617 2627 1751 2709 possint.

1232 2833 1328 2916 Apud
1359 2833 1597 2911 Villamaocam,
1620 2837 1707 2899 1344
1730 2835 1868 2917 Aapcasti
1888 2839 1941 2902 25.

584 3036 731 3104 Clemens
754 3042 934 3123 episeopus,
958 3060 983 3106 s.
1007 3060 1032 3106 s.
1057 3042 1133 3124 d.·),
1157 3042 1198 3107 ad
1220 3062 1250 3125 p.
1275 3062 1299 3109 r.
1316 3063 1357 3108 m.
1381 3043 1592 3109 Attendentes
1609 3044 1800 3126 Pragensem
1817 3045 1985 3111 eeclesiam

476 3159 592 3224 magne
613 3142 709 3207 titulo
732 3144 898 3227 dignItatis
921 3146 1006 3211 inter
1028 3146 1110 3211 alias
1133 3148 1276 3229 parcium
1300 3147 1423 3212 illarum
1453 3147 1607 3213 ecclesias
1637 3149 1829 3232 prefulgere,
1857 3151 1985 3230 dignum

477 3251 512 3310 et
533 3247 730 3313 racionabile
752 3248 820 3313 fore
843 3250 1065 3331 conspicimus,
1088 3256 1124 3316 ut
1147 3252 1249 3333 ipsam
1268 3251 1461 3332 Pragenscm
1485 3250 1653 3317 ecclesiam
1670 3259 1702 3318 et
1718 3254 1984 3336 archiepiscopos,

476 3350 532 3431 qui
555 3368 614 3432 pro
635 3356 779 3435 tempore
801 3353 847 3418 illi
870 3354 1056 3436 prefuerint,
1080 3355 1302 3439 spiritualibus
1317 3355 1496 3437 graciarum
1518 3355 1743 3438 longislonibus
1760 3357 1792 3422 in
1808 3358 1869 3422 hiis
1885 3359 1985 3439 potis·

477 3454 567 3533 sime,
601 3474 664 3538 que
696 3455 738 3521 ad
768 3475 859 3521 suum
882 3456 980 3524 decus
1010 3465 1043 3525 et
1074 3459 1281 3525 decoramen
1305 3460 1406 3542 ipsius
1437 3459 1572 3526 ecclesie
1603 3460 1796 3527 excellencia
1819 3461 1984 3545 diguitatis

476 3557 683 3642 pertinenti),
706 3560 905 3627 honoremus.
929 3563 1039 3646 Nuper
1061 3564 1217 3645 siquidem
1240 3564 1448 3629 suadentibus
1470 3565 1713 3630 racionabilibus
1733 3567 1837 3630 causis
1853 3568 1984 3631 eandem

476 3662 668 3746 Prageuscm
692 3664 868 3746 ecelesiam,
892 3666 966 3732 olim
989 3667 1218 3750 suffraganeam
1242 3668 1377 3732 ecclesie
1401 3668 1586 3751 hlaguntinc
1608 3690 1645 3735 ac
1668 3670 1802 3735 tanede
1825 3672 1984 3751 prroviucia

477 3766 666 3849 Magrmtina
688 3771 886 3851 existentem,
910 3777 944 3836 et
966 3792 995 3836 r.
1018 3772 1039 3837 f.
1063 3792 1093 3836 ιι.
1117 3773 1264 3851 Amesto,
1288 3773 1436 3854 episeopo
1467 3772 1541 3837 olim
1571 3774 1734 3856 Pragensi,
1757 3774 1789 3838 in
1812 3775 1985 3857 arehiepis-

477 3888 591 3952 copum
615 3872 805 3956 ngensem
817 3874 930 3953 electo,
942 3875 1087 3958 regimini
1103 3875 1245 3940 eiusdem
1260 3876 1429 3958 Prageusis
1445 3875 1580 3940 ecclesIe
1597 3878 1786 3959 presidente,
1800 3877 1840 3941 de-
1852 3878 1984 3943 fratrum

476 3981 657 4041 uostrorum
681 3978 846 4066 consilia)
877 3984 910 4044 et
940 3979 1114 4062 apostolice
1144 3979 1342 4061 plenitudine
1373 3980 1543 4061 potestatis
1574 3981 1605 4044 in
1629 3981 1929 4064 archiepiscopalem
1953 3990 1985 4046 et

475 4080 753 4163 metropolitanam
775 4084 933 4148 ereximus
960 4089 993 4147 ct
1015 4084 1186 4148 honoribus
1217 4102 1254 4148 ac
1285 4084 1429 4165 insigniis
1460 4084 1545 4149 sedis
1575 4085 1807 4166 metropolitico
1838 4087 1984 4151 duximus

476 4185 698 4265 ‹lec-orandam,
723 4192 756 4250 et
777 4187 991 4266 attendentes
1026 4187 1109 4269 quod
1144 4189 1212 4270 ipse
1243 4188 1399 4252 hruaestus
1430 4188 1460 4251 iu
1492 4188 1635 4252 elusdem
1658 4189 1826 4271 Prageusis
1850 4190 1984 4255 ecclesie

476 4291 642 4372 regImine,
666 4291 739 4357 dum
763 4292 955 4375 episcopalis
979 4293 1147 4368 existebat,
1171 4291 1325 4356 hactenus
1352 4310 1387 4355 se
1409 4292 1509 4373 gessit
1532 4290 1669 4356 fideliter
1691 4298 1724 4356 et
1747 4295 1928 4375 prudenter,
1953 4301 1985 4359 et

476 4395 562 4476 quod
586 4394 664 4459 illud
688 4396 893 4478 imposterum
916 4397 1074 4461 attentius
1103 4401 1239 4479 gereret,
1273 4395 1432 4476 prelatum
1465 4397 1633 4460 hruestum
1666 4396 1726 4477 ipsi
1749 4397 1885 4462 ecclesie
1907 4400 1984 4464 Pra-

474 4500 565 4581 gensi
598 4500 631 4564 in
661 4501 934 4583 arehiepiscopum
973 4501 1162 4583 proiecimus
1200 4506 1231 4565 et
1261 4504 1431 4582 pastorem,
1467 4519 1574 4564 euram
1612 4507 1645 4565 et
1674 4502 1985 4567 aelrrrinistracionem

475 4604 579 4686 ipsius
602 4603 706 4669 eidem
729 4606 867 4671 Amesto
890 4606 922 4670 in
946 4604 1167 4688 spiritualibus
1181 4608 1215 4668 et
1229 4604 1457 4685 temporalibus
1473 4604 1705 4683 committendo,
1730 4605 1854 4687 sibique
1870 4606 1984 4671 deinde

475 4708 629 4790 palleum,
653 4710 776 4793 insigne
798 4709 948 4775 videlicet
971 4709 1178 4791 plenitudinis
1209 4707 1401 4789 pontificalis
1424 4707 1530 4786 officii,
1539 4706 1564 4789 11)
1595 4708 1727 4773 anobis
1750 4728 1788 4773 ex
1812 4716 1902 4792 parte
1925 4729 1984 4774 sua

475 4813 641 4880 humiliter
670 4814 876 4896 postulatum,
901 4814 1048 4880 duximus
1078 4813 1323 4878 concedendum.
1369 4813 1414 4878 Ut
1436 4818 1541 4877 autern
1572 4813 1656 4878 idem
1679 4815 1835 4879 Aruestus
1858 4820 1891 4878 et
1914 4814 1984 4878 eius

476 4936 691 4998 successores,
714 4919 947 5001 archiepiscopi
969 4919 1155 5000 Pragenses,
1180 4919 1234 4999 qui
1257 4919 1383 4997 eruut⁰)
1409 4936 1464 4998 pro
1483 4921 1634 5000 temporo,
1651 4936 1689 4981 eo
1705 4918 1857 4983 licencius
1880 4917 1983 4999 palleo

476 5025 523 5088 uti
545 5023 682 5106 possint,
706 5042 767 5106 quo
791 5023 971 5105 specialiori
994 5022 1168 5104 apostolice
1192 5022 1278 5086 sedis
1302 5040 1399 5103 super
1429 5021 1487 5086 hoc
1518 5020 1636 5085 luerint
1659 5021 1823 5105 privilegio
1846 5040 1983 5086 eommu-

475 5127 546 5205 niti,
571 5128 673 5210 ipsius
695 5128 825 5193 Amasti
849 5127 1137 5210 supplicacionibus
1160 5127 1303 5191 inclinati
1327 5126 1430 5191 eidem
1454 5127 1591 5190 Arnesto
1615 5130 1648 5188 et
1663 5125 1900 5189 successoribus
1916 5126 1983 5190 suis

476 5230 657 5313 prelatis,')
680 5237 717 5296 ut
740 5232 772 5296 in
795 5231 867 5312 ipsa
886 5231 1038 5313 Pragensi
1054 5235 1087 5293 et
1102 5230 1175 5296 aliis
1191 5249 1248 5296 sue
1263 5230 1432 5312 Pragensis
1448 5230 1610 5311 provincie
1625 5228 1778 5307 ecclesiia,
1802 5228 1983 5303 videlicetssl

476 5336 508 5401 iu
532 5334 721 5400 Natiuitatis
745 5336 872 5399 Domini
896 5342 929 5399 et
951 5335 1037 5399 beati
1061 5334 1218 5399 Iohannis
1241 5334 1457 5414 Evangeliste,
1482 5334 1583 5397 saneti
1607 5332 1760 5414 Stephani
1787 5337 1819 5397 et
1844 5333 1984 5397 Circum·

475 5439 606 5505 cisionis
630 5457 669 5504 ac
687 5439 867 5521 Epiphanio
885 5439 1009 5504 Domini
1025 5437 1376 5519 Ramispalmarumque
1391 5444 1424 5501 et
1441 5437 1525 5501 Ceno
1541 5436 1677 5515 Domini,
1702 5436 1840 5501 Sabbata
1856 5437 1982 5513 Sancto,

473 5546 580 5611 tribus
603 5545 716 5609 diebus
738 5543 997 5609 Resurreecionis
1020 5561 1140 5607 necnon
1174 5542 1204 5605 in
1228 5542 1433 5606 ascensionis
1463 5540 1599 5618 Domini,
1623 5540 1838 5617 Pentecostes,
1861 5540 1984 5605 Nativi-

474 5651 555 5717 tatis
579 5650 683 5714 saneti
706 5648 862 5714 Iohannis
885 5648 1030 5730 llaptiste
1065 5652 1097 5711 et
1126 5646 1264 5709 οιιιιιίιιιιι
1294 5644 1508 5727 apestolorum
1542 5650 1575 5707 et
1604 5648 1741 5723 quatuor
1763 5643 1857 5708 beate
1881 5644 1983 5709 llario

474 5755 627 5838 Virginis,
652 5753 683 5817 in
707 5753 1007 5818 cerrrruemeraeione
1038 5751 1186 5816 Omnium
1216 5749 1403 5814 &namnum
1432 5754 1465 5812 et
1487 5747 1588 5812 sancti
1612 5747 1779 5811 Mlchaelis
1802 5747 1983 5829 archangeli
