5184 7050
646 831 710 897 278

645 1034 739 1103 469.
773 1031 909 1099 Henaeo
937 999 1096 1114 amabam
1124 1030 1263 1096 &orodi
1285 1031 1324 1095 de
1348 1029 1500 1111 Glopooic
1527 1029 1714 1113 procidebas
1735 1028 1774 1092 dc
1796 1029 1989 1094 canonicatu
2010 1027 2156 1095 eccleciae

809 1135 1068 1200 Vectislcce'ensis
1090 1135 1147 1198 snb
1169 1134 1385 1217 expectat-ione
1402 1133 1614 1218 praebendae.
1660 1135 1776 1198 Formo
1798 1138 1835 1196 ol
1856 1134 1891 1197 in
1913 1156 1943 1200 a.
1967 1136 1998 1200 6.

1557 1324 1720 1400 Aoiaione,
1743 1328 1830 1390 1344
1853 1324 2038 1389 Decembris
2059 1329 2110 1390 22.

752 1518 791 1581 D.
807 1518 828 1583 i.
845 1516 993 1594 Henric0,
1010 1522 1085 1582 nato
1105 1516 1263 1600 quondam
1287 1516 1425 1582 Conradi
1441 1517 1480 1580 de
1496 1515 1661 1598 Glogouia,
1679 1516 1828 1582 canonico
1845 1516 2111 1596 Wratislauiensi,
2127 1536 2150 1581 s.

649 1622 812 1688 Attributa
841 1623 899 1686 tibi
929 1622 1096 1703 probitatis
1127 1626 1160 1685 et
1189 1623 1342 1686 virtutum
1372 1622 1485 1686 merita
1501 1671 1508 1684 .
1527 1671 1533 1683 .
1551 1671 1583 1684 ..
1606 1620 1758 1686 Volentes
1789 1622 1897 1702 itaque
1921 1622 1989 1699 tibi,
2015 1641 2152 1704 proquo

649 1727 750 1790 eciam
772 1745 801 1788 v.
826 1725 846 1790 f.
871 1747 900 1790 n.
925 1726 1102 1805 Preczlaus,
1126 1724 1401 1790 Wratislauiensis
1425 1725 1602 1807 episcopus
1626 1731 1659 1789 te
1688 1726 1909 1808 presbyterum
1939 1745 1978 1790 ac
2009 1744 2101 1790 suum
2123 1732 2152 1790 et

649 1829 783 1893 ecclesie
806 1848 863 1894 sue
886 1829 1159 1895 Wratislauiensis
1182 1831 1346 1911 antiquum
1370 1829 1554 1893 servitorem
1578 1829 1715 1894 existere
1739 1847 1895 1907 asserens,
1918 1830 2012 1894 nobis
2043 1831 2075 1893 in
2097 1829 2150 1894 hac

649 1940 740 2015 parte
762 1933 924 1998 humiliter
946 1930 1146 2016 supplicavit,
1165 1953 1195 2014 p.
1216 1935 1236 1999 i.
1253 1953 1282 2015 g.
1300 1933 1320 1998 i.
1338 1952 1373 2012 s,
1388 1934 1605 1997 canonicatum
1621 1932 1705 1997 dicte
1724 1932 1859 1997 ecclesie
1874 1932 2154 2009 Wratislauiensis,

650 2039 682 2102 in
705 2057 767 2119 qua
790 2037 933 2119 prefatus
956 2038 1124 2119 episcopus
1147 2038 1246 2102 eciam
1270 2039 1387 2102 asserit
1411 2037 1642 2119 prebendarum
1665 2037 1765 2118 ipsius
1793 2036 1928 2101 ecclesie
1951 2036 2153 2102 collacionem

649 2142 690 2208 ad
720 2143 903 2223 episcopum
926 2141 1231 2220 Wratislauiensem,
1264 2142 1318 2222 qui
1349 2146 1400 2205 ost
1433 2160 1489 2223 pro
1512 2146 1665 2224 tempore,
1689 2141 1860 2223 pertinere,
1884 2160 1955 2205 cum
1978 2161 2009 2224 p.
2033 2140 2055 2206 i.
2079 2161 2103 2206 c.
2126 2160 2153 2206 a.

651 2259 674 2310 t.
698 2265 726 2310 a.
752 2246 946 2310 conferimus
977 2251 1010 2310 et
1040 2246 1079 2310 de
1110 2246 1164 2311 illo
1193 2246 1294 2311 eciam
1325 2246 1536 2327 providemus,
1560 2245 1752 2327 prebendam
1775 2264 1860 2324 vero,
1883 2246 1910 2309 ai
1933 2265 1996 2328 qua
2019 2247 2053 2310 in
2075 2246 2155 2310 dicta

651 2347 786 2414 ecclesia
814 2354 908 2414 vacat
942 2350 982 2414 ad
1015 2369 1156 2432 presens,
1180 2351 1230 2414 vel
1254 2370 1325 2415 cum
1349 2352 1520 2428 vacaverit,
1538 2401 1544 2414 .
1563 2401 1570 2414 .
1588 2401 1619 2414 ..
1644 2350 1865 2415 conserendam
1888 2350 1946 2414 tibi
1963 2401 1970 2414 .
1988 2401 1995 2415 .
2014 2402 2021 2415 .
2041 2400 2047 2414 .
2071 2350 2102 2414 d.
2124 2369 2151 2415 a.

651 2472 873 2519 reservamus.
891 2505 898 2518 .
916 2504 924 2518 .
942 2473 966 2532 .;
1002 2474 1062 2519 non
1086 2455 1336 2519 obstantibus..
1357 2505 1388 2518 ..
1413 2455 1481 2518 sive
1504 2455 1587 2535 quod
1610 2459 1799 2537 perpetuum
1829 2452 2019 2519 beneficium
2049 2453 2154 2519 altaris

650 2559 751 2623 sancti
774 2558 893 2623 Thomc
916 2566 949 2625 et
972 2559 1130 2640 quandam
1164 2565 1352 2641 perpetuam
1384 2559 1535 2624 vicariam
1566 2560 1597 2622 in
1628 2556 1712 2623 dicta
1736 2556 1991 2622 Wratislauiensi
2021 2557 2155 2622 ecclesia

650 2663 791 2726 nosceris
813 2663 966 2727 obtinere.
991 2663 1144 2728 Volumus
1167 2667 1283 2740 autem,
1308 2662 1402 2743 (prod,
1426 2662 1657 2743 quamprimum
1680 2660 1787 2742 vigore
1809 2661 1969 2742 presentis
1994 2661 2103 2743 gracie
2125 2660 2154 2724 in

651 2767 737 2831 dicta
771 2767 907 2831 ecclesia
940 2767 1131 2847 prebendam
1162 2766 1292 2848 pacifice
1323 2766 1423 2830 fueris
1449 2772 1625 2843 assecutus,
1649 2762 1836 2829 beneficium
1859 2770 1893 2829 ct
1915 2765 2065 2830 vicariam
2088 2784 2155 2847 pre·

652 2870 778 2950 dictam,
803 2889 864 2952 que
896 2875 932 2935 ut
961 2872 1155 2953 promittitur
1184 2871 1318 2948 obtines,
1350 2874 1383 2933 et
1412 2888 1474 2951 quc
1505 2875 1621 2935 extunc
1654 2886 1769 2933 vacare
1799 2869 2009 2948 decernimus,
2033 2870 2154 2935 omnino

652 2974 813 3040 dimittere
835 2976 974 3040 tenearis
976 3024 1084 3040 .....
1108 2976 1147 3039 Ι).
1171 2976 1329 3040 Aninione
1353 2974 1400 3039 lll
1422 2973 1486 3038 kal.
1509 2974 1654 3040 ianuarii
1677 2993 1705 3038 a.
1729 2975 1837 3038 tercio.

756 3079 794 3143 ln
824 3099 850 3143 e.
882 3098 922 3142 m.
954 3078 1005 3143 dd.
1035 3078 1066 3145 ff.
1085 3130 1116 3144 ..
1140 3080 1247 3144 abbati
1279 3079 1465 3143 monasterii
1488 3079 1589 3143 sancti
1613 3078 1775 3143 Vincencii
1799 3082 1832 3142 et
1856 3128 1887 3142 ..
1912 3078 2033 3143 decano
2049 3083 2155 3143 sancte

653 3181 765 3247 Crucis
787 3182 1058 3248 Wratislauiensis
1082 3203 1118 3248 ao
1138 3235 1170 3250 ..
1195 3183 1418 3249 archidiacono
1440 3183 1590 3248 Eluonsis
1621 3182 1826 3247 ecclesiarum
1850 3201 1874 3247 s.
1900 3232 1984 3247 ....
2009 3183 2049 3247 Ι).
2074 3188 2109 3246 ut
2129 3201 2153 3245 s,

759 3388 908 3443 Clementis
926 3388 1016 3441 VIA.
1035 3389 1103 3457 lllso
1123 3390 1178 3459 (81)
1198 3389 1215 3443 f.
1235 3391 1295 3443 516¹
1321 3406 1346 3442 n.
1373 3395 1414 3456 47,
1440 3388 1473 3442 de
1497 3388 1663 3457 praebendis
1688 3387 1825 3442 vacaturis
1849 3404 1894 3457 qu.
1920 3393 1946 3455 2,
1964 3388 2076 3443 rubrica
2100 3388 2155 3442 sola

653 3482 816 3548 (quaternus
835 3475 951 3542 delicit);
977 3473 1086 3530 litterae
1104 3476 1131 3529 in
1151 3476 1182 3531 V.
1204 3482 1252 3530 163
1271 3475 1289 3530 i.
1309 3481 1360 3530 256
1379 3492 1405 3529 ιι.
1424 3482 1465 3530 47.
1479 3506 1512 3514 -
1528 3475 1712 3542 liegistratum
1731 3474 1759 3529 in
1779 3472 1875 3529 ZVGA
1895 3472 2057 3530 Schlesiens
2077 3474 2155 3541 XXV,

655 3570 714 3631 291,
733 3565 783 3620 sed
802 3579 916 3618 erronee
936 3563 987 3617 sub
1006 3563 1070 3619 data
1087 3570 1164 3631 ,1344
1182 3564 1308 3619 Octobris
1330 3569 1377 3617 10‘.

1302 3826 1506 3838 ———

652 4144 744 4210 470.
784 4140 945 4206 Unioersis
976 4139 1187 4224 patriarchis,
1222 4138 1478 4224 archiepiscopis,
1511 4138 1666 4223 episeopis
1700 4143 1730 4203 et
1758 4137 1905 4221 personis
1937 4136 2157 4204 ecclesiasticis

652 4246 835 4320 mandatur,
869 4249 1024 4328 eumenus
1049 4244 1187 4310 deroldo
1209 4245 1247 4309 de
1271 4248 1439 4325 dlopncco,
1470 4243 1580 4307 cantio
1607 4242 1786 4326 apostolico,
1810 4241 1987 4327 adportes
2010 4242 2158 4308 Alcinoo·

654 4350 727 4416 niae
749 4354 779 4414 et
802 4349 972 4414 Bobemiae
995 4349 1161 4430 malinae,
1189 4370 1252 4431 pro
1274 4350 1342 4413 sais
1365 4348 1553 4413 accessoriis
1575 4351 1605 4411 et
1627 4348 1665 4411 de
1685 4367 1793 4412 secoro
1822 4346 1976 4411 conducio
1997 4347 2159 4432 prouidere

1313 4458 1493 4537 procurent.

1562 4572 1725 4655 Acinioac,
1748 4576 1834 4638 1344
1858 4572 2043 4639 Decembris
2064 4578 2118 4640 28.

760 4786 816 4851 Vv.
840 4783 871 4850 ff.
895 4784 1096 4868 patriarchis
1120 4783 1370 4866 archiepiscopis
1400 4790 1433 4849 et
1458 4784 1617 4867 episcopis
1640 4802 1677 4849 ac
1700 4784 1751 4848 dd.
1775 4782 1805 4848 ff.
1830 4781 1953 4860 clectis,
1977 4782 2156 4860 abbatibus,

653 4891 822 4973 prioribus,
858 4890 995 4968 decanis,
1030 4889 1210 4972 prepositis
1246 4889 1487 4967 archidiaconis
1522 4888 1817 4970 archipresbyteris,
1852 4886 1998 4968 plebanis
2026 4906 2065 4952 ac
2088 4887 2156 4952 aliis

653 4993 862 5059 ecclesiarum
884 4993 1017 5075 prelatis
1048 4999 1081 5058 et
1105 4993 1281 5057 rectoribus
1312 5012 1484 5075 eorumque
1514 4993 1601 5054 vices
1631 4992 1815 5072 gerentibus
1846 5008 1882 5055 ac
1912 4989 1986 5057 aliis
2016 4992 2156 5073 personis

654 5098 890 5176 ecclesiasticis
914 5097 1072 5179 religiosis
1092 5101 1125 5160 et
1141 5097 1349 5176 secularibus
1373 5099 1528 5179 oxenrptis
1545 5100 1578 5160 et
1592 5114 1654 5159 non
1670 5095 1836 5176 exemptis,
1861 5094 2010 5176 capitulis
2034 5112 2156 5179 quoquc

654 5202 862 5266 conventibus
886 5200 1118 5279 Cisteroionsis,
1154 5202 1383 5281 Cluniacensis,
1416 5202 1641 5277 Uartusiensis
1674 5199 1988 5279 Premonstratcnsis
2024 5198 2156 5267 Grandi·

652 5306 837 5382 montensis,
861 5310 1042 5369 sanctorum
1066 5306 1232 5371 Benedicti
1253 5311 1286 5369 et
1302 5306 1473 5387 Augustini
1489 5305 1671 5369 stallorum
1687 5303 1833 5367 ordinum
1848 5322 1969 5367 necnon
1991 5303 2156 5385 hospitalis

654 5410 755 5475 sancti
777 5409 932 5473 iohannis
962 5408 1222 5489 ierosolimitani,
1258 5412 1351 5474 beato
1382 5410 1483 5474 llario
1517 5408 1782 5474 Thoutonicorum
1813 5412 1847 5471 et
1877 5407 2096 5474 Calatrarensi
2124 5427 2155 5473 ac

654 5514 901 5580 Humiliatomm
923 5515 1095 5596 magistris,
1118 5515 1287 5596 prioribus,
1311 5515 1561 5597 preceptoribus,
1586 5515 1626 5579 ad
1649 5532 1728 5596 quos
1745 5520 1911 5594 presentes
1927 5514 2036 5580 littere
2050 5531 2155 5596 parve

654 5622 768 5700 norint,
803 5639 828 5685 s.
852 5618 947 5704 otor)
994 5618 1073 5684 (ium
1104 5619 1133 5685 d.
1168 5620 1190 5684 i.
1220 5620 1407 5701 rungistrum
1439 5618 1610 5684 Goroldum
1642 5620 1682 5684 de
1712 5619 1877 5701 Magnaco,
1904 5619 2155 5684 archidiaconum

655 5724 694 5790 de
716 5725 868 5791 Bantesio
891 5724 923 5788 in
947 5724 1083 5789 ecclesia
1107 5724 1358 5802 constanciensi,
1383 5723 1582 5805 capellanum
1605 5728 1756 5803 nostrum,
1780 5723 1820 5787 ad
1836 5728 1946 5805 partes
1962 5723 2155 5789 hllamannie
