5184 7050
1862 863 1926 932 285

412 1068 538 1133 ordinis
561 1069 663 1134 sancti
686 1068 863 1148 Benedicti,
887 1071 1074 1136 Leodieusis
1098 1072 1244 1150 diocesis,
1276 1073 1315 1136 de
1345 1073 1410 1139 tuis
1432 1074 1572 1138 moribus
1595 1078 1629 1137 11
1650 1072 1808 1154 probitate
1832 1071 1927 1137 conii-

413 1172 505 1251 dens,
522 1174 683 1255 prioratus
697 1175 798 1238 sancti
814 1174 988 1240 Theobaldi
1005 1176 1044 1240 dc
1060 1177 1350 1259 Castroportuensi,
1367 1178 1443 1243 dicti
1455 1178 1585 1255 ordinis,
1601 1176 1767 1241 Remensis
1779 1176 1924 1257 diocesis,

414 1297 525 1343 curam
549 1284 582 1343 et
604 1279 755 1360 regimen,
779 1279 870 1343 cuius
893 1280 1020 1361 quidem
1043 1282 1202 1362 prioratus
1225 1281 1349 1347 fructus
1372 1301 1396 1346 r.
1421 1288 1454 1346 et
1476 1301 1507 1362 p.
1530 1283 1643 1365 viginti
1665 1280 1817 1345 librarum
1839 1282 1926 1347 Pari·

413 1383 569 1447 sieusium
592 1401 618 1447 s.
641 1388 664 1447 t.
688 1383 717 1447 d
741 1382 882 1448 valorem
906 1403 1044 1448 annuum
1067 1391 1162 1466 prout
1184 1387 1340 1451 asseritur
1356 1406 1416 1451 nou
1433 1387 1600 1464 excedunt,
1625 1389 1811 1450 consuetum
1819 1388 1845 1467 ⁸)
1868 1406 1926 1468 per

412 1487 586 1552 monachos
609 1488 712 1570 ipsius
730 1489 925 1566 monasterii,
949 1490 1039 1554 cuius
1055 1490 1167 1554 existis
1182 1490 1364 1569 monachus,
1387 1491 1566 1572 gubernari,
1591 1491 1629 1554 ad
1646 1509 1739 1571 quem
1762 1510 1819 1571 pro
1835 1491 1925 1557 libito

414 1592 590 1657 voluntatis
613 1592 738 1659 abbatis
761 1593 862 1675 ipsius
880 1595 1074 1673 monasterii,
1097 1595 1152 1676 qui
1167 1600 1218 1659 est
1232 1614 1290 1676 pro
1305 1599 1458 1676 tempore,
1482 1595 1568 1677 prior
1584 1594 1750 1659 consuevit
1764 1600 1797 1659 ct
1818 1599 1925 1677 potest

416 1697 544 1762 institui
567 1700 600 1762 et
623 1696 753 1762 destitui
776 1697 817 1763 ab
840 1697 961 1776 eodem,
996 1717 1067 1762 cum
1096 1699 1241 1763 omnibus
1272 1699 1394 1764 iuribus
1417 1705 1449 1763 et
1471 1698 1676 1780 pertinenciis
1699 1698 1765 1763 suis
1787 1699 1846 1763 tibi
1867 1718 1925 1781 per

415 1819 494 1866 suas
516 1806 665 1884 patentes
686 1801 811 1866 litteras
845 1802 987 1884 graciose
1018 1803 1183 1881 commisit,
1217 1803 1318 1868 donec
1348 1804 1598 1868 commissionem
1629 1822 1719 1868 suam
1744 1802 1924 1869 huiusmodi

412 1910 590 1985 revocaret,
625 1912 719 1988 prout
750 1907 782 1970 in
814 1907 998 1987 patentibus
1028 1906 1144 1972 litteris
1179 1907 1293 1972 exinde
1324 1907 1486 1986 confectis
1510 1907 1651 1972 eiusdem
1675 1908 1799 1973 abbatis
1821 1908 1924 1991 sigillo

413 2011 557 2090 munitis,
583 2029 715 2092 quorum
737 2013 881 2075 tenorem
905 2010 944 2075 dc
966 2012 1063 2075 verbo
1085 2011 1126 2075 ad
1149 2012 1280 2076 verbum
1303 2013 1507 2093 presentibus
1522 2012 1620 2077 inseri
1635 2012 1777 2091 fecimus,
1800 2012 1924 2095 plenius

414 2120 448 2179 et
471 2115 626 2179 seriosius
657 2115 846 2193 continetur,
881 2116 1030 2197 quodque
1063 2121 1098 2181 tu
1133 2117 1240 2198 vigore
1275 2114 1504 2181 commissionis
1536 2116 1717 2182 huiusmodi
1750 2119 1925 2198 prioratum

414 2220 553 2283 eundem
576 2223 692 2284 extunc
715 2220 847 2285 tenuisti
870 2224 903 2283 11
925 2219 1097 2307 possedisti
1114 2226 1149 2284 et
1160 2220 1263 2284 adbuc
1285 2225 1377 2284 tenes
1392 2226 1425 2284 et
1440 2220 1584 2301 possides
1601 2220 1732 2302 pacifice
1748 2224 1782 2286 11
1797 2223 1923 2302 quietc3

414 2341 515 2404 quare
537 2323 629 2387 nobis
651 2322 814 2388 humiliter
836 2323 1033 2406 supplicasti,
1062 2328 1107 2403 ut,
1131 2344 1201 2388 cum
1224 2325 1348 2402 timeas,
1370 2331 1466 2407 prout
1488 2326 1588 2390 eciam
1610 2343 1731 2407 posseS,
1754 2345 1811 2408 pro
1833 2326 1924 2391 libito

414 2427 599 2510 supradicto
622 2427 826 2508 imposterum
850 2428 989 2493 auroveri
1012 2448 1031 2493 a
1054 2429 1195 2510 prioratu
1229 2428 1383 2511 predicto,
1407 2430 1575 2511 providere
1602 2431 1661 2494 tibi
1684 2448 1780 2513 super
1802 2429 1862 2496 boc
1884 2431 1924 2496 dc

414 2536 572 2615 oportuno
593 2530 735 2596 remedio
758 2531 798 2596 de
821 2533 954 2613 speciali
976 2533 1083 2614 gracia
1105 2534 1316 2614 dignaremur.
1362 2534 1428 2600 Nos
1459 2535 1566 2616 itaque
1601 2533 1743 2600 volentes
1772 2540 1806 2598 11
1827 2555 1857 2617 p.
1881 2555 1922 2600 m.

414 2641 438 2701 t.
461 2637 484 2701 i.
508 2655 631 2702 necnon
654 2636 910 2701 consideracione
941 2659 967 2701 c.
991 2638 1022 2701 in
1047 2636 1103 2703 Ch.
1127 2638 1148 2702 f.
1172 2656 1203 2700 n.
1226 2637 1391 2716 Jchannis,
1425 2639 1511 2720 regis
1540 2639 1669 2703 Boemie
1699 2637 1842 2716 illustris,
1867 2657 1923 2720 pro

414 2748 449 2806 11
476 2758 575 2824 super
607 2740 666 2806 boc
696 2741 786 2806 nobis
823 2741 986 2806 humiliter
1020 2742 1238 2824 supplicantis,
1273 2744 1305 2806 in
1339 2741 1399 2807 bac
1428 2747 1520 2825 parte
1549 2742 1657 2809 lavore
1679 2742 1829 2825 prosequi
1852 2762 1924 2825 gra·

415 2846 512 2924 cioso,
557 2844 737 2910 huiusmodi
778 2845 1068 2928 supplicacionibus
1102 2847 1245 2911 inclinati
1282 2848 1426 2912 volumus
1460 2852 1493 2912 et
1523 2847 1697 2929 apostolica
1733 2848 1924 2913 auctoritate

414 2949 474 3014 tibi
518 2949 729 3028 concedimus
767 2956 803 3015 ut
847 2970 866 3014 a
903 2952 1043 3032 prioratu
1089 2952 1232 3034 predicto
1278 2972 1335 3034 pro
1372 2952 1439 3017 sola
1476 2952 1639 3018 voluntate
1684 2952 1760 3018 dicti
1801 2953 1924 3017 abbatis

415 3053 535 3136 prelati
557 3054 751 3132 monasterii,
776 3057 829 3136 qui
853 3060 904 3118 est
926 3075 983 3137 pro
1006 3060 1158 3138 tempore,
1181 3058 1303 3138 absque
1326 3056 1389 3120 alia
1408 3076 1505 3122 causa
1526 3057 1709 3123 racionabili
1732 3075 1794 3120 non
1809 3057 1922 3138 possis,

415 3159 520 3240 quoad
543 3158 671 3235 viseris,
692 3157 871 3244 amoveri,¹)
888 3160 1169 3225 constituciouibus
1186 3160 1370 3243 apostolicis
1390 3166 1422 3224 et
1437 3162 1719 3226 consuetudinibus
1740 3161 1923 3225 monasterii

415 3268 448 3327 11
471 3263 593 3328 ordinis
623 3263 836 3343 predictorum
867 3264 1033 3328 contrariis
1066 3284 1127 3328 uon
1158 3266 1357 3329 obstantibus
1387 3266 1636 3347 quibuscunque.
1681 3265 1784 3331 Terror
1816 3271 1922 3329 autem

415 3369 572 3433 dictarum
596 3368 771 3432 litterarum
795 3367 869 3431 talis
892 3372 957 3433 est:
993 3369 1160 3446 Heuricus,
1196 3369 1248 3433 dei
1282 3370 1445 3450 paciencia
1479 3371 1577 3434 abbas
1606 3370 1789 3435 monasterii
1820 3370 1920 3433 sanct'

415 3473 554 3539 Huberti
578 3473 609 3537 in
632 3471 794 3546 Ardeuua,
816 3472 931 3537 dilecto
954 3474 1045 3539 uobis
1069 3474 1100 3538 in
1132 3473 1258 3540 Christo
1288 3474 1425 3539 Jolrauui
1453 3473 1492 3538 de
1515 3474 1684 3552 Dionauto,
1707 3479 1817 3539 nostro
1840 3493 1922 3539 com-

413 3578 579 3656 monacho
603 3579 747 3643 salutem.
771 3579 837 3643 Nos
860 3578 943 3642 enim
967 3578 1005 3641 dc
1028 3579 1169 3643 moribus
1192 3582 1225 3643 11
1239 3579 1397 3661 probitate
1413 3579 1461 3643 tui
1477 3578 1680 3657 confidentes,
1704 3579 1763 3643 tibi
1785 3579 1922 3661 graciam

415 3684 588 3766 specialem
611 3682 718 3748 iacere
741 3681 892 3758 uolentes,
918 3701 1035 3760 curam,
1059 3684 1199 3765 regimen
1223 3688 1256 3746 et
1275 3682 1508 3747 solicitudinem
1523 3683 1683 3764 prioratus
1706 3684 1805 3748 nostri
1822 3685 1923 3748 sancti

414 3787 591 3853 Theobaldi
615 3787 655 3851 de
678 3787 965 3868 Castroportuensi‚
990 3787 1156 3850 Remensis
1178 3787 1324 3865 diocesis,
1356 3806 1426 3851 cum
1456 3787 1600 3850 omuibus
1627 3787 1748 3851 iuribus
1771 3794 1804 3851 11
1824 3788 1922 3869 perti·

413 3892 536 3957 uenciis
559 3893 626 3956 suis
650 3893 708 3956 tibi
731 3892 955 3956 committimus
978 3911 1036 3973 per
1057 3897 1233 3973 presentes
1257 3892 1358 3956 donec
1380 3909 1513 3973 presens
1536 3891 1716 3956 mandatum
1740 3891 1922 3956 duxerimus

414 3996 637 4074 revocandum,
661 3997 874 4079 precipientes
897 3996 1041 4060 omnibus
1065 4001 1098 4060 et
1120 3996 1252 4076 siugulis
1275 3996 1411 4060 subditis
1432 3996 1507 4059 dicti
1524 3996 1691 4076 prioratus,
1716 3999 1751 4060 ut
1773 3996 1830 4060 tibi
1852 4002 1919 4060 tan·

414 4120 509 4182 quam
532 4119 608 4165 vero
631 4101 729 4183 priori
752 4100 902 4165 obediant
924 4106 958 4164 11
980 4105 1114 4181 pareant
1137 4101 1168 4163 in
1191 4100 1337 4164 omnibus
1359 4099 1454 4164 licitis
1478 4105 1511 4163 11
1533 4100 1684 4166 honestis.
1724 4101 1841 4164 Datum
1864 4101 1923 4165 sub

411 4205 519 4289 sigillo
542 4210 660 4283 nostro,
685 4224 766 4269 anuo
789 4225 808 4268 a
830 4205 997 4268 nativitate
1032 4205 1149 4268 domiui
1179 4203 1346 4268 millesimo
1370 4205 1593 4268 trecentesimo
1616 4205 1776 4268 tricesimo
1799 4208 1921 4283 octavo,

411 4308 493 4373 feria
515 4313 607 4373 sexta
630 4313 702 4389 post
723 4309 889 4372 beatorum
921 4308 1007 4371 Petri
1042 4312 1075 4370 11
1103 4307 1194 4372 Pauli
1224 4307 1477 4388 apostolorum.²)
1522 4307 1608 4372 Nulli
1632 4326 1706 4389 ergo
1729 4312 1790 4372 ctc.
1814 4314 1921 4372 nostre

410 4412 586 4478 voluntatis
609 4417 642 4476 11
665 4412 878 4476 concessionis
900 4411 1073 4493 iufringere
1097 4415 1157 4476 etc.
1205 4413 1241 4476 D.
1266 4411 1424 4476 Auiuione
1451 4412 1500 4476 lll
1524 4412 1566 4475 id.
1590 4412 1734 4477 Januarii
1757 4432 1784 4476 a.
1809 4414 1918 4477 tercio.

517 4706 667 4761 Clementis
685 4707 724 4761 Vl
736 4709 769 4760 A.
781 4707 849 4776 11113
863 4709 918 4775 (lb)
935 4706 952 4759 l.
969 4708 1035 4772 ltb',
1053 4705 1087 4760 de
1100 4704 1214 4759 indultis
1233 4712 1282 4759 etc.
1296 4721 1340 4771 qu.
1355 4712 1379 4770 3,
1392 4703 1440 4758 sed
1453 4704 1603 4758 cancellata
1616 4721 1675 4759 cum
1689 4711 1768 4759 nota:
1788 4704 1920 4768 ,Cassata

411 4794 445 4849 de
470 4792 634 4859 mandato“;
660 4794 798 4848 invenitur
824 4793 934 4862 coplata
961 4793 1042 4847 etiam
1068 4792 1096 4845 in
1115 4792 1146 4846 V.
1159 4798 1207 4845 165
1228 4792 1244 4844 1.
1267 4793 1422 4856 ros-166,
1447 4790 1567 4846 sedium
1589 4792 1649 4847 sine
1673 4808 1795 4858 nurnero,
1823 4792 1916 4861 posita

411 4883 483 4936 inter
502 4898 528 4933 n.
549 4885 599 4933 516
618 4887 646 4933 11
665 4886 723 4948 517,
742 4888 770 4935 11
788 4879 939 4934 cancellata
957 4887 1000 4934 est
1018 4881 1061 4933 hic
1080 4896 1189 4948 quoque
1208 4896 1268 4932 carm
1281 4885 1359 4932 uota:
1381 4878 1512 4942 „Cassata
1525 4878 1558 4933 dc
1572 4879 1726 4933 mandato“.
1746 4909 1778 4917 —
1806 4883 1830 4944 Ι)
1847 4894 1920 4946 ,con-

411 4972 517 5023 suetua‘
535 4969 569 5021 A.
589 4998 620 5008 -
642 4969 661 5034 ¹)
680 4968 773 5020 confer
792 4967 873 5021 etiam
892 4983 964 5020 uum.
984 4973 1034 5020 519
1054 4974 1081 5020 11
1100 4972 1159 5022 520.
1193 4968 1214 5034 ²)
1236 4970 1302 5018 1338
1321 4964 1389 5019 Julii
1408 4971 1432 5016 3.
