5184 7050
661 829 701 895 14

660 1038 720 1105 rr.
753 1036 870 1102 uuas
897 1033 1116 1100 meteres
1145 990 1548 1120 mmeramme
1569 1036 1652 1100 ree
1672 1039 1810 1115 meere,
1832 1040 1989 1119 quaem
2009 1036 2174 1118 maere

661 1140 772 1209 Uirieo
795 1138 949 1225 Leapaldi
979 1137 1019 1203 de
1046 1139 1235 1204 canonicatu
1262 1137 1414 1205 eeclesiae
1442 1139 1699 1205 Vratislarieneis
1732 1141 1789 1206 aab
1821 1142 2036 1225 expectatione
2071 1163 2174 1224 prae·

1238 1242 1358 1308 &adae
1374 1244 1592 1328 provideatur.

1658 1384 1822 1464 dantem,
1845 1386 1931 1450 1342
1951 1385 2049 1452 lunii
2069 1387 2126 1450 17.

760 1595 948 1677 Supplicant
971 1595 1002 1660 S.
1026 1594 1064 1659 V.
1088 1593 1194 1658 devoti
1217 1592 1247 1659 a
1271 1613 1321 1657 m.
1345 1594 1451 1658 nuncii
1485 1593 1551 1659 filie
1573 1601 1680 1659 cestre
1702 1595 1817 1659 devote
1832 1595 2053 1659 universitatis
2075 1594 2172 1659 Pari·

656 1700 772 1766 siensis
794 1698 837 1763 ad
857 1699 893 1763 V.
909 1699 941 1764 S.
959 1698 1122 1776 destinati,
1145 1703 1305 1780 quatenns
1327 1697 1448 1762 eisdem
1471 1699 1611 1780 graciam
1634 1698 1805 1779 specialem
1828 1696 1985 1763 facientes
2007 1698 2048 1762 de
2070 1698 2172 1763 bene-

657 1803 738 1868 ficiis
770 1802 999 1868 ecclesiasticis
1021 1802 1179 1866 contentis
1209 1802 1241 1865 in
1264 1820 1373 1866 eornm
1396 1800 1688 1882 supplicacionibus
1710 1803 1923 1883 infrascriptis
1944 1802 1995 1867 vel
2018 1802 2060 1867 de
2081 1803 2170 1880 aliis,

656 1912 752 1990 prout
773 1907 811 1972 V.
835 1906 994 1987 placuerit
1016 1905 1058 1982 8.,
1082 1906 1109 1970 si
1132 1911 1248 1968 vacant
1270 1904 1321 1969 vel
1344 1907 1578 1987 quamprimum
1611 1908 1805 1984 vacaverint,
1835 1906 2009 1988 dignemini
2042 1907 2171 1971 nnseri-

656 2012 795 2077 corditer
817 2010 994 2093 providere,
1010 2029 1081 2074 cum
1100 2011 1336 2090 acceptaciane‚
1352 2009 1554 2088 inhibitione,
1570 2012 1800 2088 resersacione‚
1817 2011 1945 2075 decreta
1965 2017 1999 2076 et
2020 2010 2171 2075 clausula

657 2115 808 2182 anteferri
833 2120 866 2179 et
888 2133 959 2178 cum
981 2114 1127 2178 omnibus
1150 2131 1211 2177 nan
1234 2114 1437 2179 obstantibus
1456 2120 1490 2178 et
1504 2113 1659 2179 clausulis
1680 2116 1845 2196 oportunis
1868 2121 1902 2180 et
1924 2115 2170 2180 executoribus:

657 2430 861 2507 Parisiensis,
885 2428 967 2494 alias
989 2428 1091 2492 eciam
1114 2427 1228 2491 nuncio
1251 2431 1289 2489 ut
1311 2426 1353 2490 nd
1377 2444 1511 2506 presens
1525 2427 1567 2491 ad
1582 2427 1619 2491 V.
1636 2427 1813 2507 preoelsam
1833 2428 1864 2494 S.
1882 2428 2043 2493 destinato
2065 2426 2173 2492 scola-

659 2535 750 2617 rique
784 2536 816 2599 in
851 2533 1022 2615 theologia,
1057 2531 1097 2595 de
1131 2531 1320 2595 canonicatu
1354 2536 1389 2594 et
1421 2530 1584 2611 prebenda
1618 2531 1755 2596 ecclesie
1784 2531 2070 2610 Wratislauiensis‚
2106 2550 2173 2596 nun

658 2640 815 2717 obstante,
839 2640 924 2721 qnod
959 2656 1061 2719 nuper
1094 2636 1135 2700 ad
1170 2635 1391 2700 canonicatum
1425 2641 1458 2699 et
1490 2636 1684 2716 prebendam
1718 2637 1854 2702 ecclesie
1883 2639 1986 2702 saneti
2015 2637 2106 2703 Petri
2137 2638 2173 2702 in

658 2742 874 2825 wissegrada,
897 2742 1069 2824 Pragensis
1092 2740 1238 2818 diocesis,
1270 2744 1456 2820 spectantes
1467 2742 1494 2822 ¹)
1526 2741 1567 2805 ad
1600 2742 1873 2821 presentacionem
1907 2741 1992 2823 regis
2025 2741 2172 2819 Boemie,

658 2846 720 2911 fuit
735 2852 951 2928 presentatus,
966 2863 1100 2927 qnorum
1116 2845 1350 2925 possessionem
1366 2862 1424 2924 pm
1439 2863 1487 2923 eo,
1504 2844 1588 2927 qnod
1603 2845 1688 2909 alins
1711 2845 1813 2929 [ipsos
1831 2850 1922 2909 tenet
1936 2841 2174 2929 occupatosll)

659 2949 711 3015 ius
733 2969 768 3014 se
791 2949 910 3015 habere
933 2949 1126 3030 pretendens
1146 2949 1178 3012 in
1201 2948 1322 3012 eisdem
1345 2946 1512 3029 eidemque
1535 2950 1782 3013 controversiam
1804 2947 1936 3026 iaciens,
1959 2954 2096 3013 nonest
2119 2967 2175 3014 as-

659 3060 798 3118 secutus.

762 3157 836 3222 Fiat
859 3157 895 3221 n
942 3158 1023 3223 Item
1058 3156 1141 3237 quod
1165 3157 1309 3237 predicte
1331 3157 1438 3238 gracie
1460 3164 1482 3221 t.
1508 3175 1533 3220 s.
1557 3175 1586 3221 a.
1610 3156 1630 3220 l.
1680 3157 1753 3222 Fiat
1776 3158 1812 3222 n
1858 3158 1902 3223 Et
1922 3156 2053 3238 placeat
2075 3157 2107 3223 S.
2133 3157 2175 3222 V.

659 3263 779 3327 eisdem
811 3263 978 3343 providere
1010 3262 1050 3326 de
1081 3261 1157 3325 data
1186 3261 1374 3326 tradicionis
1404 3262 1597 3342 peticionum
1627 3263 1857 3341 universitatis,
1890 3280 1953 3343 qne
1981 3260 2044 3326 fnit
2075 3261 2177 3327 xvn

659 3366 711 3431 die
733 3364 832 3431 Junii.
856 3366 929 3431 Fiat
951 3366 987 3430 n
1034 3368 1072 3431 l).
1097 3367 1255 3431 Aninione
1277 3365 1336 3430 XV
1359 3365 1421 3429 kal.
1445 3364 1525 3431 Julii
1547 3385 1576 3429 a.
1601 3367 1711 3446 primo.

763 3572 909 3626 Clementis
928 3571 964 3627 Vl
983 3573 1002 3626 S
1020 3573 1060 3641 Ill
1081 3578 1119 3639 (t)
1137 3572 1157 3627 i.
1177 3574 1245 3627 134'.
1265 3602 1298 3611 -
1324 3579 1347 3638 ⁸)
1366 3575 1525 3640 ,spectante‘
1544 3571 1571 3626 S.
1598 3571 1623 3638 b)
1642 3571 1720 3628 deest
1737 3572 1765 3626 in
1785 3575 1819 3639 S.‚
1832 3570 1991 3641 suppletum
2003 3572 2039 3627 ab
2051 3571 2174 3641 enare,

660 4096 723 4162 18.
746 4095 904 4175 Magistro
931 4094 1041 4160 Ulriee
1065 4093 1218 4178 Leapoldi
1248 4094 1432 4177 providetur
1454 4095 1493 4160 de
1516 4096 1707 4161 earmuicatco
1731 4094 1882 4180 eeclesiae
1911 4093 2177 4161 Vratialaer'eaaie

970 4197 1028 4264 aab
1051 4198 1266 4282 expectatione
1282 4198 1494 4282 praebendae.
1519 4201 1635 4265 Forma
1657 4204 1694 4264 ut
1714 4200 1751 4265 ia
1771 4220 1803 4266 a.
1826 4200 1857 4264 6.

724 4370 748 4510 J(
776 4301 812 4510 ὲ
1663 4390 1826 4471 Asiaticae,
1848 4393 1936 4456 1342
1957 4391 2053 4458 Just
2073 4393 2126 4457 17.

767 4602 804 4664 b.
838 4600 858 4665 i.
884 4599 993 4665 Ulrico
1028 4599 1203 4680 Lenpoldi,
1238 4601 1389 4664 canonice
1412 4600 1689 4678 Wretislauiensi‚
1720 4601 1872 4682 irregistro
1905 4600 1937 4664 in
1971 4600 2114 4679 artibus,
2145 4620 2170 4666 s

660 4712 720 4769 etc.
746 4704 941 4768 Litterarum
965 4705 1127 4769 sciencia.
1145 4755 1152 4768 .
1170 4756 1177 4768 .
1195 4704 1278 4769 Hinc
1302 4711 1361 4782 est,
1385 4705 1469 4784 quod
1492 4723 1559 4782 nes,
1583 4705 1726 4769 volentes
1748 4704 1817 4783 tibi,
1834 4705 1888 4785 qui
1912 4704 2014 4767 eciam
2037 4704 2171 4771 scolaris

661 4827 696 4873 es
718 4815 753 4872 ut
769 4809 888 4872 asseris
904 4809 936 4872 in
959 4808 1120 4889 theologia
1143 4810 1261 4890 quique
1284 4816 1390 4872 rector
1412 4809 1531 4873 dudum
1555 4809 1774 4872 universitatis
1798 4808 1966 4872 scolarium
1989 4807 2171 4891 Parisius·)

663 4912 865 4977 studentium
889 4912 1034 4989 extitisti,
1055 4929 1085 4992 p.
1103 4913 1123 4976 i.
1135 4913 1160 4994 ¹)
1183 4932 1212 4994 g.
1236 4913 1257 4978 i.
1283 4932 1319 4991 s.‚
1344 4914 1564 4978 canonicatum
1587 4913 1722 4977 ecclesie
1745 4911 2022 4977 ll'ratislaniensis
2045 4931 2071 4977 c.
2095 4931 2126 4995 p.
2149 4914 2169 4977 i.

661 5036 687 5081 c.
712 5035 741 5079 a.
766 5020 788 5079 t.
813 5034 841 5078 a.
867 5014 1058 5080 conferimus
1081 5024 1114 5081 et
1138 5018 1176 5081 de
1198 5017 1254 5081 illo
1285 5018 1386 5081 eciam
1417 5018 1629 5098 providemus
1660 5017 1854 5097 prebendam
1886 5034 1969 5094 vero,
2000 5016 2029 5081 si
2051 5035 2116 5097 qua
2137 5016 2170 5080 in

663 5121 750 5185 dicta
773 5118 908 5183 ccclesia
931 5126 1024 5183 vacat
1049 5122 1090 5186 ad
1113 5140 1255 5202 presens
1288 5121 1338 5184 vel
1370 5141 1440 5185 cum
1469 5123 1633 5186 vacaverit
1656 5172 1662 5184 .
1688 5172 1695 5185 .
1720 5172 1727 5185 .
1753 5171 1760 5185 .
1785 5120 2008 5185 conferendam
2036 5120 2096 5185 tibi
2112 5170 2119 5185 .
2137 5169 2168 5184 ..

662 5224 828 5290 donaciani
862 5223 1037 5305 apostolice
1071 5243 1296 5290 reservamus.
1315 5276 1321 5289 .
1340 5277 1347 5290 .
1366 5276 1373 5289 .
1391 5276 1397 5289 .
1416 5275 1422 5290 .
1441 5277 1447 5290 .
1466 5246 1491 5303 .;
1527 5245 1588 5290 nun
1624 5226 1856 5291 obstantibus,
1881 5275 1888 5289 .
1913 5275 1953 5288 ..
1984 5224 2053 5288 sive
2086 5222 2169 5306 quad

662 5347 763 5409 nuper
776 5323 804 5409 l)
829 5329 870 5392 acl
893 5329 1113 5393 canonicatum
1137 5336 1170 5393 et
1192 5332 1387 5409 prebendam
1409 5329 1546 5395 ecclesie
1568 5331 1670 5394 saneti
1689 5329 1776 5393 Petri
1799 5330 1832 5393 in
1855 5326 2071 5410 wissegrada,
2094 5327 2170 5392 Pra-

661 5432 768 5510 gensis
791 5432 937 5509 diocesis,
961 5438 1037 5496 tunc
1060 5440 1221 5511 vacantes,
1246 5452 1304 5514 per
1327 5440 1495 5514 patronum
1519 5434 1634 5498 laicum
1658 5436 1830 5499 eorundem
1852 5438 1885 5496 te
1907 5432 2026 5496 asseris
2041 5449 2170 5513 presen-

661 5541 765 5599 tatum
799 5537 908 5612 iuissc‚
944 5555 1076 5616 querum
1112 5539 1345 5617 possessionem
1379 5557 1436 5618 pro
1471 5558 1518 5615 ee,
1553 5541 1636 5620 quod
1671 5540 1754 5603 alins
1785 5557 1819 5602 se
1843 5539 1875 5601 in
1899 5538 1945 5600 eis
1968 5535 2019 5599 ius
2052 5535 2170 5599 habere

663 5641 856 5719 pretendens
891 5658 987 5719 super
1021 5641 1068 5702 eis
1102 5643 1349 5706 controversiam
1385 5644 1442 5706 tibi
1474 5644 1581 5720 riserit,
1615 5644 1752 5707 nondum
1784 5647 1952 5705 assecutus
1981 5639 2071 5704 inisti
2088 5688 2094 5703 .
2112 5688 2119 5702 .
2137 5687 2168 5701 ..

662 5743 700 5806 ll.
725 5744 882 5808 Aninionc
906 5743 964 5809 XV
988 5742 1052 5811 kal.
1077 5743 1155 5813 Julii
1181 5763 1209 5807 a.
1234 5746 1345 5826 primo.
1801 5739 1805 5742 “
