5184 7050
1868 806 1933 874 les

420 1020 516 1087 844.
539 1019 686 1084 Liberius
694 1022 720 1099 ¹)
744 1019 783 1083 de
808 1020 936 1093 Brcma,
967 1016 1059 1082 utiles
1088 1020 1118 1081 at
1147 1017 1279 1081 servitor
1308 1012 1445 1079 illustris
1469 1012 1630 1096 principis
1659 1013 1779 1079 domini
1808 1014 1931 1092 Karou,

419 1125 506 1206 repis
531 1125 755 1201 Rornanorum,
778 1121 949 1207 supplicat,
965 1126 1120 1206 quatenus
1142 1120 1281 1196 Alberto,
1295 1119 1370 1204 fiiis
1391 1138 1457 1192 sno,
1473 1118 1679 1184 canonicatus
1700 1123 1731 1183 et
1747 1118 1931 1203 praebenda

420 1227 570 1294 arbelae
593 1227 776 1292 Branensis
798 1226 1020 1310 confirmentur
1042 1231 1099 1291 orit
1121 1227 1160 1290 dc
1181 1244 1257 1291 noco
1279 1228 1498 1306 conserantur,
1521 1226 1551 1287 et
1573 1222 1723 1304 dipnitas,
1740 1227 1932 1307 personatus

420 1331 470 1398 ael
492 1332 643 1416 officium,
665 1332 696 1397 si
716 1336 812 1398 cacat
833 1331 957 1412 ibidenn
986 1330 1034 1396 ael
1056 1351 1126 1396 cnm
1148 1330 1319 1409 omnent,
1350 1326 1574 1409 conserendum
1596 1331 1779 1392 reservetur.
1811 1327 1933 1402 ,Proni-

421 1436 531 1504 demns
552 1435 616 1502 sibi
639 1439 688 1503 a·
710 1474 754 1485 -
778 1437 857 1502 Item
878 1435 1048 1520 supplicat,
1077 1438 1234 1518 quatenns
1263 1433 1423 1499 Herberno
1453 1431 1535 1496 dicto
1566 1429 1680 1506 Dubel,
1711 1429 1824 1496 clerico
1850 1432 1930 1495 Bre-

419 1542 546 1619 mensi„
563 1542 603 1607 de
632 1542 822 1608 canonicatu
850 1544 880 1606 et
905 1539 1088 1624 praebenda
1110 1539 1146 1603 in
1166 1537 1296 1603 ecclesia
1319 1536 1486 1604 Bremensi
1506 1533 1694 1601 vacantibus
1711 1534 1929 1618 prwidcatur.

641 1644 731 1725 ,Fiat
753 1647 785 1710 R
784 1695 892 1712 .....
916 1646 959 1710 D.
982 1642 1140 1709 Aninione
1169 1643 1234 1708 VII
1252 1641 1317 1707 nal.
1340 1639 1509 1708 Februarii
1530 1661 1561 1705 a.
1585 1638 1714 1722 quinto!

1358 1797 1522 1877 Acinione,
1545 1797 1632 1862 1347
1653 1795 1811 1864 Januarii
1833 1796 1885 1861 26.

530 1956 681 2013 Clementia
699 1956 738 2010 vl
756 1956 782 2010 S.
800 1956 852 2027 Ἧι
872 1957 931 2026 (lb)
949 1955 966 2010 i.
986 1961 1028 2010 36.
1046 1985 1079 1996 -
1108 1958 1131 2024 ¹)
1149 1953 1304 2024 ,Lyborius‘
1322 1954 1349 2008 S.

687 2392 779 2460 846.
802 2394 845 2457 In
866 2391 994 2457 ciuitate
1016 2391 1173 2473 Propensi
1195 2391 1329 2473 cripitur
1349 2390 1492 2457 studium
1512 2389 1667 2473 gencrale.

462 2532 525 2587 .L.
1361 2531 1524 2608 Aninione,
1547 2533 1634 2596 1347
1655 2528 1811 2598 Januarii
1833 2529 1886 2596 26.

527 2689 676 2755 Clemens
710 2689 888 2772 episcopus,
921 2709 946 2756 s.
979 2708 1003 2754 s.
1035 2689 1076 2768 d.‚
1099 2691 1140 2755 ad
1173 2697 1361 2774 perpetuam
1393 2691 1441 2757 rei
1474 2691 1666 2756 memoriam.
1711 2691 1749 2756 Iu
1783 2708 1932 2774 suprema

417 2796 589 2879 dignitatis
623 2794 796 2875 apostolice
827 2796 958 2878 specula
988 2814 1180 2878 quamquam
1202 2795 1469 2862 insufficientibus
1492 2795 1651 2878 meritis·)
1676 2796 1782 2861 divine
1804 2795 1932 2876 dispen-

417 2900 562 2965 sacionis
583 2918 715 2965 munere
739 2901 914 2980 constituti,
932 2899 973 2964 ad
996 2901 1161 2965 universas
1184 2899 1325 2967 fidelium
1348 2902 1494 2984 regiones
1517 2920 1690 2983 eorumque
1712 2899 1875 2985 profectus
1898 2904 1931 2964 et

417 3002 587 3071 commoda
616 3008 777 3086 tamquam
807 3004 997 3070 universalis
1028 3004 1176 3070 dominici
1206 3006 1313 3090 gregis
1342 3011 1453 3088 pastor
1483 3006 1649 3072 commisse
1671 2990 1762 3070 nob'is
1785 3003 1931 3087 specula-

418 3110 522 3175 cionis
545 3108 657 3187 aciem,
681 3114 834 3192 quantum
855 3110 948 3175 nobis
970 3128 1011 3175 er
1034 3109 1099 3177 alto
1121 3112 1327 3194 permittitur,
1350 3113 1568 3192 extendentes,
1600 3111 1747 3177 fidelibus
1775 3111 1857 3195 -ipsis
1891 3109 1931 3174 ad

420 3213 589 3296 querenda
610 3213 788 3278 litterarum
812 3214 930 3294 studia,
953 3233 1095 3297 perque
1118 3215 1216 3281 divini
1239 3216 1374 3281 nominis
1397 3236 1518 3299 sueque
1542 3216 1698 3282 catholice
1720 3214 1795 3280 fidei
1826 3215 1930 3280 cultus

416 3319 633 3402 protenditur,
668 3318 795 3383 iusticia
829 3319 953 3398 colitur,
987 3324 1051 3384 tarn
1084 3320 1212 3402 publica
1246 3340 1341 3403 quam
1375 3322 1500 3404 privata
1532 3340 1585 3387 res
1614 3322 1736 3404 geritur
1768 3319 1892 3384 utiliter
1902 3315 1930 3397 ⁵)

418 3424 589 3506 omnisque
612 3423 809 3506 prosperitas
831 3421 968 3488 humane
991 3423 1186 3490 condicionis
1214 3431 1361 3508 augetur,
1383 3427 1544 3509 gratiosos
1566 3427 1704 3492 libenter
1725 3425 1851 3491 favores
1874 3424 1931 3488 im·

417 3529 591 3613 pendimus
614 3534 647 3593 et
668 3533 824 3611 oportune
848 3528 1082 3595 commoditatis
1098 3532 1123 3603 θ)
1147 3530 1266 3596 auxilia
1290 3532 1496 3613 impartimur.
1542 3532 1653 3615 Nuper
1685 3531 1843 3613 siquidem
1873 3533 1930 3611 pro

416 3639 513 3718 parte
537 3653 564 3698 c.
590 3634 621 3697 in
645 3633 701 3698 Ch.
725 3633 746 3698 f.
771 3652 801 3698 rr.
825 3633 947 3710 Karali,
970 3635 1055 3716 regis
1079 3634 1289 3700 Romanorum
1313 3637 1456 3715 illustris,
1480 3636 1571 3701 nobis
1602 3637 1757 3718 exposito,
1790 3634 1874 3717 quod
1898 3635 1930 3698 in

417 3738 616 3803 hereditario
641 3756 736 3820 regno
760 3755 818 3802 suo
841 3738 971 3802 Boemie.
994 3738 1166 3821 multisque
1201 3740 1274 3805 aliis
1304 3740 1408 3806 eidem
1441 3759 1539 3824 regno
1573 3740 1715 3806 finitimis
1748 3738 1931 3822 regionibns

419 3848 519 3924 atque
542 3842 638 3906 terris
662 3841 812 3923 generale
835 3840 984 3920 studium,
1005 3843 1089 3924 quod
1111 3843 1231 3908 inillis
1253 3845 1399 3927 partibus
1422 3863 1543 3910 summe
1565 3845 1648 3911 foret
1670 3843 1853 3927 expediens,
1867 3862 1931 3909 non

417 3946 568 4023 habetur,
592 3945 741 4027 quodque
763 3945 997 4028 metropolitica
1019 3947 1190 4031 Pragcnsis
1213 3949 1335 4028 civitas,
1360 3951 1392 4014 in
1415 3950 1516 4032 ipsius
1546 3951 1635 4032 regui
1664 3949 1768 4015 medio
1798 3948 1931 4030 locoque

417 4050 633 4117 saluberrimo
646 4049 673 4136 d)
697 4051 760 4115 sits
782 4055 816 4116 et
839 4051 891 4130 a‘)
915 4052 1111 4116 diversarum
1133 4053 1275 4135 parcium
1297 4054 1447 4137 gentibus
1469 4055 1672 4137 frequentata
1694 4073 1731 4120 ac
1753 4054 1786 4118 in
1808 4053 1930 4117 victua-

417 4157 506 4222 libus
541 4154 675 4237 aliisque
707 4156 773 4220 vite
807 4156 997 4222 necessariis
1032 4157 1169 4239 copiosa,
1204 4157 1245 4221 ad
1276 4158 1457 4224 huiusmodi
1480 4158 1628 4242 generale
1652 4157 1833 4241 regendum,
1858 4175 1929 4226 cum

418 4259 618 4344 particulare
637 4259 754 4323 dudum
775 4261 808 4324 in
823 4278 862 4325 ea
876 4260 974 4326 tuerit
990 4247 1140 4341 studium,
1163 4262 1365 4327 accommoda
1385 4263 1520 4329 multum
1543 4264 1712 4329 existeret:
1736 4280 1803 4340 nos,
1827 4260 1930 4326 conai-

419 4366 574 4430 derantes
606 4364 751 4429 eximiam
781 4364 963 4430 devocionis
987 4370 1020 4429 et
1042 4363 1116 4429 fidei
1139 4364 1321 4447 puritatem,
1345 4385 1440 4447 quam
1463 4371 1526 4431 tarn
1551 4367 1620 4449 ipse
1642 4364 1779 4432 Karolus
1803 4371 1835 4430 et
1858 4383 1930 4447 pre·

417 4470 612 4534 decessores
634 4469 693 4547 sui,
717 4469 848 4533 Boemie
870 4486 972 4552 reges
996 4487 1090 4550 quam
1114 4470 1255 4535 eiusdem
1278 4471 1368 4552 regni
1391 4471 1494 4536 incole
1516 4470 1557 4536 ad
1587 4475 1728 4536 sanctam
1758 4469 1930 4535 Romanam

416 4573 592 4640 ecclesiam
626 4573 764 4654 gessisse
798 4591 835 4638 ac
870 4573 930 4655 ipsi
966 4573 1102 4637 Karalus
1135 4593 1190 4638 rer
1225 4581 1258 4639 et
1287 4574 1390 4640 incole
1420 4593 1531 4657 gerere
1555 4575 1771 4653 dinoscuntur,
1794 4571 1930 4638 ferventi

417 4676 583 4744 desiderio
618 4676 770 4756 ducimur,
805 4682 841 4741 ut
877 4695 1007 4759 regnum
1043 4678 1156 4760 ipsum,
1190 4678 1274 4761 quod
1306 4679 1412 4744 divina
1445 4680 1572 4744 bonitas
1594 4678 1797 4744 multitudine
1819 4677 1928 4760 populi

415 4801 592 4863 rerumque
607 4782 631 4862 ¹)
654 4781 744 4863 copia
766 4780 956 4863 predatavit‚
980 4780 1034 4846 fist
1057 4782 1235 4847 litterarum
1258 4783 1424 4849 fertilitate
1446 4783 1626 4863 fecundum,
1644 4802 1681 4848 ac
1702 4784 1733 4847 in
1757 4801 1804 4863 eo,
1820 4801 1928 4865 quern·

416 4886 593 4954 admodum
615 4887 684 4950 nuri
707 4891 740 4950 ct
764 4886 887 4968 argenti
910 4885 978 4951 iore
1001 4886 1185 4965 dinoscitur,
1202 4888 1249 4952 sic
1266 4889 1476 4953 scienciarum
1491 4887 1726 4971 prevalencium
1742 4888 1785 4951 sit
1799 4887 1929 4967 minere,

416 4997 456 5057 ut
479 4990 567 5054 viros
590 4989 744 5071 producat
767 4989 891 5055 consilii
913 4992 1098 5056 maturitate
1122 4993 1319 5073 conspicuos,
1343 4993 1495 5068 virtutum
1518 4992 1682 5057 redimitos
1705 4992 1870 5057 ornatibus
1892 5010 1930 5073 ac

416 5096 621 5160 diversarum
653 5093 842 5159 facultatum
876 5095 1075 5177 dogmatibus
1110 5096 1262 5175 eruditos,
1297 5097 1403 5180 sitque
1436 5097 1480 5162 ibi
1511 5096 1581 5162 fons
1604 5096 1752 5179 irriguus,
1776 5095 1816 5178 de
1839 5096 1929 5171 cuius

417 5197 622 5283 plenitudine
645 5198 794 5263 hauriant
817 5200 966 5278 universi,
990 5199 1184 5265 litteralibus
1207 5201 1373 5283 cupientes
1397 5202 1494 5267 imbui
1515 5201 1721 5267 documentis.
1745 5200 1818 5278 Hiis
1834 5199 1930 5281 igitur

416 5302 568 5370 omnibus
592 5305 624 5366 ct
646 5303 815 5384 presertim
838 5304 1065 5368 amenitatibus
1088 5304 1228 5371 civitatis
1250 5305 1414 5388 prelatos)
1438 5306 1581 5389 diligenti
1601 5306 1837 5371 examinacione
1852 5322 1930 5386 pen·

416 5409 512 5487 satis,
536 5407 577 5471 nd
599 5405 778 5472 huiusmodi
803 5408 983 5474 universale
1008 5428 1069 5474 non
1092 5410 1193 5475 solum
1216 5411 1441 5494 premissorum
1457 5410 1599 5475 eiusdem
1615 5410 1703 5493 regni
1719 5415 1752 5474 et
1766 5410 1929 5493 regionum

418 5510 761 5579 ci1·cun1adiaceneium
778 5513 962 5592 incolarum,
986 5514 1043 5578 sed
1066 5514 1168 5579 eciam
1191 5514 1335 5595 aliorum,
1360 5516 1413 5597 qui
1437 5515 1476 5579 dc
1500 5515 1633 5579 diversis
1656 5514 1764 5579 mundi
1785 5514 1929 5596 partibus

418 5616 462 5681 ad
486 5615 622 5679 eandem
646 5614 803 5682 confluent
838 5618 1007 5696 civitatem,
1039 5618 1234 5684 commodum
1268 5625 1302 5684 et
1335 5619 1511 5702 proiectum
1544 5620 1685 5702 paternis
1699 5617 1726 5700 ¹²)
1761 5617 1929 5684 affectibus

419 5719 623 5799 anhelantes,
648 5719 724 5784 dicti
746 5721 829 5804 regis
852 5723 1142 5806 supplicacionibus
1172 5724 1325 5803 inclinati,
1357 5725 1397 5790 de
1426 5725 1559 5790 fratrum
1587 5729 1766 5790 nostrornm
1798 5724 1928 5790 consilio
