5184 7050
1995 773 2058 840 351

553 974 643 1041 580.
666 974 783 1040 Abbati
805 975 990 1040 monasterii
1010 974 1121 1039 beatae
1144 975 1271 1040 Mariae
1293 975 1332 1039 de
1354 975 1576 1058 Lucernburpo,
1600 977 1797 1043 Treverenss's
1813 978 1953 1060 duceris,
1969 1001 2059 1043 man·

554 1076 648 1141 datur
679 1077 723 1143 ad
750 1078 1012 1163 supplicationem
1040 1077 1210 1158 dobunnrs,
1244 1079 1328 1161 repis
1361 1079 1541 1160 Bobcneiae,
1553 1080 1576 1161 ¹)
1610 1086 1763 1162 quatenus
1797 1082 1950 1162 Jobanni,
1983 1088 2059 1148 nato

561 1180 679 1259 Wcrici,
713 1182 834 1246 domim
865 1182 904 1246 de
931 1181 1160 1264 Bdrcuberp,·)
1195 1182 1305 1247 clerico
1335 1183 1472 1248 eiusdem
1501 1185 1596 1266 repis,
1626 1186 1665 1251 de
1694 1188 1882 1252 canonicatu
1911 1187 2059 1252 cadusiae

555 1285 753 1351 Treoereusis
774 1286 832 1351 sub
854 1286 1067 1369 expectatione
1083 1286 1286 1369 praebendae
1302 1287 1471 1370 prouidere
1487 1294 1645 1371 procuret.
1670 1292 1723 1365 ,D.
1747 1289 1904 1356 Aninionc
1927 1295 1965 1356 H
1986 1312 2055 1357 non.

907 1389 1077 1455 Februarii
1099 1414 1130 1456 a.
1153 1395 1287 1473 quarto}
1333 1393 1449 1456 Forma
1471 1396 1508 1455 ut
1529 1392 1563 1456 in
1585 1414 1615 1458 n.
1639 1394 1713 1459 304.

592 1577 655 1702 M}
1498 1581 1660 1664 Aoireione,
1683 1586 1770 1649 1346
1793 1584 1962 1649 bbbruarii
1982 1587 2012 1649 4.

657 1819 806 1877 Clementis
818 1821 855 1876 Vl
867 1823 900 1874 A.
912 1821 980 1880 thb
993 1824 1037 1892 (V.
1055 1824 1117 1890 217)
1130 1822 1148 1876 i.
1162 1823 1223 1875 414¹
1235 1838 1262 1876 n.
1275 1826 1318 1890 87,
1337 1820 1371 1876 de
1389 1820 1554 1890 praebendis
1572 1823 1708 1879 vacaturis
1724 1841 1768 1894 qu.
1782 1823 1880 1880 3:V.
1900 1831 1951 1879 169
1969 1823 1987 1879 f.
2006 1830 2058 1879 nat

533 1922 570 1962 n.
592 1915 637 1963 87.
656 1939 691 1949 -
718 1910 741 1976 ι)
759 1908 918 1978 ,Berperch‘
935 1911 970 1963 A.
989 1939 1022 1951 -
1042 1910 1062 1977 ¹)
1080 1910 1150 1965 haec
1168 1907 1335 1978 supplicatio
1354 1924 1409 1965 non
1428 1916 1472 1965 est
1490 1916 1611 1977 reperta.

1202 2193 1407 2202 .-

528 2547 645 2613 581.
668 2547 860 2622 Hrosnatae,
884 2547 993 2612 abbati
1014 2548 1197 2613 monasterii
1222 2547 1468 2632 Oputooicensis,
1491 2548 1603 2613 eteius
1624 2549 1849 2614 successoribus
1871 2550 2058 2631 conceditur,

529 2655 582 2714 ast
607 2649 757 2731 insipniis
781 2651 1020 2734 pontificalibus
1048 2653 1097 2716 uti
1125 2656 1156 2717 ct
1184 2651 1425 2716 benedictionem
1453 2651 1618 2717 solemnem
1640 2656 1754 2732 facere
1778 2653 1911 2737 possint.
1941 2656 2058 2720 bbrnva

1183 2757 1275 2822 utin
1295 2778 1327 2822 n.
1349 2759 1425 2822 428.

593 2866 655 2920 .L.
1496 2867 1659 2946 Asiniane,
1682 2872 1769 2935 1346
1792 2869 1960 2935 Februarii
1981 2874 2011 2936 8.

654 3112 715 3177 Dd.
738 3113 769 3179 fl.
793 3113 961 3191 Hrosnate,
985 3113 1101 3192 abbati,
1118 3118 1151 3178 et
1166 3115 1334 3180 conventui
1348 3115 1531 3180 monasterii
1552 3115 1797 3196 inoperosum,
1820 3115 1940 3180 ordinis
1956 3115 2056 3180 sancti

543 3219 729 3296 Benedicti,
753 3219 923 3301 Ptagensis
946 3218 1091 3298 diocesis,
1122 3237 1147 3283 s.
1171 3223 1230 3284 etc.
1268 3219 1314 3285 Ut
1334 3219 1445 3301 pulcre
1468 3225 1500 3283 et
1523 3219 1638 3284 decore
1661 3217 1727 3284 filia
1748 3218 1928 3284 Jerusalem
1952 3269 1959 3282 .
1983 3270 1990 3283 .
2016 3269 2022 3283 .
2048 3269 2054 3283 .

542 3325 655 3408 Igitur
678 3324 821 3405 pensetis
843 3327 949 3387 vestre
971 3323 1152 3387 devocionis
1175 3322 1300 3403 affectu,
1323 3343 1385 3406 qua
1408 3341 1465 3389 nos
1487 3343 1525 3389 ac
1547 3323 1719 3388 Romanam
1742 3323 1909 3389 ecclesiam
1931 3341 2057 3388 revere-

539 3429 639 3507 mini,
662 3447 701 3492 ac
722 3427 884 3510 religionis
905 3428 1024 3492 honore
1054 3427 1188 3509 aliisque
1218 3429 1384 3507 virtutum=
1400 3428 1501 3508 donis,
1525 3428 1640 3509 quibus
1662 3427 1785 3510 pollere
1808 3428 1958 3506 dicimini,
1982 3446 2055 3509 pro·

542 3539 623 3616 pter
641 3552 705 3615 qne
720 3533 854 3597 debetur
869 3533 958 3597 vebis
974 3532 1129 3597 exhibicio
1145 3533 1362 3598 benivolencia
1378 3532 1535 3615 specialis,
1551 3552 1672 3597 necnon
1688 3533 1893 3598 observancia
1907 3532 2055 3616 regulari,

533 3640 676 3722 vigente
698 3636 900 3703 laudabiliter
923 3638 955 3701 in
978 3638 1168 3701 monasterio
1190 3643 1297 3702 vestro
1321 3638 1353 3702 in
1376 3637 1574 3719 Opatowytz,
1605 3638 1725 3702 ordinis
1755 3637 1856 3702 sancti
1878 3637 2055 3715 Benedicti,

535 3742 718 3826 Pragensis
742 3741 887 3821 diocesis,
910 3741 995 3824 quod
1017 3741 1102 3806 inter
1124 3741 1188 3806 elia
1210 3743 1402 3807 monasteria
1432 3741 1557 3807 illarum
1588 3743 1729 3824 parcium
1760 3744 1926 3823 reputetur
1951 3739 2056 3806 nobile

547 3853 583 3912 et
605 3848 741 3930 insigne,
774 3864 831 3911 vos
854 3850 887 3911 et
909 3846 1027 3911 dictum
1057 3846 1282 3911 monesterium
1312 3846 1465 3912 honorum
1495 3845 1598 3912 titulis
1622 3846 1773 3911 decorare
1795 3844 1915 3927 illaque
1937 3845 2055 3927 gracia,

549 3971 611 4034 per
632 3970 726 4033 quam
751 3969 826 4033 erge
848 3951 956 4015 sedem
986 3950 1120 4015 eandem
1154 3950 1336 4015 devocionis
1367 3952 1561 4016 incrementa
1591 3950 1753 4032 suscipere
1786 3949 1929 4027 valeatis,
1963 3948 2056 4031 digne

549 4055 702 4138 prosequi
725 4054 936 4133 intendentes,
960 4055 1043 4135 quod
1066 4059 1111 4133 tu,
1135 4054 1179 4118 lili
1203 4055 1310 4134 abbas,
1333 4059 1366 4119 et
1388 4073 1588 4120 successores
1618 4056 1676 4132 tui,
1698 4053 1829 4119 abbates
1852 4054 1929 4119 dicti
1951 4072 2056 4118 mone-

549 4161 653 4238 sterii,
677 4160 895 4224 inmissurum
919 4159 1102 4240 solempniis
1125 4159 1228 4236 mitre,
1251 4159 1355 4239 anulo,
1378 4159 1490 4223 baculo
1514 4158 1678 4241 pastorali,
1702 4158 1853 4222 sandaliis
1876 4157 2056 4239 ceterisque

550 4262 789 4347 pontificalibus
812 4264 1004 4327 ornamentis
1027 4270 1060 4328 et
1083 4264 1235 4345 insigniis,
1270 4263 1395 4345 quando
1425 4271 1458 4329 et
1480 4265 1631 4346 quociens
1653 4263 1712 4329 cibi
1734 4267 1768 4326 et
1790 4262 1910 4326 eisdem
1932 4280 2057 4326 succes-

552 4369 680 4434 soribus
702 4368 862 4434 videbitur
884 4368 1045 4450 expedire,
1068 4368 1155 4432 horis
1177 4373 1282 4432 tamen
1306 4373 1340 4433 et
1360 4369 1556 4450 temporibus
1579 4368 1618 4432 ad
1637 4369 1697 4432 hec
1712 4368 1805 4450 aptis,
1828 4365 1928 4432 libere
1950 4367 1996 4430 uti
2020 4386 2057 4431 ec

554 4475 586 4539 in
609 4474 730 4538 eisdem
753 4472 936 4553 solempniis
960 4480 993 4538 et
1015 4491 1123 4537 mense
1144 4472 1400 4538 benediccionem
1419 4475 1578 4539 solennem
1594 4472 1701 4537 facere
1722 4470 1866 4550 veleatis,
1890 4470 2056 4535 dummodo

552 4580 584 4643 iu
607 4577 832 4642 benediccione
856 4563 1064 4659 ipsa'aliquis
1086 4577 1220 4642 antistes
1243 4576 1292 4640 vel
1315 4577 1439 4659 legatus
1463 4576 1548 4640 sedis
1571 4575 1745 4657 apostolice
1767 4575 1892 4640 nonsit
1915 4593 2055 4657 presens,

551 4684 609 4747 tibi
633 4701 671 4745 ac
693 4681 826 4764 prefatis
850 4682 1088 4745 successoribus
1111 4680 1301 4745 auctoritate
1317 4678 1546 4761 apostolicalis
1562 4680 1693 4759 speciali
1717 4680 1824 4761 gracia
1846 4679 2053 4760 indulgemus.
2077 4739 2082 4748 ,

552 4785 640 4850 Nulli
674 4804 749 4867 crgo
783 4789 843 4849 etc.
877 4791 984 4849 nostre
1019 4786 1231 4849 concessionis
1265 4783 1445 4865 iniungere.
1483 4785 1521 4847 D.
1553 4782 1709 4848 Aninicne
1739 4781 1784 4847 VI
1818 4781 1861 4845 id.
1892 4781 2056 4846 Februarii

553 4910 580 4956 a.
605 4896 729 4972 quarto.

657 5078 807 5133 Clementis
825 5078 863 5132 VI
881 5080 914 5131 A.
932 5077 1000 5148 thb
1018 5078 1061 5145 (V.
1080 5081 1141 5143 218)
1159 5077 1177 5130 i.
1205 5082 1255 5129 292
1283 5094 1309 5130 n.
1338 5082 1396 5142 541,
1421 5075 1589 5130 diversarum
1616 5074 1764 5130 formarum
1787 5091 1833 5142 qn.
1859 5073 2056 5127 10:V.1cs

559 5208 566 5222 .
591 5168 652 5221 393’
672 5182 698 5219 n.
719 5171 777 5218 bil.
