5184 7050
1860 867 1925 932 429

415 1069 507 1136 717.
518 1066 683 1135 Jobonncs
694 1068 732 1133 dc
746 1066 884 1134 Celebrio
899 1071 1069 1155 supplicat,
1083 1077 1237 1153 quotenus
1251 1073 1467 1156 parrochialis
1480 1073 1610 1139 ecclesio
1626 1075 1665 1139 de
1675 1071 1925 1155 ,Loisburcb“,·)

415 1171 615 1238 Treoereruis
645 1173 788 1254 diocesis,
819 1196 915 1257 quam
945 1176 1014 1259 ipse
1042 1177 1218 1253 dimiserat,
1249 1177 1413 1260 capellano
1446 1197 1502 1243 suo
1523 1178 1668 1246 Jobanni
1700 1179 1738 1243 de
1773 1179 1927 1255 Treueris,

409 1276 608 1359 presbytero,
631 1277 828 1342 concedatur.
853 1281 939 1359 ,liat
961 1281 1011 1347 R!
1034 1319 1078 1328 -
1101 1283 1182 1346 Item
1203 1281 1374 1365 supplicat,
1390 1286 1544 1363 quotenus
1562 1281 1780 1366 parrochialis
1794 1283 1928 1349 ccclesia

412 1380 452 1446 de
474 1379 779 1465 „Martinsburp“,⁵)
800 1382 940 1448 masclam
962 1383 1104 1464 diocmu,
1128 1406 1225 1468 quom
1246 1385 1395 1451 similiter
1417 1384 1594 1463 dimiserat,
1616 1387 1760 1455 Jobonni
1782 1387 1821 1452 de
1842 1387 1924 1454 Ans·

501 1483 607 1550 uerter
627 1491 822 1568 oonferatur.
855 1487 942 1567 ,liat
968 1489 999 1553 R
998 1538 1105 1555 .....
1130 1490 1170 1557 D.
1195 1489 1353 1555 Auinionc
1374 1490 1418 1555 id.
1442 1490 1634 1574 Septembris
1656 1512 1687 1555 a.
1710 1491 1840 1573 quinto}

1316 1680 1590 1757 Acinione,1346
1611 1680 1803 1765 Septembris
1828 1683 1879 1747 13.

429 1885 1915 2034 οϊὛῗώἮᾶᾚΗωΜπ-ἠώὼωὼώᾶψὼψψώπψπ

411 1984 612 2035 mmm&

415 2497 508 2562 718.
534 2494 720 2572 Oasimirus,
743 2517 800 2562 ren
823 2497 981 2576 Polonioe,
1010 2497 1181 2581 supplicat,
1211 2501 1368 2580 quotenus
1399 2497 1624 2580 Neustampio,
1650 2496 1724 2579 filio
1755 2496 1926 2579 Spitirniri,

412 2600 585 2665 castellani
609 2599 833 2680 Ciocociensis,
856 2601 895 2665 de
917 2600 1073 2683 dignitate
1093 2603 1223 2666 vacanti
1244 2601 1291 2666 oet
1321 2605 1478 2666 vocaturo
1510 2600 1544 2664 iu
1573 2600 1704 2665 ecclesio
1729 2599 1928 2667 Oracooiensi

410 2709 444 2769 et
470 2705 660 2771 canonicatu
681 2706 738 2770 sub
760 2707 974 2790 expectatione
992 2705 1194 2790 praebendae
1216 2705 1251 2770 in
1276 2704 1404 2771 ecelesia
1438 2705 1679 2770 l'ratislaoiensi
1707 2704 1926 2789 provideatur.

1317 2895 1479 2976 Aoinione,
1501 2896 1588 2961 1346
1610 2894 1803 2979 Septembris
1825 2899 1878 2961 15.

518 3090 726 3156 Sanctissimo
749 3089 781 3153 in
806 3087 932 3154 Christo
955 3090 1039 3170 patri
1063 3093 1097 3153 et
1119 3089 1244 3154 domino
1269 3107 1326 3153 suo
1350 3088 1476 3153 domino
1499 3086 1666 3167 Clementi,
1690 3087 1798 3152 divina
1819 3087 1925 3169 provi-

415 3193 531 3259 dencia
560 3197 764 3259 sacrosancte
791 3193 931 3258 Romane
965 3213 1002 3258 ac
1036 3193 1225 3258 universalis
1255 3192 1392 3259 ecclesie
1415 3210 1535 3257 summo
1558 3189 1710 3275 pontifici,
1734 3192 1924 3271 Karimirus,

418 3298 522 3381 ipsius
546 3302 580 3362 et
601 3303 711 3363 sancte
734 3297 874 3362 Romane
897 3297 1032 3366 ecclesie
1056 3299 1189 3363 devotus
1211 3295 1305 3376 filius,
1325 3315 1397 3361 cum
1412 3296 1495 3361 omni
1510 3297 1693 3362 reverencia
1707 3301 1741 3361 ct
1756 3296 1927 3361 devocione

415 3403 534 3486 pedum
557 3402 666 3469 oscula
688 3403 864 3467 beatorum.
910 3403 1116 3470 sanctissime
1139 3403 1247 3485 pater!
1291 3402 1374 3480 Quia
1396 3400 1656 3484 Ncwstampium,
1679 3406 1787 3465 natum
1810 3401 1925 3466 nobilis

415 3508 477 3574 viri
500 3507 665 3591 Spitimiri‚
688 3507 751 3574 mci
774 3506 938 3573 castellani
962 3506 1193 3585 Cracouiensis,
1217 3506 1267 3571 cui
1290 3506 1331 3571 ad
1355 3505 1541 3571 instanciam
1564 3524 1706 3571 mearum
1737 3505 1925 3589 supplicaci-

415 3632 513 3678 onum
543 3612 583 3677 de
613 3613 801 3677 canonicatu
832 3618 865 3677 et
893 3612 1055 3696 prebenda
1086 3612 1118 3676 in
1147 3611 1283 3676 ecclesia
1314 3610 1518 3676 Cracouiensi
1541 3610 1735 3693 providistis
1758 3609 1925 3675 credebam

415 3717 532 3783 saltem
554 3718 693 3782 minores
715 3716 843 3781 ordines
866 3716 1025 3796 habuisse,
1049 3735 1129 3799 quos
1152 3722 1258 3780 tamon
1282 3720 1358 3781 tuuc
1380 3734 1443 3780 non
1465 3715 1612 3793 habebat,
1637 3733 1746 3780 vorum
1769 3714 1843 3797 quia
1863 3715 1924 3779 iam

414 3823 544 3888 ordines
566 3820 751 3903 recipiendo
775 3821 817 3886 sit
840 3820 975 3886 clericus
995 3820 1110 3899 factus,
1134 3820 1218 3885 uude
1241 3819 1402 3903 supplicat
1423 3819 1461 3886 V.
1478 3820 1520 3900 S.,
1536 3824 1694 3902 quatenus
1717 3837 1788 3883 cum
1811 3818 1923 3884 eodem

415 3927 645 4011 Nevstampio,
679 3926 804 4004 clerico,
827 3928 966 4009 graciam
989 3927 1154 4005 iacientes,
1177 3925 1349 4009 dignemini
1372 3929 1478 3989 vestra
1500 3925 1602 4007 prima
1624 3923 1842 3989 benivolencia
1864 3923 1926 3988 sibi

415 4031 594 4113 providere,
608 4037 644 4097 ut
654 4031 740 4098 circa
751 4030 883 4096 eandem
892 4031 930 4098 V.
943 4031 994 4098 8¹¹:
1004 4030 1215 4113 provisionem
1231 4029 1318 4094 licite
1334 4028 1439 4094 valeat
1453 4047 1628 4107 remanere,
1644 4033 1678 4093 et
1692 4028 1924 4107 nichilominus,

416 4154 490 4200 cum
512 4135 597 4201 idem
619 4135 864 4218 Nevstampius,
895 4135 1039 4210 clericus,
1072 4141 1238 4217 paternam
1260 4134 1505 4217 generositatem
1530 4138 1562 4198 et
1583 4151 1705 4198 morum
1727 4132 1925 4198 honestatem

415 4240 561 4304 imitetur
582 4245 673 4305 etse
702 4239 743 4305 ad
777 4240 917 4304 studium
951 4240 1150 4304 Bononiense
1182 4238 1383 4303 transtulerit
1417 4256 1474 4319 pro
1507 4237 1646 4302 sciencia
1667 4236 1869 4320 renubendo,
1893 4242 1926 4301 et

413 4342 498 4408 tales
522 4344 635 4408 merito
655 4344 846 4425 premiomm
863 4342 1074 4425 prerogativis
1090 4345 1164 4407 sunt
1180 4341 1363 4422 abolendi,·)
1380 4341 1463 4406 unde
1479 4341 1638 4423 supplicat
1653 4341 1691 4408 V.
1709 4341 1751 4420 S,
1767 4346 1924 4422 quatenus

416 4447 523 4512 eidem
545 4447 759 4528 Nevstampio
783 4447 823 4511 de
846 4447 1002 4529 dignitate
1026 4465 1096 4512 cum
1120 4465 1197 4512 cura
1219 4446 1271 4511 vel
1294 4446 1364 4511 sine
1386 4464 1463 4511 cura
1484 4445 1536 4510 vol
1558 4450 1731 4528 personatu
1747 4449 1804 4510 aut
1819 4444 1923 4511 officio

412 4551 606 4617 vacantibus
628 4551 679 4616 vel
701 4552 861 4617 vacaturis
883 4552 916 4616 in
940 4550 1145 4616 Gracouiensi
1167 4556 1202 4615 et
1225 4551 1264 4615 de
1296 4551 1483 4616 canonicatu
1517 4556 1550 4615 et
1582 4550 1744 4632 prebenda
1778 4549 1925 4615 similiter

413 4656 606 4721 vacantibus
629 4656 679 4721 vel
702 4657 864 4723 vacaturis
888 4656 920 4719 in
943 4654 1201 4721 Wratislauiensi
1224 4655 1369 4720 ecclesiis
1392 4674 1462 4720 cum
1486 4655 1630 4719 omuibus
1652 4653 1806 4720 clausulis
1832 4674 1924 4737 opor-

414 4761 506 4826 tunis
528 4759 700 4843 dignemini
722 4760 900 4843 providere,
923 4760 1104 4844 provisione
1127 4760 1187 4824 sibi
1209 4759 1295 4825 facta
1317 4778 1375 4843 per
1397 4760 1434 4824 V.
1452 4760 1482 4825 S.
1507 4760 1539 4823 in
1562 4758 1698 4824 ecclesia
1720 4758 1924 4824 Gracouicusi

414 4865 456 4929 de
480 4865 668 4930 canonicatu
692 4870 725 4929 et
746 4865 909 4947 prebenda
931 4884 994 4929 non
1017 4865 1173 4942 obstante,
1197 4865 1229 4928 in
1252 4864 1312 4928 hoc
1335 4862 1439 4942 michi,
1464 4863 1577 4928 devoto
1593 4861 1657 4928 filio
1674 4864 1711 4928 V.
1728 4864 1770 4942 S,
1786 4864 1924 4947 graciam

414 4969 574 5034 facientes
597 4968 777 5052 specialem.
889 5027 894 5037 .

521 5073 651 5139 Habeat
671 5092 755 5139 nune
777 5074 914 5156 muciam
937 5075 977 5138 de
1000 5074 1094 5138 dictis
1118 5053 1305 5138 canonicatu
1329 5078 1362 5137 ct
1383 5072 1545 5154 prebenda
1567 5072 1604 5138 R.
1636 5074 1680 5138 nt
1702 5091 1731 5154 q.
1755 5077 1778 5137 t.
1802 5091 1827 5137 s.
1851 5091 1878 5136 a.
1903 5071 1923 5135 l.

411 5182 489 5247 Fiat
512 5179 550 5243 R.
574 5180 613 5244 Ι).
639 5179 795 5243 Aninione
818 5177 910 5243 XVII
932 5176 996 5242 kal.
1020 5177 1168 5242 Octobris
1192 5196 1220 5241 a.
1244 5176 1364 5259 quinto.

520 5366 1287 5439 cmmssfflfffflmtw-ummb
