5184 7050
682 786 748 854 600

681 994 735 1059 vel
757 992 864 1075 officii,
887 994 987 1059 eciam
1011 994 1037 1059 si
1061 998 1204 1058 curatum
1227 994 1354 1075 existat,
1378 996 1406 1060 si
1429 1014 1501 1078 que,
1525 997 1552 1060 si
1576 996 1647 1078 quis
1671 996 1771 1061 celsi
1796 996 1945 1078 quodie
1966 995 2064 1060 dicta
2089 994 2214 1059 eeclesia

684 1098 735 1164 vel
758 1105 848 1165 extra
870 1104 963 1165 vacat
986 1098 1025 1163 ad
1048 1117 1190 1181 presens,
1215 1106 1271 1165 aut
1300 1120 1371 1165 cum
1400 1100 1494 1165 simul
1523 1101 1575 1166 vel
1606 1103 1787 1167 successivo
1819 1102 2016 1179 vacaverit,
2051 1101 2215 1183 dignemini

685 1205 864 1287 providere,
898 1224 960 1270 uon
993 1205 1149 1282 obstante,
1185 1204 1269 1286 qrrod
1304 1205 1386 1269 idern
1420 1204 1583 1273 Jolrannes
1614 1207 1654 1272 de
1684 1211 1717 1272 et
1746 1226 1849 1289 super
1874 1207 2033 1289 quadam
2061 1207 2214 1289 prebenda

686 1310 829 1375 eiusdem
852 1311 987 1375 ecclesie
1010 1310 1280 1393 wissegradensis
1303 1330 1425 1375 necnon
1449 1311 1488 1375 de
1513 1311 1700 1393 parrochiali
1726 1311 1868 1376 ccclesia
1901 1313 1939 1375 in
1972 1312 2096 1377 Horlra
2119 1332 2154 1375 ac
2176 1314 2214 1376 al·

686 1414 749 1479 tari
780 1420 890 1481 sancte
920 1416 1111 1498 Margaretc,
1146 1415 1208 1479 sito
1238 1415 1270 1479 iu
1301 1414 1438 1479 ccclesia
1467 1415 1629 1497 Pragensi,
1664 1417 1695 1480 in
1725 1416 1874 1480 Rornana
1910 1417 2049 1491 cnria·)
2086 1419 2215 1481 noscitur

686 1517 824 1602 litigare,
859 1539 929 1586 cmn
960 1520 1032 1585 aliis
1061 1538 1122 1585 non
1153 1519 1351 1584 obstantibus
1382 1523 1414 1583 et
1445 1519 1597 1584 clausulis
1631 1521 1796 1602 oportunis
1826 1526 1864 1586 et
1894 1522 2151 1597 executoribus,
2184 1530 2213 1586 nt

688 1622 721 1687 in
743 1623 855 1689 foruna.

790 1728 864 1794 Fiat
885 1729 923 1794 R.

791 1834 872 1899 Item
895 1831 1063 1915 supplicat,
1087 1837 1244 1915 quatenns
1266 1831 1427 1896 Rinhardo
1451 1831 1491 1895 de
1514 1831 1728 1914 Wstupenicz,
1744 1833 1926 1916 Pragensis
1953 1835 2114 1913 diocesis,
2134 1838 2206 1901 rica·

687 1937 734 2001 ric
757 1936 922 2017 Johannis,
946 1939 1069 2020 nopotis
1092 1937 1123 2004 S.
1146 1937 1195 2016 V,
1219 1937 1250 2001 in
1273 1936 1411 2001 ecclesia
1433 1936 1593 2019 Prageusi,
1626 1937 1664 2002 de
1693 1937 1849 2003 beneficio
1880 1940 2120 2005 ecclesiastico
2141 1960 2201 2005 cunr

688 2059 764 2106 cura
786 2042 837 2106 vol
861 2043 929 2108 sine
953 2062 1037 2120 cura,
1060 2047 1194 2105 vacante
1218 2040 1266 2103 vol
1290 2045 1440 2105 vacaturo
1456 2040 1489 2104 in
1505 2040 1641 2105 ecclesio
1664 2041 1817 2124 Prngeusi
1840 2042 1892 2105 vel
1916 2052 2026 2121 extra,
2046 2052 2202 2126 spectante

688 2145 729 2209 ad
752 2146 955 2212 collacionern
979 2146 1030 2210 vel
1053 2147 1263 2227 provisionem
1294 2164 1351 2209 seu
1382 2146 1526 2227 quamuis
1557 2147 1650 2210 aliam
1681 2145 1932 2227 disposicionem
1963 2149 2201 2231 archiepiscopi,

690 2253 854 2333 prepositi,
888 2248 1035 2323 decanill
1071 2255 1103 2313 et
1137 2250 1269 2331 capituli
1300 2249 1558 2332 singulorumque
1593 2251 1814 2317 canonicorum
1849 2253 1996 2317 ecclesie
2031 2254 2198 2337 l’ragensis.

687 2354 858 2438 dignemini
879 2357 1057 2439 providero,
1082 2374 1152 2421 crnn
1175 2355 1320 2419 omnibus
1343 2373 1404 2418 non
1428 2355 1627 2420 obstantibus
1646 2362 1679 2421 ot
1694 2354 1847 2421 clausulis
1869 2360 2051 2439 oportunis
2076 2380 2113 2424 sc
2134 2380 2196 2425 ere

689 2461 860 2526 cutoribus.

791 2565 864 2630 Fiat
886 2572 946 2632 otc.
969 2566 1006 2631 R.

791 2672 872 2736 Item
895 2670 1064 2754 supplicat,
1081 2674 1238 2751 quantenus
1254 2667 1406 2733 Habardo
1428 2666 1564 2732 Conradi
1581 2666 1620 2731 dc
1636 2666 1834 2748 Gelczenicz,
1853 2670 2036 2753 Pragcnsis
2060 2675 2191 2741 diocesis.

686 2773 726 2838 de
747 2774 902 2840 beneficio
917 2775 1135 2841 eeclesiastico
1151 2793 1222 2840 curn
1238 2793 1315 2838 cura
1330 2772 1380 2836 vel
1397 2772 1465 2836 sine
1481 2790 1565 2850 ema,
1582 2775 1747 2853 spectante
1771 2777 1988 2842 communiter
2008 2778 2063 2842 vel
2079 2780 2187 2844 divisim

686 2878 727 2943 ad
758 2879 971 2959 collacioncm,
1001 2879 1282 2963 presentacionoru,
1314 2875 1524 2959 provisionem
1555 2894 1612 2940 scu
1640 2878 1786 2959 quamvis
1814 2878 1913 2946 aliam
1951 2882 2185 2964 disposicionem

686 2983 847 3049 abbatisse
870 2990 903 3049 et
925 2990 1098 3050 corruentes
1121 2982 1304 3047 monasterii
1326 2982 1413 3047 beati
1437 2981 1567 3063 Georgii
1590 2982 1622 3046 in
1646 2987 1750 3048 castro
1771 2984 1938 3067 Pragensi,
1960 2988 2086 3053 ordinis
2101 2990 2185 3054 sancti

684 3086 861 3166 Benedicti,
885 3089 912 3153 si
935 3090 1019 3172 quod
1043 3088 1083 3153 ad
1107 3105 1239 3170 presens
1262 3093 1363 3166 vacat,
1388 3086 1437 3150 sel
1461 3105 1531 3151 cnm
1548 3088 1717 3166 vacaverit,
1734 3087 1908 3171 dignemini
1929 3094 2112 3172 providere,
2127 3114 2182 3157 cum

685 3193 909 3273 acceptaeionc
932 3198 992 3258 etc.
1016 3197 1141 3257 etcum
1165 3190 1238 3255 aliis
1268 3209 1329 3255 non
1360 3190 1559 3255 obstantibus
1589 3196 1622 3255 ct
1653 3191 1803 3256 clausulis
1830 3197 2033 3261 necessariis
2056 3204 2089 3262 et
2109 3217 2183 3280 opor·

685 3296 771 3361 tonis
794 3315 833 3362 ac
855 3298 1087 3362 executoribus.

791 3401 863 3466 Fiat
886 3406 944 3467 etc.
970 3401 1006 3465 R.

789 3507 869 3572 item
893 3506 1059 3589 supplicat,
1084 3511 1241 3588 quatenns
1264 3503 1440 3569 Theodrico
1464 3502 1503 3567 do
1528 3503 1687 3583 liubrrcez,
1704 3503 1876 3586 Pragensis
1900 3506 2059 3589 diocesis,
2082 3511 2181 3576 sicario

684 3610 796 3676 decani
819 3612 999 3694 Pragensis,
1022 3611 1062 3675 dc
1084 3609 1236 3674 beneficio
1260 3607 1477 3672 ecclesiastico
1500 3627 1570 3671 curu
1594 3627 1670 3671 cura
1693 3607 1743 3671 vel
1774 3609 1843 3672 sine
1867 3628 1958 3690 cura,
1991 3623 2124 3680 vacante
2142 3615 2179 3678 ccl

683 3723 834 3781 vacaturo
858 3717 889 3780 in
912 3714 1048 3779 ecclesia
1071 3713 1223 3795 Pragcnsi
1245 3712 1295 3776 veri
1320 3718 1419 3789 extra,
1437 3715 1603 3792 spectante
1618 3711 1657 3774 ad
1674 3710 1889 3790 collaciouem,
1908 3722 2178 3794 presentarioueu.

684 3821 894 3903 provisionem
918 3838 974 3883 seu
997 3819 1141 3901 ‹prarrrvis
1165 3817 1260 3882 alinrn
1283 3817 1527 3898 disposicionem
1561 3813 1792 3897 archicpiscopi
1813 3815 2000 3900 Pragensis,
2029 3823 2179 3906 dignemini

685 3925 862 4009 providero,
886 3943 956 3989 cunr
980 3924 1204 4005 acceptacione
1227 3926 1288 3986 otc.
1312 3926 1346 3985 et
1369 3940 1439 3984 cum
1462 3920 1533 3984 aliis
1556 3938 1618 3983 non
1645 3920 1845 3984 obstantibus
1868 3927 1902 3986 et
1926 3924 2084 3992 clausulis
2105 3949 2179 4011 oprr·

683 4030 769 4094 tuuis
793 4035 826 4094 et
849 4028 1082 4104 executoribus
1106 4026 1348 4101 nonobstante,
1373 4024 1455 4106 ‹prrod
1480 4024 1580 4105 ipse-⁰)
1610 4022 1805 4088 Tlreodricus
1829 4032 2025 4108 perpetuam
2049 4034 2176 4098 sicariam

684 4134 761 4198 dicti
785 4133 895 4198 decani
918 4132 950 4196 in
974 4131 1060 4194 dicta
1083 4128 1235 4210 i'ragensi
1259 4127 1395 4192 ccclesia
1419 4127 1560 4192 noscitur·
1583 4128 1736 4193 obtinere.

787 4237 860 4301 Fiat
884 4241 944 4300 etc.
968 4236 1005 4299 R.

788 4342 868 4406 lteru
892 4339 1060 4422 supplicat,
1093 4343 1248 4419 qnatenus
1275 4336 1496 4418 Praedroogio,
1528 4334 1648 4400 decano
1680 4337 1841 4418 Progensi,
1877 4347 1912 4405 et
1944 4344 2020 4408 aliis
2052 4347 2173 4411 unclecinr

680 4447 832 4527 personis,
857 4464 935 4526 qnos
960 4445 1026 4525 ipse
1051 4443 1190 4506 decanus
1214 4441 1273 4503 sibi
1299 4441 1329 4503 in
1352 4440 1411 4503 bac
1436 4445 1525 4520 parte
1556 4441 1774 4520 assurrrpscrit,
1810 4441 1986 4525 dignemini
2021 4451 2171 4528 indulgent

682 4556 717 4615 nt
739 4551 771 4614 in
795 4550 904 4613 mortis
928 4548 1061 4612 articulo
1085 4546 1207 4627 aliquos
1231 4544 1361 4609 idoneos
1384 4545 1597 4626 presbyteros,
1615 4543 1780 4625 religiosos
1796 4545 1846 4610 vel
1864 4550 2040 4630 seculares,
2064 4557 2092 4619 in
2113 4573 2171 4616 sors¹
2238 4543 2239 4586 ³

682 4655 805 4736 possint
828 4653 945 4735 eligere.
969 4653 1176 4726 consessores,
1201 4651 1253 4730 qui
1279 4650 1417 4730 ipsorum
1450 4647 1648 4712 confessione
1679 4646 1788 4712 audita
1818 4650 1946 4732 plenam
1975 4660 2170 4723 resmissionem

685 4763 887 4841 peecatorum
911 4758 1130 4833 concederent,
1155 4759 1190 4817 ut
1214 4755 1245 4816 in
1268 4754 1376 4817 forum.

781 4864 862 4938 Fiat,
895 4862 951 4926 scd
982 4862 1121 4926 nominet
1151 4877 1304 4941 personas
1335 4858 1368 4921 irr
1399 4856 1588 4920 cancellaria
1619 4855 1655 4919 R.
1696 4856 1739 4920 Et
1768 4875 1798 4938 q.
1830 4865 1853 4924 t.
1885 4881 1910 4926 s.
1945 4886 1973 4931 a.
2003 4869 2023 4934 l.
2062 4871 2125 4935 liat
2143 4870 2168 4933 ll.
2237 4905 2239 4922 .

680 4968 719 5033 Ι).
744 4969 900 5033 Aniniorre.
924 4966 985 5031 Vll
1010 4965 1070 5030 kal.
1096 4962 1261 5028 Februarii
1286 4981 1314 5025 a.
1339 4961 1483 5043 septimo.
2238 4951 2239 4958 ’

781 5174 909 5242 Ligatnm
928 5189 1022 5227 errore
1042 5172 1075 5225 ad
1095 5171 1244 5224 t'lementis
1263 5168 1299 5221 Vl
1318 5169 1344 5222 S.
1365 5169 1431 5235 llljl
1453 5174 1489 5232 (o)
1509 5167 1526 5220 f.
1548 5172 1604 5220 140.
1625 5197 1659 5207 —
1686 5169 1710 5234 ¹¹)
1728 5166 1817 5235 suppl.
1839 5185 1925 5240 snpra
1943 5175 1970 5229 s,
1999 5179 2024 5242 a)
2043 5183 2169 5251 ‚prppnsjg
2237 5139 2239 5198 i

678 5261 791 5327 decani‘,
820 5261 910 5330 suppl.
931 5276 1015 5329 supra
1033 5259 1060 5312 S.
1087 5264 1109 5324 ⁶)
1127 5257 1209 5328 ‚quod
1228 5257 1297 5325 ipsc‘
1318 5255 1407 5324 suppl.
1426 5271 1510 5324 supra
1529 5255 1555 5310 S.

2237 5379 2239 5406 l
