5184 7050
1993 865 2055 932 571

543 1077 645 1141 studii
680 1074 849 1157 Pragensis
882 1071 1119 1137 examinacione
1153 1070 1322 1153 prehabita
1356 1069 1504 1135 idoneum
1538 1072 1702 1154 repererit,
1735 1073 1837 1154 ipsum
1869 1074 2059 1139 auctoritate

543 1179 723 1263 apostolica
751 1177 790 1243 ad
821 1177 980 1260 prelatum
1011 1181 1196 1257 promoveat
1221 1175 1442 1257 magistratum
1466 1175 1632 1258 ipsumque
1655 1182 1772 1242 extunc
1795 1177 1941 1242 omnibus
1963 1176 2060 1243 hono·

543 1286 645 1364 ribus,
669 1282 855 1366 privilegiis
879 1279 1044 1347 beneficiis
1068 1284 1101 1343 et
1123 1279 1248 1362 graciis,
1284 1280 1400 1361 quibus
1433 1279 1573 1362 gaudent
1606 1281 1705 1346 ceteri
1739 1282 1884 1363 magistri
1918 1280 2061 1346 eiusdem

544 1391 672 1473 pagine,
706 1389 846 1473 gaudere
880 1387 1040 1466 decernat,
1064 1404 1135 1449 cum
1171 1384 1316 1451 omnibus
1347 1384 1499 1450 clausulis
1522 1389 1555 1449 et
1577 1403 1638 1451 non
1661 1386 1862 1451 obstantibus
1885 1387 2059 1469 oportunis.

652 1493 713 1561 Vel
736 1492 870 1559 similem
894 1491 1146 1557 commissionem
1169 1490 1276 1556 lacere
1300 1489 1471 1572 dignemini
1494 1489 1591 1554 alicui
1614 1490 1655 1554 de
1677 1508 1767 1555 sacro
1799 1489 1932 1573 collegio
1962 1491 2061 1555 domi·

544 1617 659 1664 norum
683 1597 891 1663 cardinalium
914 1597 1004 1661 iuxta
1027 1613 1145 1660 morem
1169 1595 1297 1659 solitum
1321 1594 1353 1659 in
1376 1592 1493 1660 talibus
1516 1595 1728 1660 observatum.

650 1701 724 1767 Fiat
744 1720 805 1785 per
826 1701 1019 1766 cardinalem
1043 1698 1159 1765 Album
1181 1698 1218 1763 R.
1242 1699 1286 1764 Et
1308 1717 1338 1780 q.
1361 1703 1385 1762 ι.
1410 1716 1434 1762 s.
1456 1717 1484 1763 ιι.
1501 1698 1521 1764 l.
1546 1699 1620 1764 Fiat
1639 1698 1676 1763 R.
1701 1700 1739 1763 D.
1757 1698 1914 1764 Auiuione
1931 1698 1980 1764 111
1996 1697 2058 1763 kal.

545 1807 745 1890 Septembris
768 1826 797 1872 a.
822 1808 966 1893 septimo.

655 1980 804 2035 Clementis
822 1979 861 2033 Vl
879 1979 906 2034 S.
924 1978 1002 2049 Vllll
1023 1979 1079 2048 (lb)
1098 1977 1116 2030 l.
1135 1977 1204 2030 212'.
1224 2006 1258 2016 —
1275 1974 1328 2030 Ed.
1346 1973 1446 2044 Tadra,
1466 1974 1597 2030 Koltornt
1616 1974 1697 2046 stylry
1715 1990 1776 2044 pag.
1800 1980 1858 2029 281.
1878 2005 1911 2015 —
1939 1980 1961 2040 ·)
1980 1975 2060 2043 ,cele-

543 2069 635 2122 brato‘
654 2068 690 2136 S,
709 2083 778 2123 corr.
798 2068 833 2122 ab
852 2066 966 2126 editore.
994 2065 1019 2133 b)
1036 2066 1144 2133 ,iterato
1163 2063 1310 2133 supplicat‘
1329 2062 1420 2133 suppl.
1439 2063 1468 2117 in
1487 2062 1609 2132 margine
1627 2062 1652 2118 S.

1199 2261 1405 2270 Β*

544 2456 668 2522 1015.
693 2450 837 2536 (heroice,
861 2454 1075 2517 Ramnomm
1096 2455 1127 2516 ec
1149 2450 1321 2516 Bobemioe
1342 2471 1409 2530 ree,
1431 2454 1573 2533 ropatur,
1596 2471 1635 2516 ne
1656 2470 1727 2516 cem
1750 2449 1905 2521 Lcdcoc’ci
1930 2447 1968 2515 de
1990 2451 2058 2515 Ba·

544 2559 641 2623 cario
664 2556 750 2639 filiis
778 2560 954 2621 tractatam
984 2556 1121 2638 aliquem
1150 2560 1350 2636 mmm,
1376 2556 1569 2640 priusquam
1588 2556 1717 2639 plenem
1739 2559 1769 2619 et
1790 2559 1911 2620 certem
1932 2574 2057 2638 respon·

1078 2662 1197 2726 amnem
1220 2682 1242 2727 a
1263 2662 1354 2727 curia
1378 2659 1539 2744 receperit

1474 2782 1638 2860 Ariamne,
1663 2784 1749 2850 1348
1770 2780 1961 2868 Sepencra
1983 2783 2014 2847 1.

653 2955 688 3023 0.
712 2958 745 3023 in
768 2955 825 3023 Ch.
842 2956 864 3023 f.
885 2958 1013 3036 Karoia
1038 2958 1250 3025 Romanorum
1273 2976 1400 3041 semper
1422 2964 1557 3041 augusto
1581 2964 1614 3024 et
1635 2958 1767 3024 Boemie
1790 2958 1858 3040 regi
1876 2956 2004 3023 illustri.
2023 3005 2054 3022 ..

545 3062 587 3127 Ι).
611 3061 634 3127 l.
657 3061 838 3128 iohannem
861 3063 900 3127 de
922 3063 1064 3143 Boemie,
1087 3064 1207 3129 ordinis
1231 3063 1480 3144 Predicatornm,
1497 3065 1646 3129 nuncimn
1661 3068 1752 3129 tuum
1768 3062 1809 3127 ad
1824 3067 1966 3129 nostram
1986 3082 2059 3147 pre·

545 3168 688 3232 sencianr
722 3167 924 3247 destinatum,
960 3172 994 3233 et
1026 3173 1229 3252 presentatus
1259 3168 1351 3234 nobis
1377 3188 1435 3253 per
1457 3187 1530 3234 eum
1552 3168 1677 3234 litteras
1699 3167 1892 3234 excellencie
1914 3174 1980 3247 tue,
2004 3186 2061 3250 per

544 3290 628 3353 quas
651 3271 842 3354 superbiis,
865 3290 928 3355 que
950 3277 1127 3352 vertuntur,
1152 3278 1188 3337 ut
1209 3273 1275 3338 tuis
1296 3274 1403 3339 verbis
1426 3278 1561 3353 utamur,
1586 3273 1669 3337 inter
1688 3277 1721 3339 te
1737 3292 1774 3338 ac
1788 3271 1871 3338 filios
1887 3272 2059 3355 dampnate

543 3377 698 3440 memorie
733 3376 888 3442 Ludouici
922 3376 962 3441 de
991 3376 1142 3454 Bouaria,
1174 3395 1295 3442 necnon
1320 3395 1415 3459 super
1438 3382 1525 3444 statu
1548 3377 1693 3443 alimanie
1716 3375 1852 3459 predicti
1875 3377 1981 3442 nuncii
2004 3375 2058 3442 ad-

542 3478 650 3545 hiberi
672 3478 767 3545 fidem
788 3479 943 3546 relatibus
966 3479 1100 3561 petiisti,
1124 3481 1394 3562 contemplacione
1416 3486 1473 3547 tua
1495 3483 1630 3566 henigne
1653 3483 1832 3565 recepimus
1853 3488 1895 3561 et,
1913 3499 1975 3565 que
1990 3481 2060 3564 ipse

543 3586 641 3652 nobis
663 3603 760 3667 snper
781 3584 843 3650 hiis
867 3603 924 3668 pro
947 3591 1039 3667 parte
1061 3592 1118 3652 tua
1140 3586 1315 3668 prudenter
1337 3588 1485 3669 exposuit
1507 3592 1541 3651 et
1571 3588 1602 3652 in
1632 3588 1761 3668 scriptis
1784 3588 1884 3652 eciam
1908 3586 2059 3652 adhibere

543 3691 681 3770 curavit,
704 3691 737 3755 in
760 3708 893 3756 examen
917 3690 1024 3756 debite
1048 3690 1314 3756 consideracionis
1336 3691 1493 3771 adductis,
1517 3692 1593 3774 quia
1612 3691 1710 3756 nichil
1725 3691 1876 3773 speciale,
1892 3691 1950 3757 sed
1965 3710 2060 3775 gene·

541 3793 627 3861 ralia
648 3800 771 3861 tantum
795 3802 828 3862 et
851 3796 1012 3862 succincte
1035 3796 1201 3878 proposuit
1223 3802 1255 3861 et
1277 3795 1383 3860 redire
1405 3795 1446 3861 ad
1469 3801 1502 3861 te
1525 3795 1607 3861 inira
1630 3796 1837 3862 constitutum
1860 3797 1921 3862 sihi
1937 3816 1957 3861 a
1973 3801 2006 3862 te
2025 3801 2061 3862 ιιι

541 3900 685 3965 asseruit
706 3901 834 3965 brevem
851 3901 944 3967 nimis
960 3907 993 3967 et
1008 3906 1111 3966 artum
1127 3902 1296 3967 terminum
1312 3899 1500 3967 festinabat:
1517 3918 1584 3981 uos,
1601 3901 1676 3983 quia
1690 3901 1833 3966 nonnulli
1848 3920 1887 3966 ex
1903 3901 2057 3968 fratribus

542 4003 666 4071 nostris
688 4010 819 4088 propter
842 4011 975 4087 pestem,
999 4024 1070 4087 quo,
1094 4011 1130 4070 ut
1152 4006 1192 4071 arl
1215 4011 1303 4072 tuam
1327 4006 1485 4071 credimus
1516 4008 1701 4088 pervenisse
1731 4007 1891 4086 noticiam,
1922 4006 2059 4090 patriam

541 4108 627 4174 hanc
650 4108 794 4175 inaudita
817 4115 850 4175 et
873 4109 1051 4175 incredibili
1074 4109 1164 4176 clade
1186 4112 1333 4190 vastavit,
1357 4130 1376 4176 a
1400 4112 1488 4176 ouria
1511 4115 1711 4176 secesserant
1741 4129 1800 4176 nec
1823 4111 1927 4176 adhuc
1953 4095 2066 4176 relic:

545 4218 624 4277 runt
647 4213 687 4277 ad
710 4212 806 4295 illam,
830 4215 1014 4297 etquidem
1038 4216 1157 4295 exeis,
1188 4216 1242 4296 qui
1273 4216 1305 4280 in
1339 4215 1429 4280 curia
1452 4215 1578 4297 prefata
1611 4221 1840 4293 remanserant,
1874 4213 2058 4280 infirmitate

541 4324 726 4401 gravmtur,
749 4318 867 4385 elicere
889 4319 940 4383 vel
963 4319 1141 4385 deliberare
1164 4320 1373 4402 nequivimus,
1398 4320 1474 4402 quid
1496 4320 1554 4384 tibi
1578 4337 1674 4403 super
1703 4318 1885 4384 huiusmodi
1915 4319 2057 4385 eiusdem

542 4422 655 4488 nuncii
687 4424 736 4488 tui
769 4425 963 4500 ambassiata
995 4425 1189 4507 respondere
1222 4442 1397 4507 possemus.
1443 4425 1486 4490 Et
1520 4424 1601 4504 ideo,
1636 4428 1672 4490 ut
1701 4423 1761 4488 tibi
1783 4423 2059 4490 -certitudiualiter

541 4527 795 4610 respondeamus
817 4528 858 4593 ad
881 4529 946 4607 illa,
970 4527 1114 4612 significa
1136 4529 1227 4593 nobis
1251 4527 1399 4610 specifice
1422 4534 1455 4594 et
1488 4518 1630 4608 extense,
1666 4547 1728 4611 que
1765 4534 1798 4593 et
1832 4527 1940 4610 qualia
1974 4535 2057 4607 sunt,

542 4652 607 4715 que
631 4632 718 4697 inter
738 4638 772 4698 te
794 4650 832 4697 ac
853 4633 1015 4714 predictos
1038 4634 1138 4715 ipsius
1161 4634 1317 4699 Ludouici
1351 4633 1433 4699 filios
1463 4639 1602 4702 tractata
1634 4642 1708 4700 suut
1738 4640 1771 4698 et
1804 4638 1992 4713 tractantur,
2029 4639 2062 4699 et

542 4756 608 4820 que
634 4743 668 4803 et
690 4737 797 4819 qualia
819 4738 910 4803 nobis
933 4743 967 4803 et
989 4738 1124 4804 ecclesie
1147 4737 1289 4803 Romane
1311 4758 1370 4821 pro
1390 4744 1438 4804 tot
1454 4740 1590 4818 iniuriis,
1608 4740 1786 4821 obprobriis
1803 4745 1835 4805 et
1851 4738 2060 4818 contumeliis,

541 4860 602 4924 per
635 4840 763 4907 eosdem
793 4846 918 4925 patrem
949 4848 982 4908 et
1005 4841 1086 4908 filios
1110 4841 1170 4909 deo
1193 4847 1227 4908 et
1250 4843 1355 4908 eidem
1378 4843 1515 4909 ecclesie
1539 4844 1687 4926 irrogatis
1710 4848 1747 4909 ut
1768 4844 1862 4923 nosti,
1887 4863 1944 4926 pro
1968 4844 2060 4910 satis-

543 4946 729 5029 iaccione⁸)
752 4945 907 5029 condigna
929 4945 1075 5025 offerunt,
1100 4954 1135 5012 ut
1157 4947 1249 5012 nohis
1272 4954 1305 5012 et
1328 4947 1432 5013 eidem
1454 4949 1699 5013 reconcilientur
1722 4947 1857 5013 ecclesie
1883 4968 1920 5013 ac
1950 4967 2061 5031 paoem

541 5056 633 5116 tuam
657 5051 757 5115 eciam
780 5055 975 5131 mereantur,
999 5052 1031 5116 in
1054 5052 1169 5133 quibus
1193 5053 1318 5133 puritas
1340 5056 1396 5117 tua
1418 5058 1514 5135 prout
1536 5053 1629 5118 decet
1649 5058 1682 5117 et
1697 5052 1827 5135 expedit
1847 5059 1974 5119 mature
1990 5072 2061 5135 pro·

542 5155 650 5234 cedat,
675 5155 720 5219 ita
742 5154 826 5238 quod
849 5154 953 5220 eidem
975 5154 1220 5221 honorilicencia
1244 5156 1353 5222 debita
1376 5157 1539 5222 deleratur
1555 5157 1689 5222 ecclesie
1705 5163 1739 5223 et
1753 5157 1838 5222 fama
1853 5163 1910 5223 tua
1926 5159 2061 5224 celebris

542 5265 761 5338 conservetur,
785 5265 818 5325 et
841 5259 985 5325 consulte
1009 5262 1196 5343 prospicias,
1221 5268 1327 5327 utrum
1351 5281 1422 5326 cum
1446 5262 1590 5327 hostibus
1614 5267 1646 5326 et
1669 5262 1928 5343 persecutoribus
1959 5263 2061 5345 ipsius

541 5364 692 5441 ecclesie,
714 5365 827 5430 matris
849 5371 916 5443 tue,
940 5384 1010 5430 cum
1042 5369 1075 5429 et
1103 5371 1139 5430 tu
1170 5367 1318 5448 persequi
1342 5366 1484 5431 tenearis
1517 5366 1654 5443 eosdem,
1687 5367 1733 5429 eis
1764 5366 1796 5429 in
1825 5367 2061 5448 persecucionis

540 5475 573 5534 et
596 5468 769 5534 inimicicie
792 5470 926 5551 pristine
949 5470 1127 5551 pertinacia
1156 5471 1403 5553 persistentibus
1435 5470 1661 5535 excellenciam
1683 5476 1771 5535 tuam
1794 5469 1947 5553 doceatl)
1983 5490 2056 5537 con·

540 5573 686 5639 cordiam
708 5571 827 5638 habere
851 5574 901 5639 vel
925 5593 1045 5656 pacem.
1078 5575 1233 5653 Quocirca
1257 5578 1462 5641 serenitatem
1486 5581 1574 5640 tuam
1599 5580 1722 5640 attente
1744 5594 1901 5658 rogamus
1925 5577 1985 5641 tibi
2011 5578 2058 5642 tui

539 5678 673 5745 honoris
705 5678 821 5743 iutuitu
852 5679 1073 5744 nichilominus
1105 5679 1287 5759 suadentes,
1323 5687 1489 5763 quatenus,
1514 5680 1613 5745 donec
1638 5680 1685 5743 vel
1711 5680 1793 5744 idem
1816 5680 1979 5746 lohannes
2003 5689 2060 5746 aut

539 5782 626 5847 alins
651 5782 786 5846 nuncius
808 5790 894 5862 tuus,
918 5803 1010 5866 quern
1034 5784 1074 5848 ad
1098 5803 1155 5849 nos
1178 5785 1307 5850 mittero
1330 5784 1461 5868 potoris,
1485 5783 1526 5848 ad
1549 5790 1582 5848 te
1606 5803 1675 5847 cum
1696 5785 1790 5865 plena
1807 5790 1944 5849 atcerte
1961 5803 2059 5867 snper
