5184 7050
1881 839 1946 908 353

447 1045 528 1113 584.
554 1044 637 1112 Clam
658 1043 807 1113 Jobouae
829 1045 1017 1110 Deeceleom's
1041 1044 1078 1109 de
1102 1043 1235 1110 Ratibor
1257 1044 1468 1129 dispensatur,
1492 1050 1527 1109 at
1554 1044 1654 1129 plara
1684 1046 1833 1131 beneficia
1855 1046 1946 1113 ecele-

672 1164 675 1168 ’
816 1149 950 1214 siastica
973 1148 1069 1214 libere
1091 1148 1228 1233 recipere
1249 1152 1280 1213 et
1301 1149 1435 1214 retinere
1457 1148 1572 1215 valeat.

485 1289 542 1446 U}
1435 1322 1597 1399 lanua,
1623 1325 1707 1389 laec
1730 1326 1847 1390 aerea
1871 1328 1900 1391 1.

543 1517 581 1581 D.
612 1514 634 1580 f.
666 1514 804 1580 Jobanni
833 1513 1002 1579 Zetnkonis
1033 1514 1073 1578 de
1102 1514 1243 1592 Ratibar,
1268 1513 1383 1579 clerica
1407 1514 1679 1581 Wratislaniensis
1712 1515 1858 1594 diocesis,
1883 1519 1943 1598 ε’)

446 1621 531 1687 Sedis
554 1619 729 1703 apostolice
751 1620 896 1701 graciosa
917 1619 1096 1702 benignitas
1118 1637 1194 1701 erga
1216 1637 1379 1700 personas,
1388 1615 1416 1702 b)
1443 1620 1504 1684 deo
1527 1626 1560 1684 et
1582 1620 1684 1685 eidem
1708 1620 1775 1685 sedi
1800 1620 1943 1699 devotas,

445 1743 662 1807 nonnunquam
691 1723 933 1789 mansuetudine
962 1723 1168 1805 temperando
1198 1724 1344 1805 rigorem,
1372 1724 1456 1805 quod
1478 1724 1558 1789 alias
1581 1725 1729 1807 prohibet
1752 1725 1831 1790 iuris
1853 1743 1943 1789 seve-

444 1830 527 1908 ritas,
551 1829 591 1894 da
612 1828 832 1893 habundancia
855 1846 912 1892 sue
943 1828 1073 1909 pictatis
1104 1827 1245 1910 indulget
1275 1828 1404 1893 eisdem.
1450 1828 1532 1894 Sane
1566 1849 1667 1911 nuper
1689 1829 1829 1894 exhibite
1851 1829 1942 1894 nobis

443 1940 493 1999 tue
526 1934 695 2017 peticionis
728 1932 828 1998 series
862 1933 1053 2011 continebat,
1087 1931 1172 2013 quod
1204 1932 1323 1997 dudum
1356 1938 1461 1997 tecum
1495 1951 1591 2014 super
1625 1933 1750 1999 defectu
1781 1933 1941 2013 natalium,

443 2057 530 2120 quem
553 2038 675 2119 pateris
698 2035 737 2102 de
760 2037 863 2102 soluto
886 2038 1012 2119 genitus
1035 2041 1068 2101 et
1091 2036 1205 2113 soluta,
1230 2041 1265 2100 ut
1288 2055 1410 2101 eonon
1434 2037 1580 2101 obstante
1603 2038 1730 2103 defectu
1760 2038 1800 2102 ad
1834 2056 1941 2103 omnes

442 2142 565 2209 ordines
595 2142 773 2224 promoveri
803 2147 836 2206 et
865 2140 1052 2206 beneficium
1076 2140 1337 2219 ecclesiasticum,
1362 2142 1460 2206 eciam
1484 2142 1510 2206 si
1534 2148 1679 2208 curatum
1702 2143 1863 2220 existeret,
1887 2143 1941 2207 ob·

441 2249 539 2312 tinere
573 2245 706 2324 valeres
740 2246 801 2311 fuit
830 2246 1019 2311 auctoritate
1049 2245 1224 2328 apostolica
1246 2246 1473 2328 dispensatum.
1520 2246 1585 2311 Nos
1609 2248 1705 2329 igitur
1727 2247 1940 2326 attendentes

442 2351 531 2433 quod,
565 2351 650 2416 sicut
681 2349 910 2434 fidedignorum
942 2350 1040 2415 babet
1073 2351 1222 2429 assercio,
1256 2354 1292 2414 tu
1323 2351 1368 2414 sic
1391 2350 1550 2415 defectum
1571 2349 1751 2434 huiusmodi
1774 2350 1940 2416 honestate

440 2474 556 2520 nomm
578 2460 612 2520 et
633 2455 700 2520 vite
729 2474 766 2520 ac
796 2454 867 2520 aliis
897 2454 1049 2519 virtutum
1079 2455 1200 2519 meritis
1229 2471 1451 2535 recompensas
1484 2459 1517 2519 et
1550 2453 1690 2536 supples,
1724 2453 1874 2519 videlicet
1906 2454 1939 2519 in

440 2559 659 2625 tabellionatus
692 2558 806 2637 officio,
840 2557 924 2639 quod
960 2559 1080 2639 pociori
1113 2562 1146 2623 te
1176 2559 1283 2640 gracia
1304 2558 1418 2622 mento
1442 2559 1569 2640 dignum
1591 2558 1708 2637 reddis,
1731 2557 1939 2640 volentesque

441 2682 603 2744 personam
624 2668 723 2740 tuam,
746 2663 800 2745 qui
823 2665 918 2744 prout
940 2662 1057 2726 asseris
1080 2662 1112 2726 in
1135 2662 1269 2726 servicio
1292 2667 1402 2727 sancte
1425 2662 1564 2727 Romane
1587 2663 1722 2728 ecclesie
1745 2681 1802 2743 per
1824 2681 1936 2727 novem

440 2787 532 2834 annos
548 2766 688 2832 fideliter
710 2766 872 2843 laborasti,
888 2766 1114 2846 premissorum
1131 2766 1246 2831 intuitu
1264 2767 1295 2829 in
1311 2766 1370 2830 bac
1386 2771 1476 2847 parte
1492 2766 1598 2847 gracia
1614 2767 1764 2847 prosequi
1781 2765 1937 2849 ampliori,

440 2874 498 2938 tuis
520 2870 813 2954 supplicationibus
835 2869 977 2934 inclinati
999 2875 1113 2948 teeunr,
1138 2875 1174 2934 ut
1195 2870 1258 2934 tria
1279 2869 1434 2934 beneficia
1456 2869 1682 2949 ecclesiastica,
1710 2871 1818 2938 eciam.
1832 2872 1861 2935 si
1883 2872 1938 2935 uni

440 2994 542 3040 eorum
565 2993 644 3040 cura
665 2974 826 3039 immineat
847 2974 1022 3038 ammarum
1046 2975 1224 3055 etreliqua
1247 2974 1309 3038 duo
1332 2974 1535 3040 canonicatus
1558 2980 1591 3039 et
1613 2975 1773 3056 prebende
1788 2975 1889 3040 eciam
1906 2974 1937 3038 in

440 3078 577 3144 ecclesiis
601 3077 836 3144 cathedralibus
858 3077 965 3143 ioman
996 3078 1170 3156 extiterint,
1193 3078 1221 3142 si
1243 3077 1323 3143 alias
1345 3078 1404 3143 tibi
1427 3078 1576 3144 canonice
1604 3078 1813 3157 conferantur,
1837 3078 1937 3142 libere

440 3184 576 3266 recipere
599 3201 636 3248 ac
658 3182 747 3248 licite
770 3182 908 3247 retinere
931 3181 1051 3263 illaque
1073 3181 1124 3246 vel
1145 3181 1273 3263 aliquod
1297 3181 1468 3246 eorundem
1487 3200 1544 3263 pro
1559 3181 1631 3246 aliis
1646 3181 1743 3246 cernel
1759 3187 1792 3247 et
1807 3181 1936 3263 pluries,

440 3288 583 3368 quociens
605 3286 663 3351 tibi
686 3286 855 3366 videbitur,
879 3291 1059 3367 peimutaro
1083 3286 1233 3351 canonice
1255 3285 1372 3364 svaleas,
1397 3285 1523 3351 defectu
1546 3285 1689 3367 predicto
1712 3305 1748 3350 ac
1778 3284 1936 3368 generalis

441 3391 557 3457 concilii
581 3409 619 3455 ac
641 3391 713 3455 aliis
736 3390 975 3471 quibuscunque
999 3390 1281 3455 constitucianibus
1296 3389 1480 3471 apostolicis
1503 3409 1539 3453 ac
1562 3390 1691 3453 statutis
1714 3395 1746 3453 et
1769 3394 1935 3454 consuetu·

440 3494 558 3562 dinibus
593 3495 760 3561 contrariis
794 3493 1009 3574 ecclesiarum,
1044 3495 1076 3559 in
1110 3494 1226 3576 quibus
1255 3493 1433 3559 huiusmodi
1456 3492 1609 3559 benelicia
1631 3493 1737 3559 forsan
1761 3493 1934 3572 extiterint,

439 3599 617 3679 iuramento,
640 3599 882 3669 conffirnacione
903 3599 1076 3683 apostolica
1098 3599 1149 3664 vel
1166 3617 1360 3682 quacunque
1383 3597 1531 3664 firmitate
1554 3599 1934 3679 alia1·oboratis,nequa·

439 3723 524 3787 quam
547 3705 759 3784 obstantibus,
784 3705 823 3770 da
845 3704 1001 3770 uberioris
1023 3704 1106 3769 dono
1129 3704 1234 3787 gracie
1257 3703 1487 3784 dispensamus
1532 3702 1620 3767 Nulli
1646 3720 1721 3783 erga
1744 3708 1803 3768 etc.
1827 3707 1934 3767 nostre

439 3807 682 3892 depensacionis
703 3807 876 3892 intringere
898 3812 959 3874 etc.
998 3809 1037 3873 Ι).
1060 3808 1220 3873 Aninione
1241 3806 1304 3872 kal.
1328 3806 1442 3873 Marcii
1464 3827 1492 3872 a.
1516 3812 1638 3888 quarto.

533 4051 685 4106 Clementis
708 4051 747 4103 Vl
770 4052 804 4103 A.
828 4051 895 4117 lVla
921 4051 964 4120 (V.
988 4051 1050 4115 218)
1075 4050 1095 4102 f.
1117 4053 1169 4103 228
1187 4066 1214 4102 n.
1238 4053 1297 4114 las,
1323 4047 1493 4104 diversarum
1517 4049 1665 4104 formarum
1691 4065 1735 4116 qu.
1754 4053 1816 4101 8:
1830 4048 1862 4100 V.
1882 4053 1932 4103 168

438 4136 453 4189 i.
467 4140 523 4192 aad
542 4156 569 4193 n.
589 4144 650 4192 406.
670 4168 702 4176 -
729 4143 752 4201 ·)
777 4139 901 4207 sequitur
926 4146 962 4204 ,et
988 4137 1168 4207 apostolicam
1195 4135 1435 4204 benediccionem‘,
1458 4136 1507 4192 sed
1533 4137 1711 4192 cancellatum
1730 4138 1763 4190 A.
1792 4136 1815 4204 b)
1841 4136 1931 4205 suppl.

439 4239 512 4294 supra
528 4228 563 4279 A.

438 4812 518 4880 586.
532 4811 679 4882 Jotaaai
693 4813 880 4876 Deeealeonis
896 4813 934 4876 aa
951 4812 1120 4893 Battara)
1136 4812 1190 4892 qai
1203 4813 1286 4877 sicat
1302 4813 1416 4877 asserit
1431 4814 1466 4877 ia
1479 4812 1605 4877 servitio
1623 4817 1754 4878 sanctae
1770 4815 1931 4879 Roeaaaae

439 4915 572 4982 cadmiae
589 4938 651 5000 per
673 4937 780 4981 naam
803 4937 901 4981 arenas
925 4916 1067 4998 fideliter
1089 4915 1255 4995 laborauit,
1280 4917 1467 5000 providetur
1496 4917 1533 4981 de
1563 4918 1754 4982 canauiaatu
1781 4917 1931 4984 cadusiae

441 5015 644 5085 aemma
665 5019 723 5084 aa
738 5021 951 5104 apectatiaae
968 5018 1179 5104 praebendae.
1202 5020 1255 5099 ,D.
1280 5020 1436 5085 Auiaioae
1455 5022 1498 5086 Vl
1516 5041 1587 5086 aaa.
1610 5021 1730 5086 Marcie
1752 5044 1781 5086 a.
1806 5024 1928 5104 quarto.

547 5156 555 5229 Ι
1010 5123 1126 5189 Forma
1147 5127 1184 5188 at
1205 5124 1241 5189 ia
1261 5145 1292 5189 a.
1315 5125 1347 5188 6.

475 5225 513 5367 Jl1
532 5245 579 5371 ῗ
1415 5237 1579 5316 Aoiaiaae,
1606 5239 1693 5304 1346
1715 5236 1833 5306 Manli
1853 5242 1884 5306 2.

528 5468 676 5528 Clementia
692 5471 731 5527 v1
747 5473 782 5526 A.
800 5472 868 5541 Illa
887 5473 943 5542 (84)
963 5470 981 5526 l.
1002 5475 1070 5541 128',
1089 5473 1124 5528 de
1142 5471 1305 5527 canonicatu
1324 5475 1376 5528 sub
1395 5474 1585 5543 expectatione
1606 5473 1781 5544 praebendae
1800 5490 1845 5542 qu.
1864 5479 1927 5529 ³:

441 5548 465 5606 l.
480 5562 526 5612 171
543 5557 563 5614 a
582 5564 614 5614 aa
634 5576 661 5614 n
680 5564 739 5614 ne.
758 5589 792 5599 -
818 5565 842 5627 ι)
859 5558 1002 5629 ,aacyaoe
1021 5561 1055 5614 Α.

1074 5793 1278 5802 —--——-.-
