5184 7050
678 837 747 902 410

673 1043 766 1111 690.
790 1041 971 1123 Pr'edoopio,
996 1041 1249 1124 meoparonem
1274 1021 1432 1107 &advenis
1456 1041 1494 1106 de
1516 1040 1675 1121 maante,
1704 1041 1889 1125 providetur
1914 1041 1953 1106 de
1976 1041 2132 1108 boonaco
2152 1043 2182 1106 ia

802 1195 810 1268 Ι
1010 1144 1142 1210 ecclesia
1164 1145 1322 1226 Propeasv'
1343 1150 1486 1212 cacam.
1512 1148 1626 1211 Formo
1648 1149 1685 1209 ut
1706 1147 1741 1210 in
1763 1168 1793 1210 n.
1816 1149 1846 1211 9.

679 1447 682 1451 Ι
734 1354 820 1476 ᾖ
1687 1360 1852 1440 Aoiaiom,
1875 1366 1964 1429 1346
1985 1364 2072 1434 .Ιαὶἰί
2092 1367 2143 1429 16.

780 1583 819 1647 Ι).
844 1581 865 1646 l.
890 1581 1112 1664 Przieduogio,
1143 1587 1218 1647 nato
1249 1583 1407 1663 quondam
1438 1581 1619 1647 Cnadlionis
1649 1584 1689 1648 de
1719 1583 1893 1664 Sudomirz,
1918 1583 2040 1661 militis,
2069 1583 2183 1648 decano

680 1685 816 1753 ecclesie
838 1686 1018 1769 Pragensis‚
1041 1705 1066 1749 s.
1091 1692 1150 1750 etc.
1176 1686 1249 1752 Vite
1272 1706 1310 1751 ac
1332 1705 1454 1752 morum
1476 1687 1627 1751 honestas
1748 1688 1874 1754 Dudum
1904 1688 2065 1771 siquidem
2088 1688 2185 1752 inten-

678 1792 790 1857 dentes
812 1790 853 1855 de
875 1789 1040 1856 beneficiis
1063 1789 1300 1870 ecclesiasticis,
1324 1809 1386 1872 que
1410 1790 1567 1872 quondam
1590 1791 1728 1858 Thobias
1758 1793 1798 1857 de
1821 1793 2026 1876 Vstupenicz,
2051 1792 2186 1857 decanus

679 1897 813 1961 ecclesie
837 1895 1015 1978 Pragensis,
1038 1900 1114 1959 tunc
1136 1895 1289 1977 temporis
1312 1894 1488 1976 obtinebat,
1512 1914 1582 1960 cum
1605 1896 1660 1961 illa
1682 1899 1794 1979 quovis
1815 1897 1908 1963 modo
1928 1915 2045 1964 vacare
2067 1898 2186 1962 contin·

677 2006 778 2086 geret,
802 2018 859 2083 per
881 1998 1055 2082 apostolice
1079 1999 1166 2064 sedis
1188 1999 1423 2081 providenciam
1446 2000 1595 2081 ordinari,
1611 2001 1765 2068 beneficia
1788 2003 1868 2086 ipsa,
1885 2002 1960 2068 dum
1983 2002 2090 2067 adhuc
2105 1999 2185 2067 idem

678 2106 817 2172 Thobias
840 2107 949 2187 ageret
972 2104 1003 2168 in
1026 2103 1181 2183 humanis,
1205 2103 1355 2168 videlicet
1385 2104 1435 2169 111
1466 2123 1564 2170 nonas
1595 2104 1684 2185 Maii,
1714 2105 1919 2189 pontificatus
1944 2107 2084 2189 nostri·)
2107 2124 2185 2172 anno

682 2212 830 2289 secundo,
844 2210 868 2281 ¹)
892 2208 1055 2273 collacioni
1079 2213 1112 2272 et
1134 2207 1338 2290 disposicioni
1362 2214 1469 2273 nostre
1485 2208 1632 2273 duximus
1647 2227 1687 2274 ea
1701 2210 1770 2275 vice
1786 2211 1972 2294 specialiter
1986 2210 2187 2288 reservanda,

679 2317 886 2381 decernentes
920 2318 1036 2378 extunc
1070 2313 1196 2377 irritum
1229 2318 1262 2377 et
1295 2313 1399 2390 inane,
1434 2314 1461 2377 si
1492 2331 1584 2379 secus
1616 2332 1712 2396 super
1741 2313 1803 2380 hiis
1833 2333 1853 2380 a
1883 2334 2045 2398 quoquam
2079 2316 2187 2398 quarm

678 2419 871 2487 auctoritate
893 2418 1033 2483 scienter
1054 2417 1104 2480 vel
1122 2418 1304 2499 ignoranter
1318 2418 1516 2499 contingeret
1535 2420 1727 2500 attemptari.
1752 2418 1830 2484 Cum
1854 2420 1964 2502 itaque
1986 2419 2187 2504 postmodum

680 2524 855 2589 decanatus
878 2522 1013 2587 ecclesie
1035 2521 1215 2602 Pragensis,
1246 2521 1301 2602 qui
1332 2526 1367 2585 ut
1396 2522 1515 2587 asseris
1545 2523 1578 2586 in
1608 2522 1719 2587 eadem
1749 2523 1883 2589 ecclesia
1913 2522 2057 2606 dignitas
2079 2530 2187 2588 curata

681 2629 800 2705 existit,
817 2633 851 2691 et
873 2626 913 2690 ad
937 2644 1030 2707 quem
1053 2624 1125 2707 quis
1148 2625 1314 2689 consuevit
1335 2643 1394 2706 per
1408 2626 1599 2690 eleccionem
1615 2628 1744 2706 assumi,
1760 2636 1853 2710 quem
1869 2627 2035 2710 predictus
2050 2627 2188 2693 'l'bobias

678 2739 822 2814 tempore
845 2730 1075 2795 reservacionis
1097 2727 1276 2793 huiusmodi
1301 2728 1332 2792 in
1348 2729 1459 2794 eadem
1483 2728 1651 2811 ecclesial)
1675 2731 1848 2810 obtinebat,
1863 2749 1921 2813 per
1943 2732 2048 2814 ipsius
2070 2731 2188 2796 'l'hobie

679 2837 810 2915 obitum,
834 2835 889 2918 qui
910 2852 1013 2916 nuper
1035 2839 1126 2898 extra
1148 2830 1322 2897 Romanam
1345 2834 1464 2897 curiam
1495 2833 1579 2899 diem
1609 2834 1724 2899 clausit
1756 2840 1941 2914 extremum,
1971 2834 2137 2900 vacaverit
2158 2841 2188 2899 et

683 2946 777 3007 vacet
799 2941 839 3005 ad
862 2957 1012 3023 presens:
1035 2956 1093 3002 nos
1116 2937 1259 3002 volentes
1285 2941 1319 3001 te
1334 2936 1513 3002 huiusmodi
1529 2944 1656 3003 tuorum
1678 2939 1862 3004 meritorum
1881 2938 2015 3005 obtentu
2031 2940 2066 3005 in
2080 2940 2189 3005 eadem

681 3046 826 3124 ecclesia,
851 3045 882 3108 in
905 3062 968 3125 qua
992 3041 1163 3108 canonicus
1185 3042 1307 3119 existis,
1326 3041 1463 3123 amplius
1485 3042 1642 3107 honorare
1658 3042 1780 3123 tibique
1794 3043 1932 3127 graciam
1955 3044 2067 3109 lacere
2089 3044 2188 3127 speci-

681 3149 773 3229 alem,
798 3149 972 3232 predictum
996 3148 1185 3212 decanatum
1208 3146 1254 3210 sic
1277 3150 1453 3225 vacantem,
1477 3146 1516 3211 de
1539 3165 1601 3229 quo
1624 3147 1730 3211 nullus
1759 3154 1869 3230 preter
1898 3167 1957 3213 nos
1978 3148 2041 3214 bac
2064 3149 2134 3213 vice
2155 3166 2187 3212 se

682 3255 891 3320 intromittere
913 3258 1029 3335 potest,
1047 3252 1267 3319 reservatione
1283 3255 1316 3314 ot
1332 3250 1460 3315 decreto
1476 3251 1706 3316 obsistentibus
1729 3251 1930 3334 supradictis,
1947 3271 2022 3318 cum
2045 3252 2187 3319 omnibns

681 3359 803 3424 iuribus
819 3363 852 3422 et
865 3357 1072 3440 pertinenciis
1096 3356 1162 3421 suis
1185 3355 1362 3438 apostolica
1385 3354 1443 3419 tibi
1467 3356 1657 3420 auctoritate
1681 3356 1873 3421 conferimus
1895 3363 1927 3420 et
1948 3357 1988 3422 de
2012 3357 2070 3422 illo
2092 3356 2187 3422 eciam

682 3463 883 3547 providemus
908 3481 998 3540 ....;
1029 3481 1090 3526 non
1122 3461 1322 3526 obstantibus
1346 3510 1428 3528 ....
1452 3465 1509 3526 aut
1531 3460 1615 3543 quod
1639 3461 1857 3526 canonicatum
1883 3467 1917 3526 et
1939 3461 2187 3545 prebendamin

681 3568 818 3635 ecclesio
840 3566 1096 3632 Wratislauiensi
1120 3571 1153 3630 et
1176 3565 1344 3632 ecclesiam
1363 3564 1595 3650 parrochialem
1612 3566 1644 3631 in
1659 3567 1838 3647 Pyraczow,
1854 3566 2028 3650 hagensis
2044 3566 2186 3644 diocesis,

681 3674 815 3752 obtines,
847 3678 880 3737 et
910 3672 993 3756 quod
1024 3672 1193 3737 canonicus
1226 3671 1313 3737 dicte
1343 3672 1478 3737 ecclesie
1513 3671 1681 3753 ngensis
1716 3671 1827 3737 exutis
1858 3676 1891 3735 et
1920 3670 2122 3753 prebendam
2152 3690 2184 3736 ac

682 3778 868 3861 dignitatern
890 3776 942 3842 vel
964 3781 1167 3859 personatum
1194 3793 1253 3840 seu
1275 3774 1414 3842 officium
1444 3776 1475 3840 in
1506 3775 1617 3841 eadem
1647 3775 1802 3858 Pragensi
1831 3776 1969 3841 ecclesia
1998 3777 2184 3842 auctoritate

681 3883 861 3948 litterarum
883 3887 1061 3946 nostrarum
1084 3880 1225 3945 nosceris
1248 3886 1429 3963 expectare,
1460 3899 1539 3963 quas
1570 3880 1696 3963 quidem
1718 3879 1844 3946 litteras
1867 3885 1901 3945 et
1922 3897 2097 3963 processus
2118 3880 2183 3948 inda

682 3993 809 4052 secutos
832 3986 936 4069 quoad
960 3985 1148 4071 dignitatern
1169 3985 1220 4050 vel
1242 3992 1447 4068 personatum
1476 4003 1532 4050 seu
1564 3983 1702 4050 officium
1732 3985 1897 4051 dumtaxat
1927 4003 2022 4051 cassa
2044 3993 2079 4052 et
2101 3986 2181 4052 irrita

682 4110 753 4156 esse
777 4092 931 4169 volumus,
948 4110 1018 4156 cum
1034 4090 1169 4155 eundern
1193 4091 1381 4155 decanatum
1403 4089 1535 4173 pacifico
1558 4091 1694 4171 adeptus
1717 4088 1826 4167 lucris,
1843 4089 2003 4173 quodque,
2023 4097 2179 4173 postquam

683 4196 789 4278 vigore
819 4195 999 4259 huiusmodi
1030 4199 1138 4259 nostre
1168 4195 1274 4276 gracie
1305 4195 1382 4260 dicti
1416 4195 1590 4269 decanatus
1623 4195 1857 4277 possessionem
1890 4193 2059 4277 pacificam
2093 4195 2178 4260 hem

682 4306 859 4379 assecutus,
881 4300 1058 4381 predic-tarn
1081 4297 1310 4380 parrochialem
1334 4298 1621 4382 ecclesiam,qua1n
1645 4304 1680 4363 ut
1699 4298 1859 4381 prefertur
1880 4298 2018 4378 obtines
2034 4315 2176 4382 quamque

681 4410 797 4471 extunc
820 4423 932 4469 vacare
955 4403 1163 4483 decernimus,
1179 4409 1274 4486 prout
1296 4405 1398 4468 eciam
1421 4405 1463 4469 ad
1485 4403 1518 4467 id
1533 4410 1566 4469 te
1582 4408 1695 4487 sponte
1718 4402 1871 4481 obtulisti,
1887 4403 2015 4468 omnino
2031 4404 2174 4470 dimittere

682 4509 831 4574 tenearis.
857 4560 863 4573 .
889 4559 895 4572 .
922 4559 928 4572 .
952 4559 959 4572 .
984 4510 1022 4573 Ι).
1047 4508 1203 4573 huinionc
1226 4507 1319 4573 XVII
1342 4508 1404 4574 kal.
1429 4503 1618 4590 Angustia.
1643 4509 1762 4588 quinto.

785 4645 821 4709 In
845 4665 873 4709 e.
897 4663 936 4708 m.
961 4664 1010 4708 vv.
1033 4645 1064 4711 ff.
1082 4695 1114 4709 ..
1139 4645 1378 4727 archiepiscopo
1401 4646 1551 4727 Progensi
1576 4652 1609 4709 et
1632 4697 1639 4710 .
1665 4696 1671 4709 .
1696 4644 1954 4711 Wratislauiensi
1978 4649 2125 4731 episcopo
2143 4664 2169 4710 ac

682 4749 712 4815 d.
737 4750 757 4813 l.
776 4800 808 4812 ..
833 4750 966 4813 sacriste
990 4749 1124 4815 ecclesie
1147 4751 1372 4814 Aninionensis
1396 4769 1421 4813 s.
1445 4757 1506 4814 etc.
1532 4800 1538 4813 .
1564 4801 1570 4814 .
1596 4801 1602 4814 .
1628 4800 1635 4813 .
1659 4751 1698 4814 D.
1723 4755 1759 4814 ut
1781 4767 1805 4815 s.

786 5042 934 5096 Clementis
954 5042 990 5094 v'1
1010 5044 1042 5095 Α.
1060 5041 1111 5110 Vll
1130 5046 1184 5110 (86)
1209 5042 1227 5095 f.
1246 5047 1287 5107 bt,
1300 5041 1334 5095 de
1351 5043 1494 5097 beneficiis
1513 5044 1671 5099 vacantibus
1689 5062 1734 5113 qu.
1753 5052 1814 5097 ⁶2:
1826 5044 1858 5099 V.
1873 5050 1922 5099 1⁷3
1941 5045 1959 5100 i.
1978 5048 2024 5102 82'
2042 5062 2068 5099 n.
2086 5049 2164 5098 146.-

681 5130 743 5195 ⁸)b)
762 5129 851 5198 suppl.
872 5130 899 5182 in
921 5145 1003 5197 marg.
1023 5130 1056 5181 A.
1076 5161 1108 5168 --
1130 5132 1149 5196 ¹)
1171 5135 1237 5182 1344
1255 5129 1323 5183 Maii
1342 5135 1365 5183 ὅ.
