5184 7050
548 807 611 873 216

542 1017 636 1082 366.
668 1010 831 1090 Hernicus,
855 1009 954 1075 abbas
976 1010 1051 1073 olim
1073 1011 1258 1073 monosterii
1281 1006 1532 1090 Litompllenar's,
1557 1006 1592 1072 ia
1615 1006 1760 1071 abbatem
1782 1009 1968 1072 6666661611
1991 1008 2054 1073 La·

1140 1115 1241 1179 cernis
1260 1112 1458 1197 praeficitur.

1511 1285 1674 1360 numm,
1698 1287 1785 1351 1344
1806 1285 1934 1369 apale
1956 1288 2010 1350 30.

650 1532 890 1609 61666166,
915 1531 1022 1595 abbati
1045 1530 1228 1594 monasterii
1251 1529 1416 1609 Lucensis,
1439 1527 1745 1594 Premonstratensis
1767 1527 1897 1608 ordinis,
1921 1526 2052 1593 016166-

547 1638 651 1702 censis
666 1636 813 1714 diocesis,
837 1654 861 1701 s.
879 1641 940 1698 etc.
964 1634 1082 1699 Summi
1106 1633 1318 1715 disposicione
1339 1633 1473 1697 rectoris
1488 1633 1529 1697 ad
1546 1633 1687 1715 regimen
1711 1632 1901 1697 universalis
1916 1632 2054 1697 ecclesie

546 1741 690 1823 deputati
716 1741 897 1821 angimur·)
923 1738 1007 1803 curis
1031 1736 1208 1818 assiduis&
1232 1743 1267 1802 ut
1290 1756 1382 1819 opem
1406 1742 1439 1802 et
1461 1755 1602 1819 operam,
1634 1740 1788 1818 quantum
1811 1736 1902 1800 nobis
1924 1756 1964 1801 en
1988 1737 2054 1801 alto

546 1846 739 1923 conceditur,
770 1843 999 1925 impendamus,
1031 1841 1115 1923 quod
1145 1842 1231 1906 orbis
1261 1841 1398 1907 ecclesie
1422 1860 1459 1906 ac
1481 1841 1676 1905 monestede
1706 1841 1865 1920 universa,
1888 1847 2054 1923 pastorum

544 1949 699 2014 destituta
713 1948 877 2029 regimine,
893 1966 951 2029 per
965 1952 1074 2010 nostre
1096 1946 1300 2027 providentie
1322 1946 1534 2010 ministerium
1556 1946 1634 2009 viris
1657 1937 1895 2009 committantur
1916 1944 2051 2021 idoneis,

545 2055 599 2134 qui
621 2054 734 2130 sciant,
757 2052 856 2116 velint
878 2071 916 2116 ac
939 2051 1066 2115 valeant
1096 2049 1250 2114 ecclesias
1273 2057 1307 2115 et
1330 2050 1522 2115 monasteria
1546 2049 1618 2130 ipsa
1640 2049 1688 2113 eis
1712 2049 1879 2113 commissa
1909 2050 2053 2115 studiose

545 2176 667 2238 regere,
697 2156 872 2237 prudenter
900 2154 1038 2236 dirigere
1069 2172 1106 2217 ac
1129 2154 1266 2219 feliciter
1295 2154 1493 2236 gubernare.'
1528 2154 1640 2235 Nuper
1670 2152 1829 2235 siquidem
1859 2155 2052 2218 monasterio

545 2259 692 2339 Lunensi,
715 2259 998 2325 Premostratensis
1021 2256 1151 2335 ordinis,
1176 2257 1397 2323 olomucensis
1420 2257 1567 2337 diocesis,
1590 2276 1648 2339 pro
1671 2275 1709 2321 66
1725 2262 1871 2337 vacante,
1894 2258 1980 2339 qnod
1995 2277 2053 2322 nos

546 2366 585 2429 de
607 2382 746 2446 persona
768 2364 797 2428 d.
819 2364 839 2428 1.
856 2362 1021 2442 Johannis,
1045 2362 1140 2426 electi
1162 2361 1464 2440 Luchemuslleusis,
1488 2366 1564 2426 tunc
1587 2362 1663 2426 dicti
1687 2362 1843 2426 Lucensis
1866 2363 2054 2427 monasterii

545 2469 681 2544 abbatis,
704 2468 781 2533 licet
804 2467 956 2545 absentis,
980 2466 1116 2530 ecclesie
1138 2465 1424 2543 Luchemuslleusi,
1441 2485 1546 2547 quarn,
1562 2471 1638 2531 tunc
1661 2466 1854 2544 monasterii,
1877 2466 1998 2532 ordinis
2020 2472 2054 2532 et

545 2572 682 2637 diocesis
697 2572 921 2654 predictorum,
946 2570 996 2635 cui
1011 2572 1079 2651 tu⁰l
1101 2575 1177 2635 tunc
1192 2587 1335 2651 preeras,
1359 2570 1456 2634 certis
1471 2570 1651 2635 nacionibus
1667 2570 1707 2634 de
1722 2568 1858 2635 fratrum
1873 2576 2054 2637 nostrornm

546 2676 676 2740 consilio
700 2695 737 2740 ac
759 2675 933 2757 apostohce
963 2675 1134 2756 potestatis
1159 2674 1358 2755 plenitudine
1382 2674 1413 2737 in
1437 2674 1607 2738 ecclesiam
1637 2673 1854 2739 cathedralem
1883 2676 2053 2755 ereximus,

545 2779 691 2844 duximus
714 2779 953 2861 providendum,
976 2776 1169 2860 preficiendo
1193 2778 1313 2842 dictum
1335 2777 1515 2842 iohannem
1538 2778 1641 2842 eidem
1663 2777 1800 2842 ecclesie
1819 2778 1852 2841 in
1868 2779 2054 2861 episcopum

550 2889 583 2947 et
616 2890 793 2964 pastorem:
838 2901 897 2948 uos
926 2882 966 2946 ad
995 2882 1208 2963 provisionem
1239 2882 1341 2963 ipsius
1370 2881 1555 2946 monasterii
1585 2882 1750 2960 Lucensis,
1785 2883 1826 2946 de
1856 2901 1917 2965 quo
1948 2883 2055 2948 nullus

552 2994 661 3069 preter
684 3006 740 3053 nos
756 3006 791 3052 se
806 2988 867 3053 hac
889 2988 959 3052 vice
981 2986 1192 3051 intromittere
1215 2989 1323 3065 potest
1345 3005 1402 3069 pro
1426 3004 1474 3064 eo,
1498 2986 1581 3067 quod
1606 3004 1662 3049 nos
1678 2986 1732 3051 diu
1748 2991 1822 3051 ante
1842 2988 2056 3069 provisionem

550 3090 728 3154 huiusmodi
753 3090 857 3153 omnia
880 3089 1084 3166 monasteria,
1112 3107 1169 3169 per
1190 3088 1388 3170 provisiones
1410 3107 1468 3171 per
1491 3106 1548 3153 nos
1570 3095 1646 3154 tunc
1667 3089 1773 3155 iactas
1794 3094 1827 3154 et
1849 3090 2055 3172 imposterum

551 3191 715 3256 iaciemlas
731 3193 770 3256 de
786 3193 920 3274 prelatis
937 3212 1045 3257 eorum
1061 3192 1195 3256 ubilibet
1218 3192 1400 3258 constitutis
1423 3192 1587 3274 quibusvis
1600 3193 1627 3276 d)
1651 3192 1889 3259 cathedralibus
1911 3194 2056 3258 ecelesiis

547 3302 581 3359 ct
604 3297 805 3360 monasteriis
827 3302 902 3361 tunc
925 3296 1077 3361 vacancia
1100 3302 1134 3360 et
1156 3296 1283 3361 inantea
1313 3302 1477 3374 vacatura,
1508 3296 1713 3377 dispositioni
1742 3302 1851 3361 nostre
1872 3298 2057 3379 specialiter

548 3406 760 3478 reservantes,
795 3400 995 3465 decrevimus
1025 3405 1141 3464 extunc
1164 3400 1288 3464 irritum
1311 3406 1344 3465 61
1365 3402 1471 3479 inane,
1502 3400 1529 3464 si
1552 3418 1647 3467 secus
1677 3420 1774 3484 super
1796 3402 1857 3466 hiis
1880 3420 1939 3484 per
1961 3420 2056 3483 qnes-

547 3524 672 3586 cunque
695 3505 808 3586 quavis
832 3505 1023 3570 auctoritate
1046 3506 1185 3570 scienter
1200 3505 1251 3570 vel
1267 3505 1450 3586 ignoranter
1473 3506 1671 3588 contingeret
1693 3506 1887 3588 attemptari,
1910 3506 2054 3588 paternis

547 3614 580 3671 et
603 3608 736 3672 solicitis
759 3609 874 3672 studiis
897 3608 1108 3688 intendentes,
1139 3615 1212 3690 post
1235 3608 1509 3687 deliberacionem,
1541 3627 1635 3690 quam
1666 3627 1763 3691 super
1783 3609 1843 3674 hoc
1865 3628 1937 3674 cum
1961 3611 2055 3675 dictis

547 3713 700 3776 fratribus
734 3712 901 3777 habuimus
936 3712 1128 3794 diligentem,
1164 3713 1289 3777 demum
1321 3712 1361 3776 ad
1383 3719 1427 3790 te,
1462 3713 1671 3776 consideratis
1704 3714 1872 3795 grandium
1902 3715 2055 3779 virtutum

546 3816 679 3893 ureritis,
703 3816 819 3896 quibus
842 3835 1010 3897 personam
1032 3821 1129 3894 tuarn,
1156 3823 1250 3898 prout
1273 3816 1501 3899 fidedignorum
1525 3816 1685 3881 relacione
1708 3816 1885 3897 didicimus,
1910 3819 2055 3884 dominus

549 3919 719 4001 insignivit,
744 3921 955 3984 convertimus
978 3920 1086 3984 oculos
1109 3926 1218 3985 nostre
1241 3921 1366 3984 mentis.
1399 3921 1520 3998 Quibus
1543 3921 1689 3985 omnibus
1712 3922 1820 3986 debita
1842 3921 2056 3987 meditatione

549 4024 693 4106 pensatis
724 4024 763 4087 de
793 4042 929 4106 persona
958 4028 1015 4087 tua
1045 4025 1148 4088 eidem
1179 4026 1370 4089 monasterio
1401 4025 1539 4089 Lucensi
1574 4027 1766 4090 auctoritate
1799 4027 1944 4108 predicta
1958 4030 1984 4109 ⁹)
2016 4027 2056 4091 de

548 4128 703 4191 dictorum
727 4127 861 4191 fratrum
884 4128 1015 4192 consilio
1038 4128 1242 4209 providemus
1265 4134 1362 4210 teque
1385 4129 1431 4192 illi
1455 4126 1637 4209 preficimus
1660 4130 1691 4193 in
1715 4131 1873 4208 abbatem,
1898 4150 2008 4196 curam
2023 4137 2055 4194 et

549 4232 860 4295 administracionem
890 4231 991 4312 ipsius
1022 4233 1207 4296 nronasterii
1237 4233 1392 4296 Lucensis
1422 4233 1481 4296 tibi
1511 4234 1632 4297 tamin
1655 4234 1876 4315 spiritualibus
1906 4254 2002 4317 quam
2024 4235 2055 4299 in

547 4335 777 4416 temporalibus
806 4335 949 4417 plenarie
981 4335 1214 4414 committendo,
1250 4336 1282 4399 in
1305 4335 1369 4415 illo,
1405 4337 1459 4417 qui
1483 4336 1539 4400 dat
1560 4337 1683 4418 gracias
1707 4342 1740 4402 et
1761 4339 1895 4421 largitur
1925 4339 2056 4421 premia,

551 4438 756 4516 confidentes,
788 4438 871 4520 quod
893 4437 1052 4520 prefatum
1073 4441 1301 4503 monasterium
1324 4441 1471 4504 Lucense
1495 4441 1553 4504 sub
1575 4446 1631 4505 tuo
1654 4440 1740 4506 felici
1763 4443 1927 4524 regimine,
1951 4443 2057 4525 gaola

548 4544 607 4606 tibi
631 4540 823 4623 suffragante
854 4542 970 4620 divina,
1001 4543 1211 4624 spiritualiter
1234 4548 1267 4607 et
1289 4544 1509 4625 temporaliter
1539 4549 1669 4626 regetur
1701 4546 1825 4610 utiliter
1848 4552 1881 4610 61
1903 4563 2057 4628 prospere

550 4646 715 4727 dirigetur.
762 4646 917 4723 Quocirca
951 4647 1139 4711 discrecioni
1168 4653 1224 4711 tue
1247 4666 1305 4729 per
1327 4648 1502 4728 apostolica
1525 4649 1645 4730 scripta
1668 4649 1863 4727 prandemus,
1899 4658 2057 4732 qnatenus

548 4768 627 4814 onus
650 4750 811 4831 regiminis
835 4751 910 4814 dicti
935 4752 1117 4815 monasterii
1141 4751 1249 4815 debita
1273 4751 1445 4816 devocione
1469 4753 1657 4834 suscipiens,
1682 4754 1728 4817 sic
1750 4759 1783 4816 16
1807 4754 1838 4817 16
1855 4774 1932 4818 cura
1957 4755 2057 4836 ipsius

547 4855 719 4918 salubriter
741 4853 917 4919 exercendo
940 4855 1095 4919 exhibeas
1118 4856 1306 4932 studiosum,
1339 4856 1421 4937 quod
1445 4875 1503 4937 per
1525 4861 1580 4920 tue
1603 4855 1774 4920 laudabilis
1798 4857 1968 4939 diligencie
1992 4863 2057 4922 stu·

548 4956 633 5022 dium
657 4961 884 5023 urenasterium
915 4960 1018 5038 ipsum
1049 4964 1253 5040 preservetnr
1275 4978 1295 5022 a
1318 4960 1421 5023 noxiis
1453 4959 1549 5023 etad
1573 4959 1727 5024 salutaria
1757 4961 1922 5043 dirigatur,
1959 4968 2058 5043 tuque

547 5062 679 5142 proinde
703 5063 928 5126 retribucionis
951 5067 1061 5125 eterne
1084 5064 1240 5144 premium
1261 5083 1299 5127 ac
1315 5068 1455 5127 nostram
1473 5069 1506 5127 et
1522 5064 1666 5128 eiusdem
1688 5065 1777 5129 sedis
1799 5065 2058 5130 benediccionem

551 5170 583 5228 et
606 5167 745 5246 graciam
770 5166 899 5230 uberius
923 5167 1073 5247 consequi
1098 5169 1260 5231 merearis.
1285 5169 1324 5232 D.
1349 5168 1506 5232 Aninione
1530 5167 1561 5232 Il
1584 5167 1647 5232 kal.
1672 5168 1751 5233 Maii
1774 5189 1803 5232 a.
1828 5169 1979 5235 secundo.

653 5271 690 5333 ln
721 5287 748 5334 e.
780 5289 820 5333 m.
846 5269 897 5332 dd.
929 5268 1153 5334 accurentur
1189 5271 1373 5336 monasterii
1408 5271 1572 5349 Lucensis,
1609 5273 1893 5337 Premostratensis
1927 5274 2057 5352 ordinis,

550 5372 771 5436 Olomucensis
796 5372 942 5450 diocesis,
967 5391 991 5436 s.
1016 5379 1076 5437 etc.
1101 5374 1221 5439 Summi
1245 5374 1457 5456 disposicione
1481 5377 1614 5439 rectoris
1638 5376 1678 5439 ad
1702 5377 1842 5457 regimen
1866 5378 2058 5442 universalis

549 5476 686 5540 ecclesie
713 5476 857 5558 deputati
882 5477 1026 5557 angimur
1050 5478 1134 5540 curis
1157 5478 1295 5542 assiduis
1319 5485 1379 5542 etc.
1405 5497 1506 5560 usque
1529 5486 1562 5543 et
1584 5496 1738 5560 prospere
1761 5479 1929 5562 dirigetur.
1976 5481 2059 5560 Quo-

549 5581 633 5643 circa
656 5580 844 5644 discrecioni
869 5586 975 5643 vestre
998 5599 1056 5661 per
1072 5581 1248 5662 apostolica
1271 5583 1391 5664 scripta
1414 5582 1610 5660 mandamus,
1635 5588 1791 5664 quatenus
1814 5583 1950 5650 eundem
1975 5585 2059 5650 Hen-

550 5684 650 5747 ricurn
682 5684 830 5748 abbatem
854 5703 910 5764 pre
934 5690 1043 5747 nostra
1067 5690 1099 5748 et
1122 5685 1298 5765 apostolice
1329 5686 1415 5749 sedis
1439 5689 1623 5751 reverencia
1646 5689 1780 5769 benigne
1811 5689 2005 5769 recipientes
2027 5694 2060 5752 et
