5184 7050
1858 838 1922 907 cto

412 1049 535 1117 1276.
565 1049 688 1127 Annae,
720 1049 934 1114 [lanternarum
967 1054 998 1113 ct
1020 1048 1191 1114 Bolierniae
1219 1046 1358 1128 repinac,
1388 1047 1566 1112 conceditur
1588 1047 1743 1116 absolutio
1767 1047 1865 1132 pleno
1891 1048 1924 1112 in

411 1154 525 1218 coortis
548 1151 691 1217 sorticulo.
716 1153 768 1231 ‚D.
784 1152 942 1217 Aninione
964 1153 1071 1218 XIIII
1089 1152 1154 1218 tal.
1169 1151 1362 1236 Septembris
1385 1175 1415 1217 a.
1440 1157 1539 1217 nonos
1562 1153 1679 1219 Forma
1700 1157 1737 1218 tot
1758 1153 1793 1218 in
1814 1175 1846 1219 n.
1870 1155 1924 1218 65.

460 1292 485 1377 1)
1367 1289 1532 1367 Acinione,
1555 1294 1644 1357 1350
1664 1292 1805 1376 Anpnsti
1828 1295 1881 1361 10.

519 1427 667 1484 Clementis
685 1426 722 1482 VI
741 1431 774 1482 A.
792 1427 861 1498 Insa
880 1429 952 1496 (112)
971 1428 989 1482 i.
1003 1433 1062 1494 tio,
1075 1427 1109 1482 de
1123 1427 1296 1483 absolutione
1309 1444 1354 1497 qu.
1369 1427 1467 1481 izv.
1487 1433 1537 1481 200
1555 1428 1575 1485 1.
1592 1432 1654 1483 281'
1673 1430 1732 1485 sine
1751 1445 1872 1485 numero.
1893 1461 1912 1472 ·

416 1517 437 1583 ¹)
455 1515 560 1569 taxatio
579 1514 657 1569 deest
675 1514 703 1568 in
722 1516 771 1569 ΑΛ

1067 1641 1271 1652 ——--—.

415 1831 537 1897 1277.
571 1829 736 1895 Soatoslao
774 1829 812 1893 de
834 1829 975 1894 Netolicr
999 1829 1186 1912 providetur
1216 1829 1259 1894 ad
1280 1830 1544 1914 supplicationem
1567 1832 1689 1912 Annae,
1713 1834 1926 1899 Romammm

413 1939 446 1998 ct
468 1934 639 1999 Bobemiae
660 1935 797 2016 rapinae,
821 1934 910 1997 cuim
932 1938 979 1998 est
1002 1934 1196 2017 capellaniis,
1220 1934 1258 1999 de
1279 1935 1468 2001 canonicatu
1499 1936 1647 2002 ecdesiae
1669 1935 1925 2019 Boleslooiensis,

415 2039 594 2122 Propensis
624 2039 765 2122 diocesis,
795 2038 853 2103 sab
882 2039 1096 2121 expectatione
1123 2038 1335 2123 praebendae,
1360 2060 1419 2104 reon
1441 2039 1583 2107 obstante
1604 2045 1641 2105 nt
1663 2041 1699 2106 in
1719 2063 1805 2109 num.
1828 2045 1925 2109 1273.

414 2145 470 2223 ,D.
493 2144 652 2209 Aninione
673 2145 783 2209 XIIII
802 2142 866 2207 lad.
890 2142 1081 2227 Septembris
1104 2163 1134 2208 o.
1154 2151 1254 2209 nono!
1270 2181 1314 2191 -
1330 2145 1370 2209 In
1384 2166 1409 2208 e.
1425 2166 1466 2210 m.
1484 2145 1621 2211 Maioris
1642 2149 1674 2210 et
1694 2149 1798 2213 sancti
1813 2146 1926 2231 Epidii

466 2249 641 2329 Propensis
665 2248 794 2313 decanis
818 2267 856 2312 ac
877 2249 1035 2314 sacristae
1056 2247 1279 2315 liviniacensis
1301 2247 1515 2315 ecclesiaram.
1540 2251 1657 2316 bbrma
1678 2256 1715 2317 at
1735 2253 1771 2318 in
1793 2274 1823 2319 n.
1848 2256 1878 2319 6.

1373 2389 1536 2470 Acinione,
1558 2392 1647 2457 1350
1668 2392 1808 2475 Admoti
1828 2395 1882 2459 19.

525 2528 675 2584 Clementis
693 2529 730 2583 Vl
750 2527 781 2583 V.
800 2534 851 2582 205
870 2528 888 2582 l.
908 2534 938 2582 31
960 2544 986 2582 n.
1006 2533 1048 2595 tx,
1067 2526 1101 2583 de
1123 2528 1290 2597 praebendis
1309 2530 1461 2597 vacaturis3
1480 2529 1606 2597 quaterni
1624 2528 1671 2585 isti
1690 2529 1718 2584 in
1736 2531 1770 2583 A.
1789 2529 1926 2585 deliciunt.

418 2880 539 2947 1278.
561 2877 705 2947 Iohanni
729 2881 926 2944 Kemmiterii
953 2879 1139 2963 providetur
1161 2879 1206 2944 ad
1226 2879 1490 2964 supplicationem
1512 2879 1636 2963 Annae,
1661 2881 1874 2948 fflneanoncm
1898 2885 1929 2949 et

418 2984 591 3048 Boberniae
612 2985 750 3064 rapinae,
774 2985 862 3049 cuins
884 2987 931 3048 est
946 2984 1142 3065 familiaris,
1166 2983 1204 3048 de
1226 2986 1415 3050 canonicato
1437 2984 1586 3050 ccclesiae
1608 2987 1849 3070 Ratisponcmis
1871 2987 1928 3053 snb

418 3088 635 3171 expectatione
665 3087 874 3172 praebendae.
919 3091 972 3168 ,D.
995 3088 1153 3154 Aninione
1174 3089 1279 3154 XIIII
1306 3090 1371 3156 bal.
1394 3089 1585 3174 Septembris
1612 3111 1641 3156 a.
1666 3096 1766 3157 norro.⁸
1812 3092 1926 3158 Forma

540 3190 547 3262 Ι
1074 3192 1274 3259 mmm&

466 3261 508 3402 i(
527 3281 576 3402 ξ-
1375 3283 1540 3362 Acinione,
1564 3284 1650 3348 1350
1672 3282 1810 3366 Anpmti
1831 3287 1884 3352 19.

527 3436 675 3491 Clementis
694 3436 732 3490 VI
750 3437 784 3490 A.
802 3434 870 3505 lxii
889 3436 963 3504 (112)
982 3435 1124 3504 0100,οο
1142 3436 1305 3492 canonicatu
1324 3436 1375 3491 sub
1394 3437 1585 3506 expectatione
1603 3439 1780 3507 praebendae
1799 3456 1844 3510 qu.
1864 3445 1928 3493 2:

419 3525 453 3580 V.
472 3531 524 3581 200
541 3524 560 3579 f.
579 3526 621 3579 44'
641 3542 667 3579 n.
688 3530 745 3579 134.

419 3823 541 3890 1279.
573 3821 714 3902 carolus,
746 3822 960 3887 Romarmram
989 3823 1020 3884 et
1049 3821 1221 3887 Bobemiae
1249 3844 1316 3903 rer,
1346 3824 1515 3908 supplicat,
1542 3830 1578 3889 nt
1600 3824 1760 3892 nonnulis
1776 3828 1924 3911 personis

908 3928 1036 4009 gratiae
1057 3927 1215 4009 quaedam
1238 3928 1458 3994 concedantur.

1376 4049 1539 4128 coenon,
1562 4054 1650 4118 1350
1672 4052 1811 4136 nepas
1832 4055 1884 4119 19.

526 4193 667 4277 Exponit
689 4194 719 4261 S.
743 4193 782 4259 V.
806 4193 940 4258 devotus
962 4211 991 4256 v.
1014 4190 1036 4256 f.
1060 4190 1207 4270 Karolns,
1232 4190 1443 4257 Romanorum
1466 4196 1499 4256 et
1521 4192 1650 4257 Boemie
1673 4211 1739 4274 rex,
1766 4212 1807 4259 ex
1837 4199 1930 4276 pnite

420 4299 530 4365 dilecti
565 4300 615 4364 sui
648 4298 791 4382 germani
824 4297 988 4377 Johennis,
1023 4295 1214 4362 marchionis
1248 4296 1403 4376 Morauie,
1428 4302 1460 4363 et
1482 4297 1675 4381 Margarete,
1699 4296 1764 4364 filie
1786 4298 1930 4384 Nicolny,

419 4405 512 4470 ducis
536 4402 692 4486 Oppauie,
717 4404 893 4486 coniugum,
917 4401 1136 4468 Olomucensis
1159 4401 1306 4480 diocesis,
1333 4402 1387 4482 qui
1410 4402 1485 4467 olim
1513 4402 1676 4467 sciverunt
1705 4404 1843 4468 existere
1873 4405 1930 4469 im·

420 4508 637 4591 pedimentum
677 4509 760 4573 inter
793 4526 859 4587 eos,
894 4527 991 4590 quare
1024 4505 1299 4571 matrimonialiter
1332 4525 1393 4572 non
1430 4511 1563 4587 possent
1596 4508 1748 4589 copulari,
1783 4507 1932 4574 videlicet

419 4614 557 4678 tercium
579 4613 713 4695 gradum
736 4612 1022 4695 consanguinitatis
1045 4630 1083 4675 ex
1107 4616 1199 4693 parte
1222 4610 1333 4692 patrie,
1349 4610 1421 4694 [sed
1436 4611 1557 4695 tamen]
1567 4614 1594 4693 ⁸)
1617 4613 1851 4678 matrimonium
1873 4631 1933 4695 per

419 4718 521 4784 verba
555 4717 594 4781 de
626 4718 770 4800 presenti
804 4735 892 4782 more
926 4717 1029 4799 patrie
1063 4716 1247 4781 sollenniter
1277 4721 1504 4781 contraxerunt
1530 4716 1671 4799 illudque
1694 4737 1751 4800 per
1773 4719 1931 4783 carnalem

419 4822 569 4904 copulam
592 4828 857 4900 consummarunt,
881 4820 1111 4904 propterquod
1127 4820 1308 4885 sentencias
1323 4822 1659 4887 excommunicacionis
1675 4828 1709 4888 et
1724 4823 1803 4888 alias
1818 4839 1929 4904 penas,

420 4929 454 4993 in
477 4926 559 4991 tales
582 4944 601 4990 a
624 4926 693 4990 iure
715 4925 908 5008 generaliter
928 4924 1155 5007 promulgatas,
1179 4943 1214 4989 se
1236 4925 1349 4989 timent
1379 4925 1546 5003 incidisse;
1579 4923 1743 5010 [quarelit
1773 4925 1933 5008 supplicat

417 5031 565 5114 prefatus
587 5049 653 5110 rex,
678 5030 767 5095 utin
791 5030 875 5094 dicto
898 5029 1097 5095 matrimonio
1119 5028 1254 5110 predicti
1290 5030 1442 5112 coniuges
1475 5028 1600 5111 possint
1632 5029 1721 5094 licite
1755 5048 1930 5110 remanere,

417 5136 706 5201 constitutionibus
728 5141 762 5202 et
784 5136 913 5200 statutis
936 5136 967 5198 in
992 5134 1185 5199 contrarium
1208 5133 1303 5198 editis
1326 5133 1614 5212 nonobstantibus,
1632 5133 1930 5216 apostolioaancto·

417 5242 519 5306 ritate
553 5240 724 5323 dignemini
758 5240 946 5324 dispensnre
980 5257 1017 5303 nc
1050 5238 1137 5320 ipsos
1159 5257 1178 5303 a
1201 5237 1354 5319 predictis
1392 5238 1563 5304 sentenciis
1593 5238 1767 5319 absolvere,
1799 5240 1831 5303 in
1854 5256 1932 5322 quas

419 5346 591 5414 occasione
628 5347 853 5428 premissorum
890 5345 1101 5423 incurrerunt,
1139 5342 1260 5425 prolem
1293 5362 1369 5408 vero
1406 5349 1587 5425 susceptam
1624 5361 1662 5408 ac
1699 5344 1932 5425 suscipiendam

418 5451 595 5535 legitimam
619 5450 827 5529 decernendo,
851 5455 887 5515 ut
910 5450 942 5513 in
964 5449 1074 5515 forma.

526 5556 600 5621 Fiat
622 5574 679 5636 per
702 5556 915 5635 diocesanum,
938 5554 1017 5636 ipsis
1040 5553 1081 5617 ad
1103 5559 1229 5635 tempus
1252 5551 1409 5634 separatis
1433 5557 1465 5616 et
1488 5552 1630 5617 iniuncta
1645 5552 1727 5616 bona
1742 5552 1932 5635 penitencia,

418 5670 454 5731 et
478 5661 564 5745 quod
587 5662 697 5726 dotent
719 5666 752 5726 et
774 5660 907 5726 fundent
931 5661 1011 5725 [luas
1034 5658 1185 5743 capellas
1209 5657 1383 5740 quamlibet
1406 5657 1445 5719 de
1468 5655 1681 5737 quadraginta
1695 5654 1833 5737 florenis,
1850 5657 1933 5722 inixa

415 5768 593 5848 biennium,
617 5772 649 5831 et
672 5767 751 5833 alias
774 5767 806 5832 in
829 5765 929 5830 tonna
954 5764 991 5829 R.
