5184 7050
549 845 616 909 658

546 1050 723 1129 ordinibus,
745 1049 787 1114 ad
809 1067 888 1131 quos
912 1068 983 1114 euru
1007 1049 1159 1113 canonice
1189 1049 1298 1113 forsan
1328 1050 1493 1114 transferri
1522 1050 1728 1132 contingeret,
1753 1048 1858 1114 locum
1891 1057 1926 1115 et
1957 1069 2048 1115 rorem

548 1156 582 1222 in
612 1153 752 1239 capitulo
783 1170 822 1218 ac
851 1152 1035 1233 prioratum,
1065 1151 1202 1218 officium
1234 1170 1292 1217 seu
1323 1152 1633 1218 administracionem
1665 1159 1722 1218 aut
1749 1153 1942 1234 dignitatem
1965 1156 2048 1220 eriam

547 1258 753 1337 abbacialem,
776 1257 804 1323 si
826 1256 906 1322 alias
929 1257 990 1322 sibi
1014 1257 1163 1323 canonice
1187 1258 1378 1337 conferatur,
1414 1258 1465 1323 vel
1487 1258 1591 1339 ipsum
1614 1258 1653 1321 ad
1677 1276 1747 1322 eam
1771 1258 1876 1323 eciam
1900 1279 1959 1340 per
1980 1260 2049 1325 elec·

508 1358 512 1367 '
548 1364 670 1430 cionem
703 1362 823 1428 assumi
857 1361 1028 1444 contingat,
1062 1361 1162 1427 libere
1195 1362 1340 1444 racipere
1374 1367 1406 1426 et
1439 1361 1526 1426 licite
1560 1363 1698 1427 retinere
1732 1361 1851 1440 valeat,
1888 1363 2048 1446 dignemini

548 1467 797 1535 misericorditer
820 1466 1004 1548 dispensare
1027 1466 1151 1548 sibique
1175 1466 1394 1546 eorrcede1·e,⁰)
1418 1467 1502 1547 quod
1533 1467 1564 1531 in
1591 1466 1752 1548 aliquibus
1775 1468 1894 1549 graciis
1919 1488 1976 1533 seu
1998 1470 2048 1534 eol-

548 1572 724 1639 laciouibus
747 1575 804 1636 aut
825 1569 1058 1653 provisionibus
1074 1571 1134 1636 sibi
1150 1570 1201 1634 vol
1218 1570 1257 1634 de
1274 1570 1343 1653 ipso
1359 1569 1514 1635 iaciendis
1531 1571 1570 1636 de
1587 1572 1671 1636 dieto
1688 1571 1818 1637 delectu
1834 1591 1898 1637 non
1915 1580 2048 1639 teneatur

547 1678 656 1744 lacere
685 1675 890 1755 mencionem,
922 1694 991 1740 cum
1021 1673 1094 1739 aliis
1124 1693 1186 1739 non
1215 1673 1414 1741 obstantibus
1445 1680 1478 1740 et
1508 1675 1660 1741 clausulis
1691 1679 1860 1758 oportunis
1891 1688 1926 1743 et
1948 1700 2047 1743 exeru-

548 1781 681 1848 toribus,

652 1885 726 1951 Fiat
747 1884 784 1949 R.
810 1887 853 1952 nt
877 1903 905 1966 q.
930 1891 952 1950 t.
977 1904 1001 1949 s
1026 1905 1053 1950 a.
1078 1884 1097 1948 l.
1122 1884 1195 1948 Fiat
1219 1883 1254 1948 R.
1280 1885 1319 1948 D.
1337 1884 1494 1950 Aninioue
1519 1886 1567 1952 lll
1592 1907 1663 1951 non.
1689 1887 1858 1951 Februarii
1885 1908 1914 1950 a.
1939 1898 2046 1952 octavu.

652 2057 801 2115 Clementis
819 2059 857 2113 Vl
876 2059 902 2112 S.
921 2058 1016 2127 Vlllpl
1036 2058 1091 2127 (ts)
1110 2056 1126 2111 l.
1152 2062 1207 2110 158.
1226 2088 1258 2096 -
1286 2059 1309 2124 Ι)
1328 2057 1407 2112 deest
1424 2057 1452 2111 in
1471 2059 1506 2127 S,
1527 2059 1618 2129 suppl.
1642 2060 1677 2112 ab
1706 2059 1822 2114 editore.
1854 2060 1877 2124 b)
1897 2061 2002 2129 garritu·
2018 2064 2045 2113 sl.

550 2146 641 2219 suppl.
660 2146 695 2203 ab
714 2146 827 2203 editore.
855 2148 877 2214 ο)
897 2146 1098 2215 ,concedentes
1117 2146 1152 2214 S,
1171 2143 1277 2200 emend.
1297 2144 1331 2200 ab
1351 2143 1464 2199 editore.

548 2533 669 2600 1226.
693 2529 809 2596 Abbati
830 2530 1015 2595 monasterii
1035 2529 1219 2595 Sclaamm
1241 2530 1276 2595 iu
1299 2531 1476 2613 Podsicat,·)
1504 2533 1624 2598 ordinis
1646 2536 1752 2598 soracti
1772 2536 1952 2607 ‹Berudicti
1978 2537 2042 2599 Pru-

545 2637 653 2720 pcusis
686 2635 826 2713 diocesis,
861 2635 987 2717 eiusque
1019 2634 1247 2699 successoribus
1280 2634 1469 2711 corcorditer,
1501 2642 1536 2700 ut
1567 2637 1713 2718 insipidis
1740 2638 1979 2721 pontificalibus
2008 2642 2044 2701 ab

757 2740 893 2825 possint.
939 2741 992 2814 ,D.
1015 2739 1172 2806 Auiuiouc
1197 2741 1256 2805 III
1272 2760 1344 2806 uon.
1368 2740 1536 2805 Februarii
1552 2764 1588 2824 p.
1611 2763 1641 2807 a.
1665 2763 1696 2806 a.
1719 2746 1850 2806 actaeo!

592 2878 647 2932 .1..
1495 2879 1658 2960 Aciuioac,
1681 2882 1770 2961 1350
1792 2883 1963 2947 Febraurrii
1981 2888 2008 2949 3.

650 3036 790 3106 originale
817 3037 845 3090 in
868 3052 1035 3105 pergameno
1061 3053 1122 3092 cum
1149 3037 1224 3090 bulla
1251 3037 1381 3106 plumbea
1407 3039 1435 3092 in
1464 3038 1510 3092 tila
1540 3038 1628 3092 serico
1647 3038 1675 3090 in
1694 3038 1817 3091 archivio
1836 3054 1909 3093 caes.
1929 3055 1949 3092 r.
1967 3040 2041 3092 aulis·

547 3125 763 3180 vindobonensi.
782 3124 966 3193 Registratum
985 3123 1013 3177 iu
1032 3124 1065 3176 A.
1081 3123 1172 3191 vlup
1190 3126 1262 3192 (105)
1276 3123 1295 3177 f.
1308 3125 1377 3191 347',
1392 3124 1426 3178 de
1444 3124 1567 3191 indultis,
1586 3123 1737 3192 privilegiis
1757 3132 1784 3179 et
1804 3124 2041 3194 dispensationibus

547 3229 593 3282 qa.
613 3218 674 3264 l:
687 3209 719 3264 V.
739 3217 788 3266 194
806 3211 824 3264 l.
844 3216 894 3265 379
912 3227 939 3264 u.
960 3217 1033 3264 latu.
1052 3241 1086 3250 —
1105 3211 1128 3263 Ε
1148 3211 1281 3280 ,registro
1307 3211 1462 3265 slavorum*
1484 3211 1525 3265 ed.
1552 3211 1633 3278 l‘elzl
1658 3211 1728 3265 Karl
1748 3210 1787 3264 IV
1806 3213 1818 3265 1
1839 3230 1901 3282 prag.
1920 3220 1953 3266 at
1970 3230 1993 3265 u.
2010 3218 2039 3261 st.

548 3300 614 3369 Reg.
634 3299 662 3353 iu
682 3298 767 3353 (uu.
785 3298 852 3352 Vlll
870 3314 897 3353 n.
916 3303 940 3351 8.
960 3328 992 3338 -
1019 3300 1042 3364 ¹)
1061 3297 1188 3363 ,Podstal‘
1208 3298 1254 3352 Or.

546 3684 666 3751 1226.
691 3683 843 3748 tironibus
865 3705 935 3747 ecre
952 3684 1182 3766 poenitentibus
1205 3690 1235 3748 ct
1257 3687 1420 3764 corifcssis,
1444 3686 1498 3766 qui
1520 3686 1685 3751 ecclesiane
1708 3689 1913 3767 l’rapenseua,
1933 3693 2040 3770 pratea

545 3787 705 3867 merrsulis,
721 3787 803 3871 quoa
818 3790 914 3855 Jesus
932 3787 1083 3852 Cbmstus
1098 3788 1209 3852 babuit
1227 3789 1261 3853 ia
1284 3810 1388 3868 coena,
1413 3789 1521 3867 risuri,
1544 3789 1580 3852 ia
1595 3791 1682 3867 sesto
1699 3787 1823 3853 (loricae
1842 3791 1970 3854 Danuui
1984 3792 2039 3854 risi-

774 3891 918 3971 taocriut,
941 3890 1157 3973 iuduipcutiac
1180 3893 1399 3958 conceduntur.
1446 3895 1561 3958 aarum
1584 3898 1620 3955 ut
1643 3894 1676 3957 iu
1696 3914 1727 3958 u.
1752 3897 1829 3958 261.

1493 4029 1656 4095 Ariaiaae.
1680 4032 1768 4097 1350
1791 4032 1962 4097 Februarii
1980 4038 2007 4098 3.

650 4188 795 4254 Clemens
818 4190 997 4271 episeopus,
1018 4206 1130 4253 servus
1147 4208 1308 4252 servorum
1325 4189 1386 4258 dei,
1403 4189 1560 4252 universis
1577 4188 1695 4253 (luisti
1712 4187 1874 4269 fidelibus,
1890 4201 2039 4274 presente

545 4293 669 4359 litteras
704 4293 905 4376 inspecturis,
940 4291 1075 4358 salutem
1109 4299 1142 4356 et
1176 4293 1382 4374 apostolicam
1415 4294 1681 4357 lurrediceioneru.
1728 4293 1889 4373 Splendor
1927 4305 2040 4378 putem·

544 4397 653 4480 glorie,
677 4398 730 4480 qui
754 4417 812 4463 sua
834 4398 985 4463 mundum
1008 4396 1165 4461 illuminat
1188 4398 1340 4463 ineflabili
1364 4398 1519 4476 claritate,
1543 4398 1596 4479 pia
1618 4402 1693 4461 rota
1715 4395 1861 4462 fideliam
1894 4400 1933 4464 de
1956 4402 2039 4481 ipsiu>

545 4502 790 4567 clementissima
823 4502 990 4567 maiestate
1025 4503 1224 4582 sperantium
1258 4510 1335 4567 tunc
1366 4503 1516 4583 precipue
1547 4502 1682 4583 benigno
1706 4501 1816 4566 lavore
1841 4506 2038 4586 prosequitur.

545 4625 615 4670 eum
639 4624 747 4671 eorum
771 4605 886 4671 devota
908 4606 1070 4670 humilitas
1094 4608 1124 4671 in
1148 4607 1315 4671 salvatoris
1338 4607 1437 4671 nostri
1461 4606 1638 4669 redundare
1662 4605 1840 4670 dinoscitur
1868 4608 1996 4684 eloriani
2015 4617 2036 4668 et

544 4710 704 4775 honorem.
730 4711 809 4775 Cum
834 4711 930 4792 igitur
952 4712 1035 4776 sicut
1057 4712 1236 4792 aceqrimds
1259 4714 1290 4777 in
1315 4711 1465 4793 Pragensi
1488 4710 1624 4774 eeclesia
1646 4709 1782 4790 «predam
1801 4731 1878 4793 pars
1897 4713 2037 4786 rnensalr,

545 4813 628 4894 quod
652 4813 797 4878 dominus
820 4819 928 4879 noster
950 4814 1068 4879 illesus
1092 4815 1237 4880 t'lrristus
1260 4815 1373 4880 lralruit
1397 4817 1427 4880 in
1452 4835 1541 4892 renea,
1565 4834 1658 4895 ‹qurun
1683 4814 1834 4886 ult-inro‘r
1866 4837 1937 4881 eum
1960 4817 2037 4880 «lisi-

544 4917 628 4999 pulis
650 4918 717 4981 suis
740 4917 825 4996 lecit,
849 4918 985 4983 existat:
1010 4938 1066 4983 nos
1090 4920 1263 5000 cupientes,
1287 4925 1323 4984 nt
1344 4919 1384 4982 ad
1408 4919 1579 4983 salvatoris
1601 4919 1736 5000 predicti
1758 4921 1859 4984 deeus
1876 4927 1911 4986 et
1926 4921 2034 4985 lauden

544 5039 617 5104 pars
640 5021 790 5086 mensalis
813 5022 956 5103 predicta
979 5024 1009 5087 in
1033 5024 1169 5089 ecelesia
1193 5026 1261 5106 ipsa
1283 5025 1435 5106 Pinge-usi
1458 5024 1604 5105 scrip-uis
1627 5023 1799 5088 honoribus
1833 5033 1867 5091 et
1898 5025 2033 5100 eonrlipnr

544 5126 727 5191 reverencia
750 5125 924 5205 attollatur,
948 5134 981 5191 et
1005 5133 1039 5192 ut
1062 5127 1180 5193 Clnisti
1205 5129 1316 5193 lideles
1332 5147 1369 5192 eo
1386 5128 1540 5191 libencius
1556 5127 1596 5190 ad
1611 5127 1779 5191 ecelesiam
1802 5131 1915 5209 ipsam,
1932 5143 2034 5211 parum

544 5229 694 5293 mensalis
716 5229 891 5311 predictam
913 5231 1022 5306 visuri,
1047 5249 1142 5294 eausa
1165 5231 1346 5296 devocionis
1368 5231 1529 5307 aceedant,
1554 5249 1615 5311 que
1639 5231 1756 5295 ibidenr
1790 5234 1949 5298 uberioris
1970 5236 2035 5297 doru·

544 5332 675 5398 celestis
698 5334 804 5415 gracie
825 5336 1047 5414 conspexerint
1070 5354 1104 5398 se
1129 5336 1274 5413 refectos,
1298 5336 1338 5399 de
1360 5337 1584 5416 omnipotentis
1608 5335 1658 5398 dei
1682 5336 1902 5402 uriserieardia
1927 5351 1956 5402 et
1979 5339 2035 5398 lua·

543 5445 646 5503 torum
670 5438 756 5502 Petri
779 5442 812 5502 et
835 5437 936 5515 Pauli,
961 5439 1174 5520 apostolorum
1197 5440 1277 5517 eius,
1302 5438 1492 5503 alletoritate
1520 5439 1628 5503 confisi
1649 5441 1794 5505 erunibus
1818 5462 1895 5505 vere
1912 5445 2035 5524 periun-

543 5543 630 5607 tibus
646 5548 678 5605 et
695 5541 858 5621 confessis,
875 5543 928 5622 qni
944 5542 1111 5608 eeclesiam
1127 5545 1237 5625 ipsam,
1250 5549 1372 5626 partem
1385 5544 1535 5607 rnensalis
1547 5543 1722 5624 prodiet-aur
1735 5545 1846 5624 visuri,
1861 5548 1892 5610 in
1905 5551 1910 5630 1
1921 5549 1995 5611 leste
2015 5543 2033 5598 l·

545 5644 630 5711 Gens
653 5646 780 5711 Domini
811 5647 1020 5725 visitaverint,
1052 5648 1212 5712 arinuatiur
1245 5667 1339 5712 unum
1371 5666 1485 5710 arritum
1509 5654 1541 5710 et
1564 5667 1658 5711 ιιιιιιιιι
1682 5649 1923 5730 quadragenam
1945 5652 1980 5713 de
2001 5651 2035 5710 ia-

543 5751 659 5818 iunctis
675 5751 723 5814 eis
739 5750 970 5834 pendendus)
996 5750 1128 5833 singulis
1144 5751 1292 5815 videlicet
1305 5749 1332 5836 ¹¹)
1350 5750 1436 5816 Ceae
1452 5751 1593 5831 predicte
1613 5751 1735 5827 ‹lietrrrs,
1753 5755 1869 5833 quibus
1885 5755 2033 5819 eeclesiae
