5184 7050
494 2373 525 2437 1.
557 2369 698 2437 Clemens
722 2391 814 2452 popo
856 2370 904 2433 VI
932 2369 1075 2451 notificet
1106 2369 1284 2435 electionem
1317 2375 1347 2435 et
1380 2374 1608 2436 coronationem
1628 2393 1722 2437 snum
1745 2373 1904 2459 Philippo,
1927 2375 1995 2458 cepi

781 2474 948 2552 Frontino,
972 2478 1002 2538 et
1022 2472 1124 2538 simili
1144 2474 1234 2539 modo
1256 2474 1409 2556 Julianus,
1431 2476 1498 2560 rapi
1520 2475 1699 2543 Boiremioe.

529 2667 578 2731 De
602 2666 701 2731 curia.
1495 2668 1657 2748 Avirrione,
1681 2671 1768 2734 1342
1791 2669 1876 2735 Matr·
1897 2672 1950 2735 21.

589 2856 737 2920 Clemens
761 2856 939 2937 episcopua,
957 2875 982 2920 s.
999 2876 1023 2921 s.
1040 2857 1081 2933 d.,
1099 2858 1262 2921 carissimu
1279 2858 1311 2922 in
1329 2858 1424 2923 Chi.
1443 2859 1598 2940 Philippo,
1616 2861 1683 2942 regi
1706 2860 1841 2926 Francia
1864 2861 1993 2940 illustri,

493 2979 514 3023 s.
536 2967 569 3025 et
592 2980 621 3024 n.
646 2961 676 3024 h.
701 2960 738 3024 ln
783 2959 928 3041 precelso
951 2959 1064 3024 throno
1087 2960 1185 3024 divini
1210 2961 1357 3026 culminis
1380 2964 1542 3043 sapiencie
1565 2965 1712 3043 altitudo,
1736 2966 1916 3030 sublimitas
1938 2985 1995 3047 po-

491 3065 590 3130 tencie
613 3084 652 3129 ac
675 3063 848 3146 prudencie
871 3064 1037 3146 plenitudo
1061 3065 1249 3142 consistunt,
1273 3072 1306 3129 et
1329 3066 1468 3147 qualiter
1490 3067 1703 3149 disposicione
1727 3088 1865 3150 superna
1899 3070 1995 3134 detur

491 3187 557 3232 esse
580 3168 686 3245 rebus,
709 3174 873 3233 mutentur
895 3174 928 3232 et
959 3168 1123 3232 varientur
1153 3175 1373 3233 creaturarum
1407 3171 1608 3236 condiciones
1642 3179 1674 3238 et
1709 3180 1813 3237 status
1848 3173 1994 3254 aliasque

490 3274 664 3355 graciarum
687 3291 818 3336 numera
841 3272 994 3338 ineffabili
1016 3273 1221 3354 providencia
1244 3274 1480 3355 dispensentur,
1505 3276 1633 3339 humaui
1657 3295 1719 3340 uon
1747 3278 1878 3358 capiunt
1901 3277 1994 3340 intel-

491 3377 598 3442 lectus
643 3379 806 3457 Supernus
839 3395 976 3458 narnque
1009 3377 1155 3442 eonditor
1176 3379 1209 3441 in
1232 3379 1466 3459 omnipotencia
1490 3399 1547 3445 sun
1570 3381 1726 3444 mirabilis
1748 3380 1829 3446 dixit
1853 3387 1885 3445 et
1907 3381 1993 3445 iacta

490 3489 568 3559 sunt,
593 3488 626 3546 et
649 3501 711 3564 que
734 3482 803 3562 ipse
826 3480 936 3559 soluit,
960 3487 1035 3546 suut
1067 3488 1185 3561 ereata,
1221 3487 1253 3548 et
1287 3482 1463 3565 perlectam
1497 3483 1619 3549 hahens
1653 3491 1805 3567 tanquam
1840 3484 1904 3562 ille,
1940 3486 1993 3567 qui

489 3592 598 3651 cuncta
623 3587 728 3667 palmo
751 3586 923 3663 concludit,
947 3587 988 3649 ad
1012 3587 1137 3668 singula
1161 3593 1363 3668 potestatem,
1387 3587 1578 3670 quandoque
1600 3588 1678 3653 iacit
1701 3589 1814 3652 fortem
1839 3608 1878 3653 ex
1894 3588 1992 3653 debili

489 3699 517 3753 et
539 3709 765 3771 nonnunquam
788 3691 878 3771 penit
901 3690 1038 3754 humiles
1062 3692 1093 3754 in
1118 3690 1256 3768 sublimi,
1281 3709 1318 3755 ac
1343 3699 1579 3756 sacrosanctam
1604 3692 1771 3756 ecclesiam
1795 3692 1994 3769 catholicum,

489 3814 579 3875 cirrum
604 3795 665 3857 sibi
685 3795 832 3858 caritatis
848 3794 1073 3875 inseparabilis
1089 3794 1257 3859 dulcedine
1273 3795 1444 3875 copularit,
1462 3795 1634 3859 salubriter
1649 3795 1758 3876 dirigit
1774 3815 1811 3858 ac
1827 3795 1993 3876 gubernat.

491 3899 599 3981 Nuper
629 3899 785 3980 siquidem
820 3900 841 3964 f.
872 3919 897 3963 r.
921 3900 1097 3964 Benedicta
1128 3919 1212 3981 papa
1243 3899 1318 3976 XII,
1349 3900 1575 3981 predecessore
1605 3907 1723 3975 nostro,
1756 3900 1839 3963 sient
1869 3899 1994 3963 domino

489 4005 616 4084 placuit,
642 4004 682 4066 nh
713 4002 772 4067 hac
804 4004 875 4069 luce
906 4004 1071 4067 subtracto
1095 4023 1143 4067 rr.
1166 4003 1198 4067 n.
1223 4023 1275 4068 nu.
1300 4004 1451 4085 episcopi,
1475 4004 1662 4087 presbyteri,
1677 4008 1710 4066 et
1734 4003 1857 4067 diaconi
1883 4011 1993 4067 sancte

490 4107 627 4171 llcnnane
651 4107 786 4171 ecclesie
810 4107 1000 4184 cardinales,
1025 4108 1065 4171 de
1088 4127 1221 4189 quorum
1253 4127 1384 4172 nnnrero
1418 4116 1492 4172 tnnc
1528 4126 1663 4184 eramus,
1696 4126 1752 4188 pro
1787 4107 1885 4170 futuri
1921 4107 1995 4169 suh-

488 4213 658 4275 stitncione
692 4210 825 4275 llornaui
857 4210 1016 4292 pontilicis
1047 4213 1272 4276 corn-crnentes
1296 4213 1327 4276 in
1353 4231 1460 4288 riuum,
1484 4210 1589 4276 sancti
1613 4211 1745 4291 spiritns
1770 4218 1804 4274 ut
1828 4211 1924 4273 moris
1946 4218 1996 4273 est

485 4317 593 4386 eracin
631 4316 787 4389 invocata,
822 4316 913 4397 quasi
949 4335 1006 4396 per
1041 4316 1286 4396 inspiracionem
1321 4317 1422 4398 ipsius
1445 4317 1476 4378 in
1500 4334 1566 4391 nos,
1591 4315 1674 4378 sicut
1697 4313 1803 4377 diriue
1826 4313 1996 4378 clemencie

486 4420 618 4499 placuit,
636 4424 709 4481 rota
726 4437 783 4482 sun
800 4420 1000 4483 concorditer
1015 4420 1209 4497 direxerunt,
1226 4440 1283 4483 nos
1300 4420 1340 4483 ad
1357 4418 1628 4484 ccrrrscendendanr
1648 4417 1810 4498 speculam
1827 4418 1994 4500 apostolici

483 4524 635 4587 culminis
659 4529 690 4586 et
715 4524 912 4588 subeundum
936 4525 1154 4602 esurissimnm
1185 4526 1289 4589 tocius
1323 4525 1409 4588 urhis
1443 4523 1605 4604 regiminis
1640 4521 1796 4584 snrcirmm
1831 4521 1995 4596 eligentes.

485 4626 603 4690 l'crnnr
622 4646 692 4690 cnm
709 4627 750 4689 ad
774 4636 865 4691 tante
888 4629 1054 4707 ‹liumitatis
1078 4631 1199 4710 apicem
1225 4630 1468 4711 olrstuperemus
1492 4626 1675 4702 assumitur
1698 4624 1782 4706 qnod
1806 4626 1996 4706 impotencie

481 4739 594 4795 nostre
617 4730 741 4793 lnnneri
765 4730 805 4793 ad
828 4737 953 4795 tantum
977 4752 1056 4797 cinus
1080 4752 1140 4797 nnn
1165 4732 1347 4797 sufficerent
1381 4732 1641 4812 snlqnntamlmn,
1665 4730 1794 4793 tandem
1829 4737 1996 4811 sperantes

482 4835 515 4898 in
541 4834 606 4911 illo,
631 4834 686 4914 qui
710 4834 814 4898 reddit
838 4855 937 4898 suase
962 4836 1069 4918 irieum
1093 4856 1184 4901 suum
1207 4846 1239 4901 ct
1262 4856 1343 4900 ‹rrrris
1367 4835 1435 4898 lese
1459 4834 1514 4898 illa
1537 4834 1740 4915 portantibus
1761 4834 1936 4914 pacienter,
1954 4834 1995 4897 ad

482 4940 626 5021 ipsorum
650 4938 784 5001 fratrum
808 4939 998 5003 instanciam
1023 4943 1104 5005 sotis
1136 4942 1353 5022 ncupricuirnus
1387 4939 1559 5002 ecnnndern
1593 4945 1625 5001 et
1661 4937 1741 5001 cella
1778 4943 1887 5001 nostra
1922 4939 1996 5002 suh-

482 5045 629 5108 misimus
663 5041 825 5105 humiliter
860 5044 932 5124 iugo
967 5046 1143 5125 apostolice
1179 5046 1343 5108 seruitutis
1377 5051 1410 5108 et
1444 5043 1675 5124 subsequenter
1706 5042 1941 5106 benediccionis
1963 5048 1996 5106 ct

483 5147 704 5211 coronacinnis
739 5154 847 5210 nostre
881 5148 1055 5229 solempnia
1091 5151 1177 5213 insta
1212 5168 1329 5212 morem
1361 5149 1392 5210 in
1416 5146 1561 5228 personis
1583 5144 1687 5209 felicis
1710 5146 1860 5208 irrernorie
1884 5144 1997 5208 Ilcrrnn-

485 5270 594 5314 norum
619 5247 815 5330 pontificum,
840 5252 1100 5332 predecessorum
1125 5261 1314 5328 nostrornnr,
1338 5251 1493 5314 hactenus
1516 5250 1718 5312 obseruatum
1735 5247 1996 5330 susccpirnus,ad

485 5356 665 5435 graciarum
689 5353 817 5430 mntem,
842 5355 882 5417 de
906 5356 997 5419 cuius
1031 5358 1191 5438 accipiunt
1226 5355 1461 5439 plenitudine-r
1497 5354 1645 5430 universi,
1678 5354 1816 5433 pastoris
1848 5352 1997 5417 uidelicet

486 5460 585 5522 eterni
610 5458 825 5535 clemenciam,
843 5460 874 5521 in
895 5459 1086 5524 humilitatis
1109 5462 1224 5542 spiritu
1249 5467 1461 5535 recurrentes,
1485 5464 1519 5521 ut
1543 5459 1613 5539 ipse
1633 5475 1694 5520 non
1712 5458 1800 5519 iuxta
1817 5465 1996 5520 nostrerum

489 5563 670 5625 nmritnrum
706 5562 912 5638 cimericum,
945 5565 999 5626 sed
1024 5564 1196 5628 secumdum
1222 5583 1278 5627 sue
1302 5562 1654 5644 superlralnnnlanrimn
1680 5561 1814 5640 pietatis
1837 5560 1996 5624 debilitati

490 5673 592 5729 rrostre
627 5666 673 5729 sic
709 5666 830 5729 tribnat
865 5666 988 5730 robmis
1022 5668 1250 5742 fulcimentum,
1285 5667 1368 5749 quod
1404 5674 1587 5747 susceptum
1622 5684 1702 5727 ‹rrrrrs
1733 5664 1772 5726 nd
1798 5664 1922 5727 laudem
1947 5665 1996 5728 sui

489 5770 629 5848 nominis,
645 5769 783 5835 ecclesie
799 5770 989 5836 universalis
1006 5772 1156 5836 honorem
1172 5780 1204 5835 ct
1221 5780 1351 5849 statum,
1369 5772 1505 5836 salutem
1522 5777 1554 5833 ct
1570 5768 1836 5850 tranquillitatem
1856 5766 1996 5831 liclelium

1880 5877 1888 5919 r
