5184 7050
547 853 611 919 282

546 1060 589 1124 Et
611 1060 686 1140 quia
710 1076 766 1138 per
788 1057 978 1121 relacionem
1001 1058 1142 1139 episcopi
1167 1057 1328 1124 Ostiensis
1351 1062 1385 1122 et
1408 1060 1617 1124 cardinalium
1634 1061 1859 1141 predictorum,
1884 1062 1939 1143 qui
1964 1063 2056 1127 iuxta

545 1161 796 1226 commissionem
818 1166 958 1226 nostram
981 1160 1163 1226 huiusmodi
1186 1164 1233 1227 eis
1256 1161 1372 1227 factam
1393 1161 1652 1228 informacionem
1667 1182 1765 1246 super
1778 1163 1944 1246 premissis
1965 1183 2057 1229 rece-

544 1269 668 1348 perant,
692 1263 829 1329 fideliter
851 1266 942 1329 nobis
965 1265 1079 1330 factam
1096 1268 1305 1348 comperimus
1322 1284 1435 1332 causas
1451 1268 1631 1332 huiusmodi
1648 1287 1720 1333 esse
1742 1287 1834 1333 veras
1851 1276 1884 1333 et
1899 1268 2054 1351 quodam-

545 1370 636 1434 modo
659 1369 846 1433 manifestas
870 1373 903 1433 et
925 1371 1088 1452 postulata
1111 1370 1291 1435 huiusmodi
1323 1370 1391 1436 fieri
1422 1391 1484 1435 nou
1515 1371 1616 1436 solum
1647 1373 1726 1437 utile
1756 1372 1824 1438 fore
1852 1374 1908 1437 sed
1932 1391 2057 1438 summe

545 1474 758 1538 necessarium
781 1480 814 1537 et
837 1473 937 1537 eciaur
960 1481 1149 1555 oportunum
1172 1482 1204 1539 et
1228 1481 1398 1557 propterca
1421 1476 1539 1540 cultum
1562 1495 1680 1558 augere
1701 1476 1840 1542 divinum
1863 1497 1901 1541 ac
1924 1477 2057 1559 spiritu-

545 1578 626 1642 alem
650 1580 826 1642 animarum
849 1578 1035 1658 profectum,
1059 1597 1152 1660 quem
1176 1597 1214 1642 ex
1230 1579 1293 1643 hiis
1309 1580 1438 1643 indubie
1459 1581 1626 1662 provenire
1642 1582 1851 1661 speravimus,
1868 1600 2057 1664 promovere

546 1683 718 1747 salubriter
740 1683 951 1761 intendentes,
976 1684 1209 1748 deliberacione
1241 1703 1339 1765 super
1367 1683 1429 1748 hiis
1461 1684 1707 1749 cumfratribus
1736 1687 1855 1750 nostris
1884 1686 2057 1768 prehabita

549 1788 704 1870 diligenti,
728 1786 893 1867 premissis
916 1792 949 1851 et
971 1786 1131 1852 nonnullis
1154 1788 1227 1852 aliis
1249 1786 1498 1852 racionabilibus
1515 1789 1622 1852 causis
1638 1788 1847 1853 suadentibus
1870 1789 2053 1867 ecclesiam,

546 1892 708 1955 civitatem
732 1895 764 1953 et
787 1890 938 1955 diocesim
962 1892 1154 1972 Pragensem
1177 1891 1339 1973 predictas
1369 1891 1409 1954 (lc
1432 1892 1573 1971 ipsorum
1602 1890 1735 1956 fratrum
1766 1892 1900 1957 consilio
1923 1898 1957 1957 et
1980 1911 2058 1974 apo-

547 1996 659 2060 stolice
681 1993 880 2076 plenitudiue
910 1996 1082 2075 potestatis
1113 1998 1305 2060 auctoritate
1339 1994 1517 2076 apostolica
1551 2002 1645 2060 etex
1669 2001 1758 2061 certa
1779 2002 1891 2061 nostra
1914 1998 2057 2061 sciencia

545 2102 584 2166 ab
600 2102 682 2165 omm
700 2098 931 2177 iurisdiccione,
947 2105 1109 2180 potestate
1132 2105 1165 2164 et
1181 2100 1383 2164 subieucione
1399 2098 1641 2180 archiepiscopi,
1654 2100 1708 2181 qui
1725 2104 1811 2164 esset
1826 2119 1884 2182 pro
1898 2107 2056 2183 tempore,

546 2211 579 2269 et
612 2204 663 2269 dd.
694 2203 725 2269 ff.
757 2204 887 2285 capituli
923 2204 1058 2268 ecclesie
1093 2204 1280 2286 Maguntine
1314 2209 1430 2268 extunc
1469 2204 1645 2270 eximentes
1683 2206 1811 2287 penitus
1848 2209 1882 2269 et
1909 2204 2058 2269 totaliter

547 2309 720 2373 liberantes
743 2311 776 2371 et
797 2326 866 2372 eam
890 2307 949 2372 soli
974 2309 1114 2372 Rornane
1138 2309 1274 2373 ecclesie
1284 2311 1309 2388 ρ)
1334 2309 1374 2372 do
1390 2313 1496 2372 cetero
1514 2308 1680 2373 subiacere
1696 2309 1880 2374 immediate
1897 2314 2056 2391 perpetuo

545 2413 762 2490 decernentes,
786 2412 887 2492 ipsam
907 2414 1099 2494 Pragensem
1122 2412 1290 2477 ecclesiam
1316 2413 1356 2477 ad
1381 2413 1432 2477 dei
1457 2411 1583 2478 laudem
1606 2419 1639 2477 et
1661 2413 1803 2495 gloriam,
1819 2412 2054 2477 exaltacionem

547 2516 700 2583 catholice
722 2514 807 2594 fidei,
831 2516 973 2581 eiusdem
997 2515 1102 2581 cultus
1125 2524 1328 2598 augmentum
1352 2522 1385 2580 et
1409 2517 1583 2581 animarum
1615 2516 1790 2598 pmfectum
1816 2517 1849 2580 iu
1872 2515 2056 2598 metropoli·

545 2621 640 2684 ticam
663 2621 821 2684 ereximus
844 2620 1010 2702 ipsamque
1032 2619 1204 2685 honoribus
1227 2628 1261 2686 et
1283 2621 1430 2703 insigniis
1453 2621 1539 2686 sedis
1561 2620 1795 2702 metropolitica
1821 2620 2053 2699 decoravimus,

545 2726 736 2790 auctoritate
764 2725 909 2806 predicta
942 2724 1164 2790 nichilominus
1195 2732 1383 2805 statuentes
1415 2726 1499 2808 quod
1530 2726 1600 2806 ipsa
1629 2725 1799 2806 Prageusis
1829 2723 1968 2789 ecclesia
1994 2743 2052 2805 pro

545 2828 791 2910 metropolitana
814 2829 845 2892 in
868 2833 1056 2910 perpetuum
1079 2829 1252 2894 haberetur
1274 2834 1308 2893 et
1331 2829 1401 2893 eius
1417 2829 1525 2909 presul
1542 2829 1801 2911 archiepiscopus
1817 2829 1918 2893 eciam
1943 2846 2054 2894 cense-

546 2939 642 2998 retur.
688 2934 732 2998 Et
754 2933 830 3014 quia
853 2931 981 3015 dignum
1004 2939 1083 3013 erat,
1118 2953 1156 2998 ex
1188 2953 1249 3015 quo
1281 2934 1368 2997 dicta
1397 2934 1567 3015 Prageusis
1598 2933 1744 3011 ecclesia,
1768 2934 1843 2998 olim
1865 2931 1943 3011 tilia,
1977 2938 2054 2997 tunc

545 3044 647 3102 ruater
669 3036 791 3114 effecta,
814 3037 1047 3118 metropolitica
1070 3037 1237 3118 diguitatis
1261 3042 1447 3119 susceperat
1470 3038 1616 3120 iusignia,
1640 3037 1858 3119 suffraganeos
1877 3041 1911 3101 et
1925 3038 2054 3119 provin·

546 3144 627 3208 ciam
650 3142 813 3206 decentem
835 3140 979 3219 haberet,
1002 3147 1039 3206 ut
1062 3140 1103 3204 ad
1126 3140 1277 3206 iudicium
1301 3142 1531 3223 archiepiscopi
1555 3143 1735 3224 Prageusis,
1758 3143 1812 3224 qui
1829 3160 1887 3224 pro
1909 3147 2054 3223 tempore

545 3246 637 3325 foret,
659 3263 768 3311 omues
791 3262 886 3309 cause
909 3244 1178 3327 suffraganeorum
1214 3246 1434 3327 episcoporum
1466 3252 1499 3310 et
1528 3265 1733 3327 personarum
1763 3245 2052 3311 ecclesiasticarum

547 3352 710 3415 civitatum
733 3357 766 3414 ct
788 3348 961 3413 ‹liecesium
985 3349 1127 3413 eiusdem
1151 3351 1312 3430 provincie
1328 3352 1418 3414 iuxta
1433 3369 1594 3414 sacrorum
1610 3351 1759 3415 instituta
1774 3368 1930 3415 canonum
1952 3349 2053 3415 refer·

544 3462 663 3536 rentur,
686 3454 794 3519 villam
818 3453 1125 3532 Luthmuusleusom,
1150 3459 1225 3519 tunc
1241 3454 1280 3517 de
1296 3454 1448 3537 Prageusi
1464 3455 1583 3519 diocesi
1606 3456 1805 3533 existentem,
1821 3453 1926 3519 locum
1942 3455 2052 3538 itaque

546 3563 683 3627 nobilem
706 3565 739 3624 et
762 3560 925 3640 insignem,
943 3558 984 3622 ad
1002 3558 1130 3622 laudem
1146 3559 1245 3624 divini
1269 3560 1404 3624 nourinis
1420 3565 1453 3623 et
1468 3560 1618 3623 honorem
1635 3578 1756 3623 rrernou
1773 3577 1829 3639 pro
1846 3560 2052 3639 incremento,

547 3667 689 3750 profectu
713 3670 746 3728 et
762 3664 960 3728 exaltacione
976 3664 1127 3744 predictis
1144 3665 1176 3727 in
1192 3665 1355 3727 civitatem
1379 3665 1537 3729 ereximus
1554 3665 1720 3745 ipsamque
1743 3664 1883 3728 civitatis
1897 3664 2053 3729 vocabulo

546 3771 775 3852 insignivimus,
799 3773 831 3831 et
853 3767 1074 3832 nichilominus
1098 3768 1266 3832 ecclesiam
1287 3769 1474 3832 monasterii
1496 3768 1678 3832 huiusmodi
1700 3787 1781 3833 nove
1803 3767 1953 3844 civitatis,
1977 3767 2051 3831 Pre-

546 3873 789 3940 monstratensis
811 3873 941 3950 ordinis,
966 3874 997 3936 in
1021 3872 1237 3936 cathedralem
1261 3874 1361 3936 eciam
1388 3872 1537 3954 erigendo
1568 3891 1638 3935 cam
1671 3870 1869 3935 decrevimus
1891 3870 1960 3934 fore
1983 3889 2054 3951 per·

546 3985 643 4060 petuo
666 3979 768 4059 ipsius
790 3995 870 4040 neve
893 3978 1034 4042 civitatis
1057 3978 1224 4042 ecclesiam
1248 3977 1472 4056 cathechalem,
1505 3978 1555 4041 cui
1587 3983 1706 4040 certam
1736 3981 1859 4056 partem
1891 3975 1931 4039 de
1958 3975 2054 4040 dictis

547 4083 749 4148 Olomucensi
780 4087 813 4144 et
834 4082 986 4162 Prageusi
1010 4081 1199 4159 diocesibuS,
1235 4081 1433 4147 adiacentem
1467 4081 1570 4145 eidem
1601 4087 1634 4145 et
1665 4083 1761 4145 certis
1791 4079 1907 4144 finibus
1940 4079 2050 4145 distin-

547 4187 713 4269 guendam,
737 4187 979 4252 intendebamus
1004 4186 1111 4251 facere
1134 4187 1329 4268 assignari.¹)
1353 4185 1555 4250 Postmodum
1572 4205 1647 4249 voro
1663 4185 1702 4248 de
1718 4202 1855 4265 persona
1870 4184 1980 4250 dilecti
1997 4185 2054 4249 filii

546 4291 713 4371 Johannis,
736 4292 829 4356 electi
853 4290 1138 4370 Luthomuslensis,
1173 4296 1248 4355 tunc
1272 4290 1398 4355 abbatis
1429 4291 1505 4354 dicti
1528 4290 1714 4355 monasterii
1737 4289 1901 4368 Lucensis,
1932 4289 2054 4354 ordinis

547 4401 580 4459 et
602 4395 823 4461 Olomucensis
847 4396 983 4460 diocesis
1006 4394 1229 4476 predictorum,
1253 4395 1293 4459 de
1316 4396 1455 4477 ipsorum
1478 4395 1613 4460 fratrum
1634 4394 1765 4459 consilio
1790 4395 1893 4458 eidem
1916 4395 2054 4459 ecclesie

546 4500 802 4565 Luthemuslensi
827 4498 1091 4585 [providimusL‘t
1115 4499 1317 4582 preficientes
1332 4512 1359 4571 a)
1383 4498 1483 4584 [eum]
1495 4499 1523 4579 ¹¹)
1554 4501 1586 4563 iu
1610 4501 1794 4580 episcopum
1821 4505 1854 4563 et
1877 4502 2050 4578 pastorem,

547 4624 655 4669 curam
677 4612 711 4669 et
733 4605 1043 4669 amministracionem
1066 4605 1167 4684 ipsius
1190 4604 1324 4669 ecclesie
1349 4606 1380 4668 in
1404 4604 1626 4686 spiritualibus
1648 4609 1682 4667 et
1703 4602 1933 4684 temporalibus
1961 4600 2022 4685 [ei]
2031 4601 2054 4688 ¹)

548 4710 781 4788 corrrrnitteudo,
797 4716 892 4792 prout
907 4711 938 4773 in
955 4709 1072 4773 nastris
1090 4709 1162 4772 iude¹
1178 4709 1330 4773 confectis
1346 4708 1463 4773 litteris
1481 4707 1605 4788 plenius
1622 4706 1839 4788 continetur·.²)
1864 4706 1931 4770 Nos
1954 4707 2054 4788 igitur

547 4816 698 4892 volentes,
722 4821 758 4878 ut
780 4814 884 4878 eidem
907 4813 1040 4877 ecclesie
1063 4812 1301 4878 Lutlmmslensi
1326 4818 1413 4876 certa
1436 4831 1510 4893 pars
1527 4813 1567 4876 de
1583 4811 1676 4877 dictis
1694 4811 1897 4875 Olomucensi
1921 4816 1954 4874 et
1977 4811 2054 4875 Pra-

547 4920 635 5002 geusi
660 4918 850 4997 diocesibus,
867 4918 1016 4982 adiacens
1032 4917 1135 4981 eidem
1152 4917 1286 4982 ecclesie
1303 4916 1550 4994 Luthmusleusi‚
1574 4917 1671 4981 certis
1687 4914 1802 4980 finibus
1826 4915 2053 4995 distinguenda

547 5024 637 5088 iuxta
661 5024 870 5088 intencionem
893 5028 1034 5086 nostram
1057 5020 1237 5086 huiusmodi
1260 5023 1451 5103 assignetur,
1475 5028 1622 5102 gerentes
1646 5037 1772 5101 quoque
1795 5018 1834 5082 de
1850 5025 1957 5084 vestre
1981 5038 2055 5099 pro·

548 5129 658 5193 bitatis
683 5126 840 5192 industria
864 5125 1012 5190 fiduciam
1043 5127 1074 5189 in
1105 5125 1229 5190 ‹lonrino
1261 5125 1432 5206 specialem
1464 5144 1501 5189 ac
1524 5131 1689 5207 sperantes
1720 5122 1862 5200 tinniter,
1895 5124 1980 5204 quod
2005 5142 2053 5203 ea,

547 5251 608 5313 que
631 5232 721 5296 vobis
744 5231 977 5308 conrmittimus,
995 5230 1164 5295 studebitis
1188 5230 1302 5310 exequi
1326 5228 1465 5293 fideliter
1480 5234 1513 5292 et
1528 5229 1718 5311 prudenter:
1743 5227 1931 5292 discrecioni
1947 5235 2054 5294 vestre

547 5356 604 5419 per
626 5334 803 5417 apostolica
825 5336 946 5416 scripta
969 5335 1193 5398 corrunittimus
1215 5339 1248 5397 et
1271 5334 1468 5411 rnamlamus,
1492 5340 1651 5412 quatenus
1675 5351 1729 5395 ros
1750 5330 1800 5394 vel
1824 5330 1887 5394 duo
1911 5338 2053 5397 vestrum

548 5441 588 5504 ad
612 5446 720 5521 partes
743 5438 815 5503 illas
839 5438 967 5503 sublato
990 5438 1156 5503 dilaciouis
1172 5437 1336 5502 obstaculo
1352 5437 1564 5519 personaliter
1579 5436 1779 5514 accedentes,
1802 5437 1926 5500 vocatis
1949 5437 2054 5501 archi·

548 5545 697 5625 episcopo
720 5549 754 5607 et
776 5544 924 5624 episcopo
947 5547 981 5606 et
1003 5541 1104 5605 electo
1128 5541 1280 5623 predictis
1304 5561 1341 5606 ao
1364 5541 1514 5624 capitulis
1530 5542 1671 5622 ipsarum
1687 5539 1895 5604 ecclesiarum
1917 5548 1951 5604 et
1966 5542 2052 5618 aliis,

548 5649 601 5728 qui
625 5647 743 5712 fuerint
766 5647 928 5726 evocandi,
952 5648 992 5712 de
1014 5647 1159 5727 predicta
1189 5653 1277 5710 certa
1309 5654 1399 5727 parte.
1429 5665 1467 5710 ex
1492 5645 1585 5709 dictis
1616 5643 1820 5709 Olomucensi
1843 5648 1877 5707 et
1899 5645 2051 5727 Prageusi

549 5752 739 5833 diocesibus,
762 5752 864 5816 eidem
887 5749 1145 5816 Luthomusleusi
1169 5749 1305 5815 ecclesie
1328 5750 1505 5828 adiacente,
1541 5751 1637 5813 (tertis
1659 5749 1775 5812 linilms
1799 5754 1834 5810 ut
1855 5751 2053 5830 premittitur
