5184 7050
545 816 611 888 520

542 1044 604 1110 qno
625 1026 696 1109 ipse
718 1031 794 1090 tnnc
816 1023 968 1105 temporis
991 1021 1208 1089 conventualis
1231 1023 1399 1102 existebat,
1416 1041 1554 1107 eumque
1576 1024 1609 1089 in
1631 1020 1700 1089 loco
1723 1022 1965 1106 anburgensi,
1980 1020 2052 1087 dicti

542 1130 673 1210 ordinis,
707 1129 875 1213 Pragensis
906 1128 1052 1207 diocesis,
1084 1127 1325 1193 conventualem
1360 1128 1556 1193 constituens
1586 1147 1624 1194 ac
1653 1127 1817 1193 subiciens
1846 1130 1960 1207 enm·)
1983 1126 2013 1191 d
2033 1127 2053 1193 i.

543 1233 700 1314 Slarconi,
722 1238 798 1299 1888
820 1232 919 1314 priori
950 1231 1085 1296 fratrum
1107 1231 1227 1296 ordinis
1258 1236 1291 1295 et
1320 1231 1381 1297 loci
1404 1231 1628 1315 predictorum,
1662 1232 1716 1315 qui
1739 1232 1878 1296 eundem
1902 1230 2054 1297 Jacobnm

543 1343 732 1422 persecutus
754 1337 860 1403 fuerat
891 1342 924 1400 et
947 1336 1199 1419 persequebatur
1221 1341 1296 1400 tnnc
1334 1336 1406 1400 odio
1437 1336 1578 1419 capitali,
1611 1338 1643 1401 in
1668 1355 1820 1419 magnum
1841 1335 2053 1418 preinuicinu

543 1442 655 1509 Jacobi
678 1442 852 1507 memorati.
876 1442 982 1521 Quare
1004 1460 1062 1524 pro
1084 1446 1182 1523 parte
1192 1440 1269 1504 dicti
1284 1439 1409 1519 iacobi,
1426 1442 1599 1507 sancientis
1621 1440 1735 1506 exinde
1757 1440 1905 1505 indebite
1927 1458 1964 1505 se
1986 1458 2055 1523 gra·

545 1552 661 1628 uatum,
692 1547 732 1612 ad
763 1545 870 1612 sedem
902 1545 963 1611 init
985 1545 1192 1626 apostolicam
1215 1545 1420 1628 appellatum.
1459 1545 1615 1623 Quocirca
1644 1545 1834 1610 discrecioni
1865 1550 1977 1611 vestre
2003 1562 2055 1628 per

544 1652 720 1736 apostolica
743 1652 862 1734 scripta
885 1650 1081 1730 mandamus,
1105 1657 1262 1733 quatenus
1285 1667 1341 1714 ros
1364 1649 1415 1713 vel
1438 1649 1519 1715 alter
1542 1654 1682 1715 vestrum
1714 1667 1772 1732 per
1803 1667 1862 1714 uos
1885 1648 1939 1714 rel
1961 1649 2053 1715 alium

546 1776 603 1823 seu
634 1757 724 1837 alios,
756 1757 888 1835 vocatia,
912 1757 966 1838 qui
995 1756 1116 1821 fuerint
1145 1754 1307 1835 evocandi,
1337 1752 1463 1819 faciatis
1493 1754 1597 1819 eidem
1627 1754 1746 1821 ,Iacobo
1769 1771 1872 1837 super
1894 1754 2055 1837 premissis

545 1862 670 1928 iusticie
692 1860 965 1944 complementum,
990 1861 1148 1925 attencius
1170 1859 1339 1942 provisuri,
1370 1877 1411 1924 88
1441 1858 1546 1924 dictus
1575 1859 1715 1925 lacobus
1746 1878 1805 1942 pro
1832 1877 1886 1939 eo,
1910 1858 1997 1941 quod
2017 1858 2052 1923 ad

546 1966 656 2033 sedem
678 1965 811 2031 eandem
834 1966 917 2030 sicut
938 1965 1136 2047 premittitur
1151 1963 1334 2047 appellavit,
1350 1982 1408 2046 per
1424 1963 1542 2029 ‹lictirm
1559 1963 1701 2028 ordinem
1716 1962 1921 2044 molestetur,
1937 1970 2055 2028 contra·

548 2071 687 2136 dictores
816 2070 939 2135 mencio
962 2068 1120 2151 specialis.
1134 2069 1157 2148 ¹)
1180 2069 1220 2134 D.
1245 2069 1402 2133 Aniniono
1425 2066 1706 2133 11181188ἰί8.
1731 2072 1834 2133 sexto.

652 2312 803 2367 Clementia
821 2312 859 2367 VI
877 2314 910 2365 A.
928 2312 995 2380 vqs
1014 2318 1069 2380 (81)
1082 2312 1101 2367 1.
1114 2313 1183 2379 tb‘l',
1197 2311 1351 2365 litterarum
1364 2310 1546 2364 communium
1560 2310 1713 2378 88831.
1728 2314 1778 2363 180
1793 2313 1811 2363 i.
1823 2312 1889 2364 320⁹
1906 2315 2054 2365 811118.-

545 2404 575 2469 ·)
593 2404 644 2467 ,co‘
663 2402 695 2454 Α.
716 2416 785 2454 corr.
804 2400 839 2454 ab
857 2399 971 2455 editore.
992 2430 1023 2439 -
1046 2401 1065 2466 ¹)
1084 2414 1188 2469 arenga
1206 2398 1292 2454 deest.
1314 2400 1334 2464 1)
1357 2406 1386 2452 81
1405 2399 1433 2452 18
1452 2415 1478 2452 8.
1497 2402 1556 2451 888.

550 3024 641 3094 891.
676 3025 836 3091 lodicibus
868 3026 1052 3107 moodutor,
1085 3030 1242 3110 quotenus
1272 3028 1356 3091 circo
1386 3025 1566 3094 Jotannem
1599 3024 1743 3092 Godclini
1772 3025 1813 3091 dc
1853 3025 2048 3103 Vrotiaiooio,

548 3131 730 3196 oosom'eam
746 3131 932 3195 owuostcrii
946 3131 1050 3196 888811
1072 3130 1226 3195 Vinceotii
1243 3150 1344 3215 prope
1366 3129 1604 3211 l'rotislociom,
1620 3129 1878 3195 constitucionem
1902 3130 2049 3197 Bendidi

883 3255 992 3318 popae
1015 3234 1088 3298 XII
1105 3254 1200 3317 stapes
1222 3235 1380 3318 «apostatis
1402 3234 1563 3300 obseruari
1577 3234 1720 3321 sociarat.

594 3389 652 3513 ff}
1536 3456 1538 3461 ·
1570 3419 1733 3500 Avisioac,
1755 3420 2011 3487 18418888.

654 3637 710 3704 Vr.
734 3635 765 3704 11.
790 3688 797 3703 .
823 3688 830 3702 .
854 3637 1108 3705 Wratislauiensi
1132 3644 1165 3704 et
1188 3691 1195 3706 .
1220 3688 1228 3704 .
1252 3638 1449 3722 Frisingensi
1480 3639 1639 3722 episcopis
1670 3658 1707 3704 ac
1734 3638 1765 3706 d.
1789 3639 1810 3705 f.
1837 3690 1845 3705 .
1872 3690 1880 3705 .
1903 3637 2046 3705 archidia-

551 3761 630 3807 cono
653 3742 870 3825 Glogouiensi,
894 3742 1167 3809 Wratislauiensie
1190 3743 1337 3824 diocesis,
1361 3762 1386 3808 s.
1410 3749 1470 3808 otc.
1510 3743 1638 3809 Dudum
1660 3742 1682 3809 f.
1705 3764 1731 3809 r.
1754 3743 1957 3810 Benedictus
1977 3759 2047 3826 papa

551 3846 625 3926 1111,
649 3845 858 3929 predecessor
879 3852 998 3928 noster,
1021 3848 1195 3913 animarum
1217 3847 1369 3931 periculis
1393 3867 1559 3913 occurrere
1583 3847 1843 3914 desiderabiliter
1868 3846 2047 3928 8118818881

550 3950 635 4016 circa
658 3951 872 4034 quorumlibet
893 3952 1038 4017 ordinum
1061 3958 1225 4033 apostatas
1241 3957 1274 4017 et
1289 3953 1389 4018 eciam
1405 3952 1445 4017 de
1461 3952 1529 4017 suis
1551 3951 1716 4018 ordinibus
1738 3953 1862 4018 eiectos
1885 3957 1920 4017 et
1935 3950 2049 4035 quossis

550 4056 630 4121 alios
651 4054 827 4137 religiosos,
851 4056 920 4120 sine
942 4056 1137 4138 prelatorum
1160 4076 1289 4123 suorum
1311 4057 1446 4123 libencio
1466 4076 1524 4140 per
1538 4056 1680 4122 seculum
1702 4061 1890 4141 evagantes,
1913 4055 2050 4123 nonnulla

550 4161 690 4226 salubria
720 4167 754 4226 et
785 4161 877 4227 utilia
906 4161 998 4228 duxit
1027 4164 1218 4228 auctoritate
1248 4161 1424 4245 apostolica
1454 4161 1638 4227 oralinanda.
1677 4162 1766 4228 Inter
1792 4167 1906 4228 cetera
1929 4177 2050 4244 namque

551 4266 651 4331 voluit
666 4271 699 4330 81
717 4266 877 4331 ordinavit
900 4267 1090 4333 auctoritate
1113 4268 1250 4349 prefata,
1267 4268 1351 4350 quod
1368 4268 1506 4332 universi
1522 4271 1556 4331 et
1570 4267 1697 4350 singuli,
1720 4272 1787 4332 tam
1809 4269 1956 4352 exempti
1971 4283 2050 4350 quan

550 4389 613 4435 non
635 4371 784 4453 exempti,
807 4371 923 4455 prelati
946 4390 1207 4454 quorumcunque
1237 4372 1457 4455 religiosorum
1480 4371 1693 4455 quorumlibet
1715 4372 1875 4454 ordinum,
1908 4371 2051 4457 aquibus

552 4481 673 4540 temere
696 4480 917 4560 apostatarunt
938 4476 1000 4559 ipsi
1023 4482 1180 4559 apostate,
1215 4476 1287 4543 illos
1311 4478 1351 4542 ad
1374 4478 1518 4543 habiturn
1540 4482 1574 4543 et
1595 4476 1781 4561 religionem
1804 4496 1920 4544 eorum
1943 4480 2050 4562 priores

552 4580 697 4661 recipere
719 4584 922 4660 tenerentur3
938 4582 1023 4663 quod
1046 4582 1073 4646 si
1095 4582 1178 4647 forte
1193 4581 1310 4664 prelati
1326 4581 1470 4664 predicti,
1487 4581 1629 4665 capitula
1652 4580 1873 4662 ecclesiarum,
1890 4587 2050 4648 conventus

551 4683 813 4749 monasteriorum
836 4701 893 4749 seu
916 4684 1032 4750 iratres
1055 4704 1163 4750 corum
1180 4691 1213 4751 et
1227 4683 1369 4751 locorum
1391 4687 1563 4752 eorundem
1585 4690 1774 4751 recusarent
1795 4693 1968 4768 apostatas
1985 4684 2050 4751 reci·

551 4806 628 4869 perc
649 4787 836 4871 prelibatos,
860 4789 921 4871 ipsi
945 4789 1069 4871 prelati,
1094 4790 1244 4871 capitula,
1268 4796 1442 4856 conventus
1466 4796 1497 4855 ct
1519 4790 1637 4856 batres
1652 4809 1710 4873 per
1731 4795 1840 4856 certos
1864 4797 2048 4860 executores

551 4911 647 4975 super
669 4892 728 4957 lroc
752 4912 771 4957 a
794 4891 871 4958 sede
893 4894 1069 4976 apostolica
1091 4894 1302 4977 deputandos,
1326 4896 1366 4960 ad
1389 4914 1444 4961 eos
1466 4895 1676 4977 recipiendos,
1700 4894 1788 4960 salva
1816 4895 1942 4963 ordinis
1971 4895 2049 4960 disci·

550 4997 647 5080 plina,
671 5015 765 5080 quam
787 4998 890 5063 voluit
912 5005 945 5063 et
967 4999 1134 5065 mandavit
1154 5001 1239 5065 circa
1262 5000 1344 5079 illos,
1367 5000 1421 5082 qui
1444 5004 1557 5082 sponte
1581 4999 1731 5078 redirent,
1754 5017 1793 5064 ea
1816 4999 1900 5080 vioe,
1925 4999 2048 5067 811818

550 5102 710 5181 scribitur,
740 5102 989 5168 misericorditer
1018 5105 1200 5186 temperari,
1230 5105 1407 5169 monicione
1439 5104 1594 5186 premissa
1622 5122 1681 5187 per
1712 5121 1880 5170 censuram
1914 5104 2047 5171 ecclesis·

553 5206 664 5271 sticam
688 5208 814 5273 sublato
837 5206 1066 5291 appellationis
1081 5209 1245 5274 obstaculo
1266 5215 1464 5292 cogerentur.
1487 5209 1610 5274 Rursus
1634 5208 1734 5274 uoluit
1756 5213 1790 5275 et
1813 5210 2047 5290 881188811888

552 5328 661 5375 omnes
684 5315 848 5392 apostatas
871 5311 1073 5393 supradictos
1103 5318 1135 5377 et
1165 5313 1340 5395 quemlibet
1371 5314 1509 5397 ipsorum
1540 5332 1598 5396 per
1620 5332 1731 5379 eorum
1753 5314 1907 5397 prelatos,
1937 5319 2045 5381 888818

552 5416 733 5498 subscripto
755 5415 979 5496 moderamine,
1002 5416 1172 5498 provideri,
1196 5418 1321 5484 scilicet
1343 5419 1427 5501 quod
1450 5419 1511 5501 ipsi
1535 5417 1650 5501 prelati
1674 5419 1760 5508 circa
1781 5418 1966 5486 huiusmodi
1987 5435 2046 5501 apo

552 5525 664 5598 statae,
687 5520 788 5584 eciam
811 5521 838 5584 si
862 5525 935 5585 8818
951 5522 1001 5585 vel
1019 5528 1091 5603 post
1113 5540 1221 5587 eorum
1246 5525 1438 5605 apiostosiam
1462 5541 1611 5589 excessus
1635 5524 1665 5587 in
1690 5524 1801 5588 ordine
1824 5542 1885 5590 suo
1909 5525 1959 5588 rel
1974 5531 2047 5587 extra

553 5623 642 5689 illum
665 5625 878 5689 commiserint
901 5630 934 5688 81
957 5626 1088 5707 proinde
1112 5627 1162 5690 rol
1186 5628 1286 5691 881881
1312 5647 1349 5692 ex
1374 5646 1561 5709 quacunque
1584 5627 1648 5692 alia
1672 5646 1768 5694 88888
1784 5629 1817 5694 18
1833 5624 2046 5712 apostasiam)

551 5725 732 5795 huiusmodi
754 5728 835 5812 lapsi
858 5729 977 5795 fuerint
999 5730 1049 5794 uel
1072 5730 1193 5796 ordinis
1216 5734 1266 5798 sui
1290 5751 1434 5799 carceres
1457 5732 1658 5815 effregissent
1687 5752 1744 5799 seu
1776 5734 1817 5799 ab
1841 5736 1924 5817 ipsis
1945 5731 2046 5799 erasis
