5184 7050
665 825 733 890 412

663 1032 703 1096 ad
725 1050 858 1114 quorum
882 1031 1042 1096 fructuum
1065 1032 1313 1109 restitucionem,
1344 1031 1421 1096 licet
1450 1030 1513 1096 sint
1543 1030 1667 1110 modici,
1700 1050 1737 1095 eo
1769 1030 1853 1113 quod
1883 1048 1919 1096 es
1951 1030 2122 1113 religiosus
2143 1036 2174 1096 et

663 1136 852 1201 beneficium
875 1155 932 1200 seu
956 1137 1019 1200 alia
1041 1138 1125 1201 bona
1148 1135 1341 1214 nonhabes
1366 1154 1405 1199 ex
1429 1136 1543 1217 quibus
1567 1134 1691 1200 solvere
1722 1135 1793 1200 ilios
1815 1135 1931 1217 possis,
1958 1153 2030 1200 non.
2045 1134 2172 1212 subicis,

664 1241 723 1305 tibi
746 1241 936 1306 remittimus
960 1247 992 1306 et
1016 1242 1167 1306 donamus
1191 1241 1230 1304 do
1253 1240 1360 1323 gracia
1378 1239 1508 1322 pociori.
1532 1239 1619 1304 Nulli
1635 1259 1711 1322 ergo
1727 1244 1788 1304 etc.
1804 1243 1912 1305 nostre
1927 1238 2170 1319 habilitsciouis,

665 1346 891 1424 restitucionis
916 1345 1176 1428 dispensacionis,
1200 1345 1397 1409 remissionis
1420 1348 1453 1407 et
1475 1344 1659 1409 donacionis
1681 1343 1853 1427 infringere
1876 1348 1937 1409 etc.
1963 1345 2003 1409 Ι).
2020 1344 2173 1410 Aninions

666 1448 725 1515 XV
746 1449 809 1514 kal.
834 1450 971 1531 Augusti
993 1469 1020 1514 a.
1045 1449 1164 1532 quinto.

773 1638 923 1693 Clementis
941 1638 979 1691 VI
998 1640 1030 1690 A.
1050 1638 1102 1707 Vis
1122 1641 1223 1699 (tomus
1242 1638 1285 1705 33)
1312 1637 1330 1690 f.
1352 1643 1410 1706 183,
1435 1636 1602 1694 deindultis
1627 1647 1677 1695 ete.
1698 1655 1742 1710 qu.
1761 1644 1778 1691 3
1798 1656 1832 1691 τ.
1844 1638 1876 1693 V.
1897 1643 1947 1692 174
1964 1636 1984 1692 f.
2003 1643 2057 1692 30⁶
2075 1654 2103 1693 n.
2120 1643 2174 1694 877.

1365 1923 1390 1929 --
1401 1922 1524 1930 -——-——

668 2251 762 2318 692.
775 2251 1009 2332 Nenbnrycnsis
1017 2254 1043 2332 ¹⁵)
1059 2254 1089 2315 el
1097 2249 1324 2325 Sdccusiensis,
1332 2271 1393 2334 pcc
1398 2249 1599 2333 praepositos
1610 2232 1774 2312 solilomnn
1782 2234 1966 2328 andernaci,
1976 2236 2177 2313 Paianion-ris

669 2360 700 2419 cl
723 2354 896 2435 Proconsis
919 2354 1059 2430 diocesis,
1083 2354 1344 2418 monasteriorum
1368 2353 1565 2436 circapositis
1595 2372 1636 2421 uc.
1656 2352 1792 2418 Hsnrico
1817 2350 1949 2417 Rinlreti
1970 2351 2009 2417 de
2033 2354 2174 2427 anno,

669 2456 855 2540 cunorcicol)
882 2457 1088 2538 olomucensi,
1105 2458 1287 2536 mandatur,
1304 2461 1458 2539 qnatenus
1482 2456 1613 2521 Nicolno
1636 2451 1717 2548 dicto
1741 2455 1887 2539 Bobemo,
1904 2444 2058 2524 canonico
2073 2477 2173 2522 omnu-

667 2564 759 2627 sterii
782 2563 1014 2637 Mcclcovicnsis,
1045 2563 1165 2627 ordinis
1187 2562 1293 2627 sancti
1316 2560 1498 2643 Anqnslini,
1536 2559 1753 2627 Orucovicnsr's
1776 2559 1918 2637 dioensis,
1952 2559 2104 2627 ecclesiae
2125 2560 2173 2625 Se-

664 2667 773 2752 pnlcm'
796 2668 954 2732 Dominici
974 2667 1236 2743 Jerusolimitani,
1259 2666 1397 2732 eiusdem
1419 2665 1549 2745 ordinis,
1571 2665 1752 2730 immediate
1773 2650 1913 2740 soient
1933 2663 2174 2756 ,pamelium

669 2770 831 2836 ecclesiam
862 2771 896 2834 in
922 2772 1080 2853 Tarraco
1110 2774 1277 2835 racaniem
1308 2774 1477 2850 conferant
1506 2774 1535 2834 cl
1558 2752 1730 2851 nssiyncnl.
1768 2770 1821 2846 ,D.
1845 2768 2006 2835 Aninione
2030 2770 2099 2834 XV
2113 2767 2173 2834 leel.

739 2908 747 2980 Ι
1049 2875 1188 2955 Acmen
1212 2896 1241 2940 a.
1265 2876 1394 2957 qnicdo‘.
1439 2876 1556 2939 Forma
1578 2879 1614 2939 nl
1634 2874 1670 2938 in
1691 2895 1722 2938 n.
1747 2875 1798 2940 78.

1675 3063 1840 3145 Asinium,
1862 3065 1952 3129 1346
1972 3062 2062 3132 Julii
2083 3065 2131 3130 18.

723 3103 760 3188 ἶ

714 3207 772 3260 .x.

775 3325 922 3379 Clementis
941 3325 979 3379 VI
998 3327 1031 3380 A.
1050 3327 1098 3394 Vll
1121 3327 1177 3395 (so)
1196 3324 1214 3378 f.
1233 3329 1275 3389 46,
1289 3324 1323 3377 de
1342 3323 1482 3378 beneficiis
1500 3323 1659 3378 vacantibus
1675 3339 1720 3392 qu.
1736 3330 1747 3376 1
1762 3346 1796 3370 .-·-
1809 3321 1841 3377 V.
1861 3328 1910 3377 173
1929 3322 1953 3378 i.
1968 3324 2012 3377 ὅθ’
2032 3340 2060 3378 ιι.
2075 3327 2129 3376 120.
2141 3352 2170 3362 -

671 3415 700 3479 ι)
720 3412 957 3480 ‚Noumburgousi‘
983 3415 1015 3464 Α.
1043 3412 1067 3478 1·)
1094 3411 1390 3477 ‚ilenrico-canonico‘
1424 3428 1493 3465 corr.
1527 3412 1555 3465 in
1590 3424 1673 3478 marg.
1699 3409 1732 3465 ab
1757 3425 1781 3464 s.
1800 3426 1834 3463 ιιι.
1854 3425 1903 3464 ex:
1922 3451 1931 3477 ,
1952 3452 1957 3464 .
1977 3450 1985 3464 .
2003 3409 2169 3465 thesaurario

671 3499 805 3566 ecclcsie‘,
823 3516 884 3553 cum
903 3508 982 3553 nota:
1002 3500 1139 3566 ,Correcta
1159 3498 1192 3551 de
1212 3499 1350 3553 mandato‘
1368 3500 1401 3552 Α.
1429 3502 1451 3567 0)
1470 3497 1622 3565 ,Thsrnou‘
1640 3499 1673 3551 A.

1328 3782 1403 3788 ——n
1423 3782 1521 3789 ..—

671 4110 762 4176 693.
788 4108 865 4173 (lum
890 4110 1020 4172 I’ccoldo
1042 4108 1198 4191 qrurndum
1224 4110 1356 4174 Hearici
1371 4110 1409 4173 de
1424 4110 1576 4174 Hoc'ocie'n
1597 4131 1692 4193 sccper
1705 4108 1946 4190 irrconlaritote
1965 4107 2168 4191 dispensator.

717 4303 825 4368 Gratis
848 4321 904 4384 pro
928 4302 997 4366 rico.
1682 4301 1843 4380 Arinione,
1871 4301 1954 4365 1346
1975 4300 2062 4368 Julii
2083 4303 2133 4366 18.

774 4495 812 4558 Ι).
836 4493 857 4557 i.
881 4492 1027 4571 Pozoldo,
1058 4497 1134 4556 nato
1165 4493 1322 4573 quondam
1354 4493 1484 4557 Homini
1516 4494 1555 4557 de
1587 4492 1750 4571 Horauitz,
1781 4492 1975 4558 subdiacono
2011 4493 2169 4576 Pragensis

672 4599 817 4675 diocesis,
842 4616 865 4660 s.
891 4604 952 4661 etc.
977 4598 1160 4678 doristolice
1183 4598 1268 4660 sodis
1292 4597 1421 4679 copiosa
1442 4598 1620 4680 benignitas
1652 4597 1714 4661 iliis
1744 4596 1880 4661 libenter
1907 4598 2035 4679 aperire
2057 4597 2170 4663 miseri·

678 4703 785 4768 cordio
809 4722 865 4766 suc
889 4703 1015 4765 iamiam
1039 4702 1211 4776 consuerit,
1236 4702 1287 4782 uui
1313 4702 1399 4765 iliam
1430 4703 1469 4765 ab
1500 4721 1538 4765 ea
1562 4700 1723 4765 humiliter
1742 4700 2032 4783 supplicacionibus
2058 4701 2171 4766 devotis

670 4808 848 4889 implorant.
873 4806 1024 4870 Exlribitc
1055 4806 1210 4886 siquidem
1242 4806 1333 4870 nobis
1363 4811 1418 4869 tue
1450 4807 1618 4887 peticionis
1651 4807 1750 4869 series
1773 4806 1966 4885 continebat,
1991 4808 2171 4889 quodcum

670 4913 743 4977 oiim
766 4912 929 4976 lohannes
952 4911 991 4974 do
1007 4911 1095 4988 Tust,
1111 4912 1278 4991 presbyter
1296 4912 1464 4991 Prageusis
1480 4910 1625 4988 diocesis,
1643 4915 1791 4991 apostata
1805 4910 1925 4974 ordinis
1941 4910 2170 4977 Heremitarum

671 5018 772 5082 sancti
796 5016 974 5098 Augustini,
999 5015 1155 5095 quomlam
1177 5015 1197 5078 J
1200 5016 1327 5092 obamri,
1342 5016 1547 5097 uicepiebano
1568 5015 1703 5079 ecclesie
1719 5015 1751 5078 in
1766 5014 1913 5097 Siapans
1928 5015 2016 5081 diets
2031 5017 2172 5090 diocesis,

675 5140 824 5204 gennano
854 5127 920 5198 tuo,
955 5121 985 5182 in
1017 5118 1120 5182 ‹unm›
1148 5121 1266 5183 vicarie
1297 5138 1353 5183 seu
1385 5119 1559 5201 capellanie
1591 5120 1622 5182 in
1652 5118 1737 5183 dicta
1766 5118 1902 5183 ecclesia
1931 5121 2172 5187 serviuissetet

673 5226 817 5302 serviret,
841 5231 873 5288 te
897 5230 928 5287 et
953 5225 1036 5287 dicto
1063 5223 1208 5286 lohmmo
1238 5224 1445 5305 riceplebauo
1479 5228 1554 5288 tunc
1585 5222 1812 5304 ignorantibus,
1843 5223 1979 5289 eundem
2002 5225 2173 5292 iohannem

671 5331 710 5395 de
726 5331 806 5395 Tust
828 5348 901 5393 osse
925 5333 1104 5409 apostatam
1127 5328 1245 5391 ordinis
1269 5329 1461 5409 supradicti:
1485 5329 1614 5393 tandem
1636 5328 1677 5391 ad
1698 5332 1797 5406 tuam,
1822 5328 1876 5409 qui
1899 5346 1971 5393 cum
1994 5331 2083 5396 dicto
2099 5332 2173 5396 vice

672 5435 807 5517 plebano
831 5435 862 5497 in
887 5433 997 5496 carlom
1021 5432 1112 5496 dorm
1135 5433 1320 5510 morabaris,
1351 5436 1384 5496 et
1414 5432 1491 5496 dicti
1520 5432 1718 5513 ricepiebani
1749 5432 1886 5498 deducto
1908 5434 2075 5514 noticiam,
2098 5433 2174 5518 qnod

672 5540 776 5604 dictus
800 5539 960 5603 lohannes
985 5538 1024 5601 do
1047 5537 1160 5610 Tium)
1184 5545 1330 5619 apostata
1353 5538 1518 5614 existebat,
1535 5543 1570 5602 tu
1586 5541 1619 5601 et
1641 5536 1746 5601 dictus
1762 5535 1927 5602 lohannes
1941 5539 2174 5622 ricepiebanns,

671 5644 815 5708 nolentes
839 5648 1015 5724 apostatam
1039 5662 1096 5724 pro
1121 5643 1286 5722 capellano
1317 5648 1436 5720 terrere,
1468 5662 1539 5706 eum
1569 5643 1608 5706 de
1638 5642 1819 5706 huiusmodi
1852 5640 1957 5707 officio
1980 5645 2104 5710 vicarie
2124 5661 2175 5709 seu

672 5749 848 5832 capellanie
872 5748 1075 5825 licenciastis,
1100 5748 1245 5828 idemque
1269 5747 1431 5811 lohannes
1454 5747 1494 5811 de
1517 5747 1605 5825 Tust,
1630 5751 1697 5810 tum
1725 5750 1858 5829 propter
1881 5746 2049 5814 licenciam
2064 5748 2177 5814 ⁴huius·
