5184 7050
669 870 731 938 712

770 1082 849 1146 ltcm
874 1080 1077 1162 supplicat,·')
1103 1087 1260 1163 quantenus
1284 1080 1429 1147 Conrado
1440 1078 1468 1161 ¹³)
1491 1081 1660 1147 Weruheri
1677 1083 1716 1148 de
1734 1082 1909 1162 Paneuicz‚
1926 1081 2047 1148 clerico
2066 1080 2173 1145 Wrati·

666 1185 838 1250 slauieusis
862 1184 1008 1262 diocesis,
1033 1186 1072 1250 de
1095 1184 1248 1250 beuclicio
1272 1186 1492 1251 eeclesiastico
1507 1189 1531 1265 ο)
1555 1207 1625 1253 cum
1649 1206 1724 1251 cura
1748 1187 1798 1251 vel
1822 1188 1892 1251 sine
1908 1206 1997 1264 eura,
2014 1190 2173 1269 spectante

666 1289 705 1353 ad
729 1289 933 1354 collacioncm
966 1296 1025 1354 etc.
1050 1290 1191 1371 episcopi
1222 1290 1506 1367 lllvatislauieusis,
1538 1296 1680 1369 vacante,
1711 1291 1761 1354 vel
1797 1310 1866 1354 cum
1901 1291 2081 1367 vacaverit,
2113 1308 2173 1355 curu

667 1394 890 1477 acceptacioue
913 1399 973 1459 etc.
998 1394 1168 1476 ‹ligureuriui
1193 1395 1369 1476 providere,
1394 1414 1464 1459 cum
1480 1414 1540 1458 non
1559 1396 1758 1461 obstantibus
1779 1399 1812 1459 et
1834 1393 1989 1459 clausulis
2012 1395 2171 1476 oportunis

666 1504 699 1563 et
722 1498 954 1563 executoribus.

771 1604 843 1669 Fiat
867 1608 926 1667 etc.
951 1604 987 1667 lt.

769 1710 851 1774 Item
875 1713 1032 1790 quatenus
1056 1709 1148 1772 l'ctro
1173 1708 1369 1788 ‹prioruborb
1393 1709 1549 1773 lobannis
1580 1708 1619 1771 uo
1650 1707 1798 1786 Banlrau,
1829 1707 1945 1772 clerico
1973 1706 2168 1772 Wratislaui·

668 1813 754 1878 ensis
777 1813 923 1889 diocesis,
948 1813 987 1876 de
1011 1812 1164 1877 beneficio
1188 1813 1404 1878 ecclesiastice
1429 1832 1499 1878 cum
1523 1832 1599 1877 cura
1630 1813 1680 1877 vel
1715 1814 1784 1877 siue
1819 1831 1905 1888 cura,
1937 1820 2111 1895 spectante
2141 1812 2174 1875 ad

667 1916 870 1982 collacionem
893 1922 953 1982 etc.
978 1918 1118 1998 episcopi
1144 1916 1425 1995 Wratislauieusis,
1450 1925 1581 1982 vacante
1604 1918 1654 1982 vel
1679 1925 1838 1995 vacaturo,
1857 1937 1927 1982 cum
1951 1918 2173 1999 acceptacioue

667 2026 727 2086 etc.
752 2021 810 2085 sub
835 2020 910 2085 data
934 2021 996 2085 died
1022 2021 1203 2085 immediate
1227 2024 1393 2103 sequentis
1411 2023 1432 2093 ¹)
1456 2022 1627 2104 dignemini
1652 2021 1829 2103 providere,
1852 2040 1922 2086 curu
1959 2040 2023 2085 nou
2055 2021 2175 2086 obstan·

666 2126 752 2190 tibus
775 2131 808 2189 et
831 2124 982 2189 clausulis
1005 2126 1169 2206 oportunis
1194 2131 1226 2189 et
1250 2127 1484 2191 executoribus.

770 2229 842 2293 Fiat
864 2233 924 2294 etc.
949 2230 986 2293 u.

770 2334 850 2399 Item
873 2339 1029 2414 quatenus
1053 2333 1222 2399 Francisce
1246 2335 1404 2415 quondam
1421 2334 1544 2399 Nicolai
1560 2334 1729 2400 Turikouis
1750 2334 1789 2398 de
1806 2334 1972 2416 tloltberg,
1990 2334 2175 2417 presbytero

670 2436 944 2503 Wratislauieusis
978 2439 1124 2517 diocesia,
1161 2440 1199 2503 de
1233 2438 1387 2503 bcuelicio
1418 2439 1635 2505 ecclesiastico
1666 2457 1735 2504 cum
1759 2458 1835 2503 cura
1859 2437 1910 2502 vel
1932 2438 2005 2503 sine
2028 2458 2117 2517 cura,
2141 2438 2176 2501 ad

669 2541 869 2606 collationem
887 2547 946 2606 etc.
960 2543 1103 2624 rrvvugistri
1118 2543 1288 2625 geuueralis,
1305 2545 1501 2626 preceptoris
1521 2550 1554 2608 ct
1569 2544 1702 2609 fratrum
1719 2542 1886 2624 bospitalis
1902 2544 2008 2606 saneti
2025 2542 2177 2607 lobannis

668 2646 940 2712 iherosolimitani
966 2648 1173 2712 communiter
1195 2648 1245 2712 vel
1268 2648 1394 2712 divisim
1410 2655 1585 2731 spectante,
1603 2649 1687 2713 dicte
1702 2648 1848 2725 diocesin,
1866 2666 1936 2711 curu
1954 2647 2177 2728 accept-acione

668 2756 729 2815 etc.
754 2751 924 2832 dignemini
947 2752 1125 2834 providere,
1151 2771 1220 2815 cum
1245 2772 1304 2817 ruem
1329 2754 1528 2817 obstantibus
1559 2759 1591 2816 et
1621 2752 1771 2817 clausulis
1803 2752 1969 2833 oportunis
2001 2758 2034 2815 et
2067 2770 2172 2816 execu-

667 2856 802 2921 toribus.

773 2958 846 3023 Fiat
868 2965 927 3023 etc.
952 2959 987 3022 a.

772 3064 854 3128 Item
877 3063 971 3127 Petro
995 3064 1124 3128 Heruici
1149 3065 1188 3127 de
1212 3064 1321 3143 (ilsua,
1347 3066 1461 3131 clerico
1485 3065 1760 3130 Wratislauieusis
1782 3063 1929 3140 diocesis,
1959 3062 2000 3126 de
2023 3062 2176 3128 beneficio

668 3165 884 3232 ecclesiastico
907 3185 977 3232 cum
1001 3186 1077 3231 <tura
1100 3169 1149 3232 vel
1174 3169 1243 3233 siue
1266 3188 1351 3247 cura,
1376 3175 1541 3252 spectante
1565 3170 1772 3234 communiter
1804 3167 1852 3231 vel
1884 3168 2012 3232 divisim
2045 3168 2088 3231 ad
2118 3166 2177 3233 cel·

668 3270 822 3336 lacioucm
859 3278 919 3336 otc.
952 3273 1117 3354 prepositi,
1153 3273 1264 3337 decani
1300 3278 1332 3337 et
1366 3274 1495 3356 capituli
1531 3274 1789 3356 sirrgulorumque
1820 3273 2020 3356 prelatorum
2045 3271 2178 3338 ecclesie

669 3379 778 3439 sancte
801 3374 913 3441 Crucis
937 3375 1222 3455 ll'ratislauieusis,
1246 3383 1389 3456 vacante,
1413 3377 1463 3441 vel
1487 3397 1556 3443 cum
1581 3378 1751 3456 vacaverit,
1776 3396 1847 3443 cum
1867 3378 2099 3459 acceptacicne
2122 3383 2176 3443 etc.

669 3479 841 3562 dignemini
863 3479 1040 3563 providere,
1065 3499 1135 3545 cum
1157 3500 1218 3545 uon
1242 3481 1441 3548 obstantibus
1465 3487 1498 3547 et
1521 3482 1672 3548 clausulis
1696 3483 1861 3564 oportunis
1885 3486 1918 3547 et
1940 3484 2176 3549 executmibus.

775 3586 846 3649 Fiat
869 3590 928 3649 etc.
954 3584 989 3649 R.

773 3691 854 3755 ltcur
877 3689 1047 3771 supplicat,
1067 3696 1223 3771 quatenus
1240 3693 1403 3756 llernurdo
1418 3693 1603 3757 Braxatoris
1620 3692 1659 3755 de
1676 3691 1862 3756 canonicatu
1878 3692 2017 3758 ecclesie
2036 3693 2175 3759 budissi-

670 3794 786 3872 nensis,
811 3794 983 3858 blisueusis
1007 3795 1153 3871 diocesis,
1179 3796 1209 3860 iu
1233 3815 1296 3877 qua
1320 3796 1456 3860 irvaiores
1480 3802 1513 3859 ct
1535 3796 1672 3859 vrriueres
1695 3795 1856 3877 prebende
1887 3798 2043 3874 existunt,
2075 3798 2178 3880 digne·

668 3899 745 3963 mini
771 3898 949 3980 prrovidere,
974 3899 1167 3980 prebendam
1192 3919 1296 3976 vruvuu,
1321 3901 1419 3964 reiciatur
1443 3901 1470 3964 si
1494 3899 1532 3963 de
1563 3901 1735 3964 rrvvrieribus
1766 3901 1893 3979 existat,
1926 3907 2107 3982 vacantem,
2130 3901 2176 3965 vel

669 4021 739 4068 cum
762 4003 933 4079 vacaverit,
957 4003 989 4066 iu
1012 4003 1096 4066 dicta
1120 4003 1255 4066 ecclesia
1279 4003 1364 4067 dicto
1388 4004 1550 4068 llcruardo
1574 4004 1798 4067 conserendam
1815 4004 1984 4069 donaciani
2002 4005 2175 4086 eurostolire

668 4112 879 4184 reservantes
904 4126 964 4170 uou
988 4107 1135 4170 obstante
1158 4112 1277 4171 statuto
1302 4129 1358 4172 seu
1384 4109 1623 4185 constitucione,
1640 4108 1755 4188 quibus
1779 4111 1884 4172 caveri
1908 4108 2028 4174 elicitur
2054 4111 2176 4188 ibidem

669 4212 754 4295 quod
776 4211 882 4276 nullus
905 4214 1006 4293 pvmsit
1029 4214 1176 4276 rumorem
1201 4212 1394 4294 plebeculam
1418 4214 1449 4276 in
1473 4214 1557 4277 dictu
1590 4213 1727 4278 ecclesia
1756 4214 1896 4293 assequi,
1928 4215 1990 4279 uisi
2024 4217 2176 4297 glacialia

670 4317 849 4382 ascenderit
871 4335 929 4398 per
952 4318 1097 4392 viriliores,
1122 4336 1183 4380 nou
1207 4316 1407 4381 obstantibus
1431 4319 1532 4381 eciam
1555 4316 1718 4381 lverveficiis
1742 4318 1817 4395 suis
1836 4318 1867 4380 in
1884 4317 2080 4384 cancellaria
2096 4321 2126 4386 S.
2145 4320 2175 4383 l'.

669 4421 878 4499 declarandis,
913 4441 982 4485 cum
1018 4421 1088 4485 aliis
1121 4441 1182 4484 nou
1218 4422 1418 4486 obstantibus
1449 4426 1481 4485 et
1512 4421 1663 4486 clausulis
1697 4423 1863 4503 oportunis
1886 4428 1920 4486 et
1942 4427 2176 4491 executoribus.

773 4525 846 4591 Fiat
869 4526 905 4590 R.

773 4632 854 4696 ltem
878 4637 1034 4712 vpuateuus
1059 4631 1190 4696 Nicolae
1214 4632 1338 4696 Nicolai
1363 4631 1494 4696 Hosauk
1518 4631 1556 4695 de
1588 4631 1803 4712 Pcvlkyubayu,
1836 4632 1952 4696 clerico
1976 4632 2175 4698 Wratislaui·

670 4735 756 4800 ensis
779 4735 925 4812 diocesis,
948 4736 988 4799 de
1011 4735 1165 4801 beneficio
1190 4735 1408 4799 ecclesiastico
1432 4755 1502 4799 cum
1526 4755 1601 4799 curra
1625 4735 1674 4799 vel
1698 4736 1765 4799 siue
1797 4755 1882 4813 cura,
1907 4743 2079 4816 spectante
2100 4756 2174 4802 cour·

669 4839 810 4904 muniter
845 4839 894 4904 vel
929 4840 1053 4904 divisim
1087 4840 1127 4904 ad
1161 4839 1361 4904 collationem
1394 4846 1453 4905 etc.
1479 4842 1659 4905 ..abbatis
1686 4847 1718 4904 et
1742 4849 1916 4906 corrveutus
1939 4844 2126 4908 rrronasterii
2148 4843 2173 4907 in

671 4943 891 5025 Heyuricbau',
905 4943 1127 5008 Cistercicusis
1142 4946 1271 5023 ordinis,
1288 4946 1373 5009 dicte
1390 4946 1536 5024 diocesis,
1554 4954 1684 5009 vacarrte
1701 4946 1749 5010 vel
1767 4953 1928 5024 vacaturo,
1946 4967 2020 5013 euru
2035 4957 2173 5030 accepta·

671 5051 760 5114 cioue
795 5055 854 5112 etc.
890 5048 1059 5130 dignemini
1094 5050 1270 5131 providere,
1307 5069 1375 5113 cunr
1411 5069 1472 5113 uou
1503 5050 1703 5113 obstantibus
1727 5055 1759 5112 et
1782 5050 1935 5114 clausulis
1959 5054 2126 5134 oportunis
2145 5061 2172 5112 et

670 5154 903 5219 executoribus.

776 5257 847 5320 Fiat
869 5264 928 5321 etc.
956 5257 989 5321 R.

775 5448 854 5513 Item
877 5449 960 5531 quod
984 5448 1197 5530 predictorum
1221 5449 1359 5513 orvruium
1383 5467 1513 5514 examen
1536 5451 1729 5515 remittatur.
1775 5451 1848 5515 Fiat
1871 5452 1908 5515 R.
1944 5454 2028 5519 Item
2052 5473 2082 5536 o.
2106 5461 2127 5516 t.
2147 5471 2166 5512 s.

670 5574 697 5617 a.
724 5553 742 5616 l.
790 5553 861 5617 l'iat
884 5553 919 5616 lt.
970 5555 1005 5616 b.
1033 5553 1187 5616 :luiuioue
1212 5553 1238 5616 V
1263 5553 1303 5615 id.
1328 5551 1406 5616 lulli
1438 5572 1465 5616 a.
1491 5553 1620 5617 cicciano.

776 5688 1091 5756 (7leu1eutisVlS.Xl1
1114 5693 1168 5756 (21)
1188 5690 1205 5742 l'.
1226 5696 1266 5741 bs.
1289 5722 1319 5729 -
1347 5701 1370 5758 a)
1389 5692 1477 5760 suppl.
1498 5708 1582 5760 supra
1601 5691 1627 5745 S.
1656 5695 1678 5748 'b
1699 5693 1837 5761 seovritur:
1865 5693 1928 5760 ‚det
1947 5693 1998 5748 sed
2022 5693 2166 5749 cancelli.

671 5781 700 5842 e)
719 5778 809 5846 suppl.
829 5792 913 5846 supra
932 5776 957 5829 S.
987 5777 1011 5842 ¹¹)
1031 5777 1164 5843 ,cendam‘
1183 5776 1208 5830 S.
1230 5807 1262 5816 —
1283 5778 1302 5844 ¹)
1322 5777 1382 5831 vide
1402 5794 1475 5830 nurui.
1498 5785 1570 5830 isvis.
