5184 7050
1865 843 1930 911 365

419 1055 603 1129 corporalem
625 1054 841 1128 possessionem
864 1054 1010 1122 beneficii,
1033 1055 1140 1113 inrium
1163 1060 1194 1113 ct
1207 1055 1457 1127 pertinenciarum
1472 1054 1671 1128 predictorum
1688 1060 1717 1113 et
1733 1053 1893 1115 defendens
1904 1052 1930 1133 ⁸)

419 1161 571 1219 inductum
587 1175 622 1218 ac
638 1156 750 1217 faciens
762 1148 790 1233 b)
813 1176 877 1217 enm
892 1160 940 1218 uel
955 1159 1064 1218 dictum
1079 1162 1301 1231 procuratorem
1316 1176 1371 1232 pro
1388 1176 1422 1217 eo
1438 1159 1474 1217 ad
1491 1159 1575 1232 illud,
1589 1163 1621 1216 ut
1638 1164 1683 1217 est
1698 1161 1799 1234 moris,
1814 1160 1930 1219 admitti

420 1265 535 1337 sibique
566 1265 602 1322 de
632 1263 713 1322 illins
738 1262 896 1339 fructibus,
919 1263 1094 1337 redditibus,
1117 1263 1319 1337 proventibus,
1343 1263 1456 1322 iuribus
1480 1267 1510 1320 et
1532 1263 1761 1322 obventionibus
1784 1265 1929 1325 uniuersis

420 1369 535 1444 integre
548 1367 732 1442 responderi,
742 1367 977 1431 contradictores
992 1367 1171 1426 auctoritate
1185 1373 1288 1427 nostru
1304 1368 1506 1441 appellacione
1520 1368 1686 1441 postposita
1702 1370 1929 1442 compescend03

420 1491 477 1532 non
509 1472 696 1532 obstantibus
729 1472 949 1544 quibuscunque
981 1470 1100 1529 statutis
1131 1475 1161 1529 et
1186 1471 1447 1530 consuctudinibus
1472 1471 1605 1546 ecclesie,
1629 1473 1658 1529 in
1682 1489 1739 1544 qua
1762 1473 1928 1532 huiusmodi

421 1575 595 1636 beneficium
617 1574 743 1635 forsitan
766 1575 867 1650 fuerit,
891 1575 1049 1634 contrariis
1052 1619 1160 1649 .....
1184 1575 1343 1647 roboratis,
1367 1580 1418 1633 aut
1441 1575 1466 1632 si
1489 1575 1579 1647 aliqui
1603 1593 1691 1648 super
1710 1575 1928 1649 provisionibus

421 1681 476 1739 sibi
499 1679 645 1739 iaciendis
668 1679 703 1738 de
725 1679 893 1738 huiusmodi
915 1680 963 1737 vel
985 1679 1052 1737 aliis
1074 1677 1226 1738 beneficiis
1250 1678 1459 1737 ecclesiasticis
1482 1679 1512 1736 in
1539 1678 1599 1737 illis
1627 1680 1763 1753 partibus
1786 1681 1928 1754 speciales

421 1786 464 1844 rel
497 1784 651 1860 generales
681 1783 760 1843 dicte
791 1782 870 1842 sedis
899 1784 946 1842 vel
975 1784 1138 1856 legatorum
1167 1783 1230 1841 eius
1362 1781 1401 1839 sit
1430 1799 1610 1856 processum,
1644 1782 1750 1854 quibus
1784 1785 1929 1859 omnibus,

420 1894 609 1962 preterquam
632 1886 811 1945 auctoritate
834 1893 937 1945 nostra
959 1884 1126 1945 huiusmodi
1150 1885 1292 1949 beneficia
1315 1885 1549 1967 expectantibus,
1572 1885 1718 1959 prefatum
1742 1888 1879 1947 clericum
1898 1889 1928 1957 in

420 1994 613 2051 assecucione
647 1991 814 2050 huiusmodi
849 1989 983 2050 beneficii
1016 1992 1149 2049 volumus
1182 1989 1334 2064 anteferri,
1369 1990 1421 2048 sed
1451 1991 1561 2048 nullum
1590 2008 1644 2064 per
1674 1991 1730 2049 boc
1759 1993 1802 2051 eis
1833 1992 1929 2065 quoad

421 2095 641 2154 assecucionem
664 2093 872 2154 beneficiorum
906 2094 1030 2153 aliorum
1063 2093 1258 2168 preiudicium
1290 2093 1436 2168 generari,
1468 2112 1518 2152 scu
1550 2096 1574 2153 si
1605 2095 1713 2153 eisdem
1737 2096 1876 2169 episcopo
1900 2101 1929 2155 ct

421 2200 551 2273 capitulo
574 2200 619 2257 vel
642 2198 794 2271 quibusvis
816 2199 884 2257 aliis
1015 2203 1045 2256 et
1067 2198 1105 2256 ad
1127 2198 1158 2256 id
1181 2197 1325 2271 compelli,
1348 2203 1400 2256 aut
1430 2197 1508 2271 qnod
1539 2199 1687 2274 interdici,
1714 2200 1852 2273 suspendi
1882 2201 1928 2258 vel

421 2303 669 2362 excommunicari
692 2302 898 2376 nonpossint,
921 2303 1056 2375 qnodque
1079 2303 1115 2360 de
1138 2301 1303 2359 huiusmodi
1326 2302 1371 2359 vel
1394 2302 1461 2359 aliis
1483 2300 1634 2361 beneficiis
1660 2303 1869 2363 ecclesiasticis
1891 2304 1929 2362 ad

419 2425 522 2466 eorum
546 2407 735 2466 collacionem
759 2449 842 2465 ....
866 2412 918 2465 aut
941 2407 965 2464 si
989 2407 1085 2465 dietus
1109 2406 1233 2465 clericus
1257 2423 1379 2479 presens
1401 2424 1459 2465 non
1482 2406 1574 2465 fuerit
1595 2407 1634 2465 ad
1650 2409 1860 2480 prestandum.

419 2512 494 2572 illud
516 2517 640 2587 prestet.
648 2507 673 2586 ο)
695 2511 757 2570 Nos
779 2511 857 2570 enim
880 2528 994 2569 exnunc
1017 2511 1139 2584 perinde
1161 2510 1278 2568 irritum
1302 2510 1484 2569 decernimus
1507 2515 1538 2570 et
1559 2511 1656 2586 inane,
1680 2513 1704 2570 si
1729 2530 1814 2571 secus
1841 2529 1929 2586 super

419 2617 478 2676 hiis
501 2634 520 2675 a
543 2633 686 2690 quoquam
709 2615 810 2688 quavis
832 2615 1012 2674 auctoritate
1035 2615 1163 2674 scienter
1185 2616 1230 2673 vel
1254 2615 1425 2690 ignoranter
1456 2616 1613 2689 contigerit
1643 2617 1822 2692 attemptari,
1845 2634 1879 2675 ac
1903 2617 1928 2676 si

418 2738 476 2781 nos
500 2721 549 2779 die
572 2722 639 2781 date
661 2719 845 2794 presencium
868 2719 1034 2778 huiusmodi
1057 2718 1240 2794 beneficium,
1264 2720 1288 2778 si
1313 2719 1391 2792 quod
1414 2725 1484 2778 tunc
1506 2720 1640 2794 vacabat,
1656 2721 1701 2779 vel
1718 2738 1784 2778 cunr
1798 2724 1928 2794 vacaret,

417 2825 499 2899 qnod
527 2825 604 2883 idem
638 2824 764 2883 clericus
787 2824 909 2881 (luceret
931 2828 964 2882 ut
985 2825 1168 2897 premittitur
1189 2826 1412 2898 acceptandum,
1435 2822 1641 2882 conserendum
1665 2824 1721 2883 sibi
1745 2825 1928 2883 duxissemus

417 2929 578 2989 muncioni
600 2929 762 3002 apostolice
786 2944 850 2985 curn
872 2927 1103 3002 interposicione
1126 2929 1238 2987 decreti
1262 2928 1431 3001 specialiter
1453 2928 1671 2987 reservandum.
1706 2922 1745 2986 Ι).
1769 2922 1927 2986 Auiuiouc

418 3029 448 3093 V
470 3027 536 3092 kal.
559 3026 637 3092 Maii
660 3045 688 3091 a.
712 3029 834 3108 quarto.

527 3265 675 3321 Clementis
693 3266 731 3320 Vl
749 3267 782 3320 A.
800 3266 859 3334 lllt
884 3268 939 3336 (76)
959 3267 978 3319 i.
1002 3267 1071 3333 ttt',
1100 3266 1133 3321 de
1155 3266 1296 3322 beneficiis
1324 3282 1385 3319 cunr
1405 3264 1449 3321 rel
1474 3265 1533 3320 sinc
1561 3281 1627 3320 eura
1657 3266 1708 3319 sub
1736 3265 1927 3333 expectatione

418 3371 466 3422 qu.
479 3359 502 3407 ·8
515 3372 549 3406 .-;
562 3353 596 3408 V.
616 3358 665 3407 158
683 3352 702 3408 i.
716 3359 772 3407 416
790 3369 817 3407 n.
837 3358 895 3406 tlt.
914 3353 946 3406 ln
964 3352 1090 3421 registris
1108 3353 1171 3407 anni
1191 3353 1282 3421 quarti
1301 3369 1362 3406 cum
1380 3352 1619 3406 Avenionensibus
1637 3358 1695 3405 tum
1713 3351 1854 3406 Vaticanis
1872 3367 1926 3426 non

416 3442 473 3496 fuit
490 3449 641 3512 repertum.
660 3467 693 3481 ·-
719 3444 743 3510 ⁸)
761 3438 960 3507 ,defendentes‘
978 3441 1012 3492 A.
1040 3440 1064 3504 b)
1082 3439 1232 3507 ,iacientes‘
1246 3441 1280 3494 A.
1306 3439 1554 3505 e),accesseris‘d¹
1582 3439 1606 3505 d)
1619 3454 1689 3493 corr.
1704 3453 1738 3492 ex
1751 3441 1878 3506 ,prestes‘
1893 3440 1926 3491 Δ.

1070 3746 1274 3759 ψ

417 4140 515 4208 608.
546 4137 792 4222 archiepiscopo
816 4137 991 4204 Coloniensi
1013 4137 1188 4201 mandatur
1210 4135 1254 4200 ad
1282 4134 1546 4217 supplicationem
1567 4132 1737 4209 Johnson,
1759 4133 1843 4215 regis
1866 4135 1929 4197 Bo·

414 4244 552 4322 bemiae,
576 4246 732 4325 qnatenus
749 4242 883 4306 chriao
906 4241 944 4304 de
961 4239 1244 4326 Reafferscbeidt,⁸)
1266 4238 1376 4303 clerico
1394 4237 1585 4303 &boniensis
1607 4237 1751 4316 diocesis,
1774 4236 1813 4300 de
1835 4257 1927 4302 cano-

413 4350 533 4414 nicatu
546 4346 698 4412 ccclesiae
718 4346 822 4411 sancti
843 4346 994 4411 Gereonis
1019 4344 1211 4411 Cblonienaia
1231 4344 1289 4409 aab
1313 4343 1526 4427 mactatione
1543 4342 1745 4426 praebendae
1761 4340 1928 4426 prandere

513 4453 677 4536 procurret.
722 4451 775 4526 ,D.
799 4449 957 4515 Aninione
987 4448 1095 4513 Vkal.
1120 4448 1205 4513 Maii
1227 4468 1257 4512 a.
1281 4451 1415 4530 ponor
1461 4447 1576 4511 lbrma
1597 4450 1634 4510 nt
1655 4446 1691 4511 in
1710 4468 1742 4512 n.
1764 4448 1841 4511 304.

1386 4660 1549 4738 sanna,
1574 4662 1658 4726 raso
1679 4659 1808 4744 spato
1828 4663 1881 4727 27.

462 4651 524 4774 ‚l

528 4927 679 4984 Clementis
697 4926 787 4981 VIA.
806 4923 872 4995 lvss
890 4928 946 4994 (al)
964 4924 982 4977 l.
1004 4925 1073 4991 1682
1089 4922 1123 4977 de
1144 4922 1305 4977 canonicatu
1324 4920 1375 4976 sub
1394 4918 1585 4988 expectatione
1605 4918 1780 4989 praebendae
1799 4936 1844 4988 qu.
1864 4925 1926 4972 t:

401 5020 443 5077 v.
469 5022 522 5071 171
541 5014 560 5069 i
579 5018 622 5070 95'
642 5032 669 5068 n.
689 5019 746 5068 163.
766 5044 798 5054 —
826 5016 849 5076 ΙΙ)
867 5010 1075 5081 ,Reylerscheit‘
1093 5012 1126 5063 A.
