<?xml version="1.0" encoding="UTF-8"?>
<!DOCTYPE html PUBLIC "-//W3C//DTD XHTML 1.0 Transitional//EN"
    "http://www.w3.org/TR/xhtml1/DTD/xhtml1-transitional.dtd">
<html xmlns="http://www.w3.org/1999/xhtml" xml:lang="en" lang="en">
 <head>
  <title>
</title>
<meta http-equiv="Content-Type" content="text/html;charset=utf-8" />
  <meta name='ocr-system' content='tesseract 3.04.00' />
  <meta name='ocr-capabilities' content='ocr_page ocr_carea ocr_par ocr_line ocrx_word'/>
</head>
<body>
  <div class='ocr_page' id='page_1' title='image "./monumentavatica01vatigoog_0137.png"; bbox 0 0 5184 7050; ppageno 0'>
   <div class='ocr_carea' id='block_1_1' title="bbox 1876 860 1937 926">
    <p class='ocr_par' dir='ltr' id='par_1_1' title="bbox 1876 860 1937 926">
     <span class='ocr_line' id='line_1_1' title="bbox 1876 860 1937 926; baseline 0.033 -2"><span class='ocrx_word' id='word_1_1' title='bbox 1876 860 1937 926; x_wconf 87' lang='lat' dir='ltr'>llb</span> 
     </span>
    </p>
   </div>
   <div class='ocr_carea' id='block_1_2' title="bbox 414 1060 1933 4683">
    <p class='ocr_par' dir='ltr' id='par_1_2' title="bbox 414 1060 1933 4683">
     <span class='ocr_line' id='line_1_2' title="bbox 419 1060 1933 1143; baseline 0.007 -22"><span class='ocrx_word' id='word_1_2' title='bbox 419 1060 574 1137; x_wconf 81' lang='lat' dir='ltr'>dotatum,</span> <span class='ocrx_word' id='word_1_3' title='bbox 607 1061 773 1124; x_wconf 85' lang='lat' dir='ltr'>consuerit</span> <span class='ocrx_word' id='word_1_4' title='bbox 805 1061 955 1125; x_wconf 88' lang='lat' dir='ltr'>rellorere</span> <span class='ocrx_word' id='word_1_5' title='bbox 987 1063 1019 1125; x_wconf 96' lang='lat' dir='ltr'>in</span> <span class='ocrx_word' id='word_1_6' title='bbox 1051 1063 1273 1143; x_wconf 76' lang='lat' dir='ltr'>spiritualibus</span> <span class='ocrx_word' id='word_1_7' title='bbox 1296 1066 1329 1128; x_wconf 91' lang='lat' dir='ltr'>irr</span> <span class='ocrx_word' id='word_1_8' title='bbox 1360 1065 1565 1131; x_wconf 89' lang='lat' dir='ltr'>multitudine</span> <span class='ocrx_word' id='word_1_9' title='bbox 1595 1067 1809 1131; x_wconf 88' lang='lat' dir='ltr'>rrrirristrorum</span> <span class='ocrx_word' id='word_1_10' title='bbox 1842 1074 1874 1133; x_wconf 92' lang='lat' dir='ltr'>et</span> <span class='ocrx_word' id='word_1_11' title='bbox 1901 1069 1933 1132; x_wconf 88' lang='lat' dir='ltr'>io</span> 
     </span>
     <span class='ocr_line' id='line_1_3' title="bbox 418 1162 1926 1250; baseline 0.005 -22"><span class='ocrx_word' id='word_1_12' title='bbox 418 1162 650 1245; x_wconf 63' lang='lat' dir='ltr'>temporalibus</span> <span class='ocrx_word' id='word_1_13' title='bbox 679 1163 865 1229; x_wconf 83' lang='lat' dir='ltr'>habundare</span> <span class='ocrx_word' id='word_1_14' title='bbox 895 1171 928 1230; x_wconf 89' lang='lat' dir='ltr'>et</span> <span class='ocrx_word' id='word_1_15' title='bbox 959 1167 990 1230; x_wconf 94' lang='lat' dir='ltr'>iu</span> <span class='ocrx_word' id='word_1_16' title='bbox 1020 1185 1068 1245; x_wconf 91' lang='lat' dir='ltr'>eo,</span> <span class='ocrx_word' id='word_1_17' title='bbox 1092 1185 1162 1230; x_wconf 93' lang='lat' dir='ltr'>cum</span> <span class='ocrx_word' id='word_1_18' title='bbox 1189 1168 1286 1232; x_wconf 89' lang='lat' dir='ltr'>sitin</span> <span class='ocrx_word' id='word_1_19' title='bbox 1309 1167 1378 1233; x_wconf 93' lang='lat' dir='ltr'>loco</span> <span class='ocrx_word' id='word_1_20' title='bbox 1402 1168 1529 1250; x_wconf 91' lang='lat' dir='ltr'>publico</span> <span class='ocrx_word' id='word_1_21' title='bbox 1553 1176 1587 1236; x_wconf 87' lang='lat' dir='ltr'>et</span> <span class='ocrx_word' id='word_1_22' title='bbox 1609 1173 1763 1236; x_wconf 92' lang='lat' dir='ltr'>communi</span> <span class='ocrx_word' id='word_1_23' title='bbox 1787 1172 1926 1236; x_wconf 84' lang='lat' dir='ltr'>transitu</span> 
     </span>
     <span class='ocr_line' id='line_1_4' title="bbox 420 1268 1933 1354; baseline 0.005 -22"><span class='ocrx_word' id='word_1_24' title='bbox 420 1268 545 1333; x_wconf 86' lang='lat' dir='ltr'>illarum</span> <span class='ocrx_word' id='word_1_25' title='bbox 570 1269 722 1350; x_wconf 90' lang='lat' dir='ltr'>parcium,</span> <span class='ocrx_word' id='word_1_26' title='bbox 746 1269 837 1333; x_wconf 81' lang='lat' dir='ltr'>iuxta</span> <span class='ocrx_word' id='word_1_27' title='bbox 859 1288 978 1334; x_wconf 91' lang='lat' dir='ltr'>rnorem</span> <span class='ocrx_word' id='word_1_28' title='bbox 1000 1276 1034 1334; x_wconf 89' lang='lat' dir='ltr'>et</span> <span class='ocrx_word' id='word_1_29' title='bbox 1057 1271 1319 1336; x_wconf 90' lang='lat' dir='ltr'>consuetudinem</span> <span class='ocrx_word' id='word_1_30' title='bbox 1340 1272 1458 1354; x_wconf 85' lang='lat' dir='ltr'>prefati</span> <span class='ocrx_word' id='word_1_31' title='bbox 1482 1274 1603 1338; x_wconf 82' lang='lat' dir='ltr'>ordinis</span> <span class='ocrx_word' id='word_1_32' title='bbox 1625 1275 1763 1339; x_wconf 81' lang='lat' dir='ltr'>maxima</span> <span class='ocrx_word' id='word_1_33' title='bbox 1795 1281 1828 1340; x_wconf 90' lang='lat' dir='ltr'>et</span> <span class='ocrx_word' id='word_1_34' title='bbox 1858 1292 1933 1339; x_wconf 94' lang='lat' dir='ltr'>con·</span> 
     </span>
     <span class='ocr_line' id='line_1_5' title="bbox 419 1370 1932 1460; baseline 0.005 -24"><span class='ocrx_word' id='word_1_35' title='bbox 419 1374 510 1437; x_wconf 90' lang='lat' dir='ltr'>tinua</span> <span class='ocrx_word' id='word_1_36' title='bbox 545 1371 751 1454; x_wconf 81' lang='lat' dir='ltr'>hospitalitas</span> <span class='ocrx_word' id='word_1_37' title='bbox 782 1370 976 1439; x_wconf 89' lang='lat' dir='ltr'>infirmorum</span> <span class='ocrx_word' id='word_1_38' title='bbox 998 1381 1031 1439; x_wconf 90' lang='lat' dir='ltr'>et</span> <span class='ocrx_word' id='word_1_39' title='bbox 1053 1394 1229 1458; x_wconf 88' lang='lat' dir='ltr'>pauperum</span> <span class='ocrx_word' id='word_1_40' title='bbox 1252 1382 1285 1441; x_wconf 87' lang='lat' dir='ltr'>et</span> <span class='ocrx_word' id='word_1_41' title='bbox 1308 1377 1479 1442; x_wconf 90' lang='lat' dir='ltr'>multorum</span> <span class='ocrx_word' id='word_1_42' title='bbox 1502 1378 1798 1460; x_wconf 88' lang='lat' dir='ltr'>superveniencium</span> <span class='ocrx_word' id='word_1_43' title='bbox 1820 1379 1932 1444; x_wconf 91' lang='lat' dir='ltr'>obser·-</span> 
     </span>
     <span class='ocr_line' id='line_1_6' title="bbox 422 1476 1932 1564; baseline 0.005 -25"><span class='ocrx_word' id='word_1_44' title='bbox 422 1477 499 1555; x_wconf 86' lang='lat' dir='ltr'>rarr&#39;,</span> <span class='ocrx_word' id='word_1_45' title='bbox 524 1477 683 1559; x_wconf 88' lang='lat' dir='ltr'>quodque,</span> <span class='ocrx_word' id='word_1_46' title='bbox 715 1496 786 1542; x_wconf 91' lang='lat' dir='ltr'>cunr</span> <span class='ocrx_word' id='word_1_47' title='bbox 816 1476 891 1542; x_wconf 90' lang='lat' dir='ltr'>olim</span> <span class='ocrx_word' id='word_1_48' title='bbox 920 1478 1004 1543; x_wconf 84' lang='lat' dir='ltr'>inira</span> <span class='ocrx_word' id='word_1_49' title='bbox 1032 1478 1151 1544; x_wconf 90' lang='lat' dir='ltr'>limites</span> <span class='ocrx_word' id='word_1_50' title='bbox 1180 1480 1349 1560; x_wconf 83' lang='lat' dir='ltr'>parrochie</span> <span class='ocrx_word' id='word_1_51' title='bbox 1379 1481 1513 1546; x_wconf 90' lang='lat' dir='ltr'>ecclesie</span> <span class='ocrx_word' id='word_1_52' title='bbox 1544 1483 1576 1545; x_wconf 90' lang='lat' dir='ltr'>in</span> <span class='ocrx_word' id='word_1_53' title='bbox 1611 1480 1721 1560; x_wconf 89' lang='lat' dir='ltr'>Malin,</span> <span class='ocrx_word' id='word_1_54' title='bbox 1753 1481 1792 1546; x_wconf 89' lang='lat' dir='ltr'>de</span> <span class='ocrx_word' id='word_1_55' title='bbox 1822 1488 1932 1564; x_wconf 89' lang='lat' dir='ltr'>patro·</span> 
     </span>
     <span class='ocr_line' id='line_1_7' title="bbox 420 1581 1928 1667; baseline 0.004 -23"><span class='ocrx_word' id='word_1_56' title='bbox 420 1586 497 1645; x_wconf 90' lang='lat' dir='ltr'>natu</span> <span class='ocrx_word' id='word_1_57' title='bbox 522 1581 651 1647; x_wconf 88' lang='lat' dir='ltr'>abbatis</span> <span class='ocrx_word' id='word_1_58' title='bbox 674 1586 708 1646; x_wconf 88' lang='lat' dir='ltr'>et</span> <span class='ocrx_word' id='word_1_59' title='bbox 730 1587 905 1646; x_wconf 84' lang='lat' dir='ltr'>conventus</span> <span class='ocrx_word' id='word_1_60' title='bbox 928 1582 1005 1647; x_wconf 91' lang='lat' dir='ltr'>dicti</span> <span class='ocrx_word' id='word_1_61' title='bbox 1028 1585 1213 1650; x_wconf 89' lang='lat' dir='ltr'>monasterii</span> <span class='ocrx_word' id='word_1_62' title='bbox 1236 1585 1414 1664; x_wconf 75' lang='lat' dir='ltr'>existentia,</span> <span class='ocrx_word' id='word_1_63' title='bbox 1438 1587 1469 1649; x_wconf 93' lang='lat' dir='ltr'>in</span> <span class='ocrx_word' id='word_1_64' title='bbox 1501 1586 1580 1664; x_wconf 91' lang='lat' dir='ltr'>loco,</span> <span class='ocrx_word' id='word_1_65' title='bbox 1611 1586 1665 1667; x_wconf 85' lang='lat' dir='ltr'>qui</span> <span class='ocrx_word' id='word_1_66' title='bbox 1696 1605 1779 1653; x_wconf 93' lang='lat' dir='ltr'>nunc</span> <span class='ocrx_word' id='word_1_67' title='bbox 1810 1586 1928 1651; x_wconf 87' lang='lat' dir='ltr'>dicitur</span> 
     </span>
     <span class='ocr_line' id='line_1_8' title="bbox 421 1683 1933 1771; baseline 0.002 -21"><span class='ocrx_word' id='word_1_68' title='bbox 421 1683 558 1763; x_wconf 81' lang='lat' dir='ltr'>Chutna,</span> <span class='ocrx_word' id='word_1_69' title='bbox 568 1684 800 1767; x_wconf 77' lang='lat' dir='ltr'>argentifodine</span> <span class='ocrx_word' id='word_1_70' title='bbox 812 1685 940 1750; x_wconf 84' lang='lat' dir='ltr'>invente</span> <span class='ocrx_word' id='word_1_71' title='bbox 956 1691 989 1751; x_wconf 91' lang='lat' dir='ltr'>et</span> <span class='ocrx_word' id='word_1_72' title='bbox 1000 1692 1132 1768; x_wconf 89' lang='lat' dir='ltr'>propter</span> <span class='ocrx_word' id='word_1_73' title='bbox 1146 1689 1407 1754; x_wconf 81' lang='lat' dir='ltr'>numerositatem</span> <span class='ocrx_word' id='word_1_74' title='bbox 1423 1707 1630 1771; x_wconf 87' lang='lat' dir='ltr'>personarum</span> <span class='ocrx_word' id='word_1_75' title='bbox 1646 1689 1722 1754; x_wconf 92' lang='lat' dir='ltr'>illuc</span> <span class='ocrx_word' id='word_1_76' title='bbox 1738 1688 1778 1755; x_wconf 90' lang='lat' dir='ltr'>de</span> <span class='ocrx_word' id='word_1_77' title='bbox 1794 1690 1933 1755; x_wconf 83' lang='lat' dir='ltr'>diver-sis</span> 
     </span>
     <span class='ocr_line' id='line_1_9' title="bbox 420 1788 1928 1880; baseline 0.004 -27"><span class='ocrx_word' id='word_1_78' title='bbox 420 1790 567 1870; x_wconf 88' lang='lat' dir='ltr'>partibus</span> <span class='ocrx_word' id='word_1_79' title='bbox 599 1788 826 1855; x_wconf 88' lang='lat' dir='ltr'>confluencium</span> <span class='ocrx_word' id='word_1_80' title='bbox 861 1796 948 1854; x_wconf 86' lang='lat' dir='ltr'>certe</span> <span class='ocrx_word' id='word_1_81' title='bbox 979 1790 1102 1872; x_wconf 90' lang='lat' dir='ltr'>capelle</span> <span class='ocrx_word' id='word_1_82' title='bbox 1131 1790 1275 1880; x_wconf 67' lang='lat' dir='ltr'>ligneel)</span> <span class='ocrx_word' id='word_1_83' title='bbox 1307 1798 1488 1859; x_wconf 90' lang='lat' dir='ltr'>constructe</span> <span class='ocrx_word' id='word_1_84' title='bbox 1510 1794 1657 1873; x_wconf 83' lang='lat' dir='ltr'>luissent,</span> <span class='ocrx_word' id='word_1_85' title='bbox 1680 1794 1790 1878; x_wconf 84' lang='lat' dir='ltr'>Hynco</span> <span class='ocrx_word' id='word_1_86' title='bbox 1814 1812 1928 1875; x_wconf 91' lang='lat' dir='ltr'>prepo-</span> 
     </span>
     <span class='ocr_line' id='line_1_10' title="bbox 420 1893 1928 1981; baseline 0.004 -25"><span class='ocrx_word' id='word_1_87' title='bbox 420 1894 511 1971; x_wconf 76' lang='lat' dir='ltr'>situs</span> <span class='ocrx_word' id='word_1_88' title='bbox 535 1893 708 1974; x_wconf 87' lang='lat' dir='ltr'>Woyslous</span> <span class='ocrx_word' id='word_1_89' title='bbox 730 1893 870 1958; x_wconf 89' lang='lat' dir='ltr'>decanus</span> <span class='ocrx_word' id='word_1_90' title='bbox 893 1900 926 1959; x_wconf 93' lang='lat' dir='ltr'>et</span> <span class='ocrx_word' id='word_1_91' title='bbox 954 1893 1092 1960; x_wconf 86' lang='lat' dir='ltr'>Thomas</span> <span class='ocrx_word' id='word_1_92' title='bbox 1119 1895 1363 1963; x_wconf 80' lang='lat' dir='ltr'>archidiaconus</span> <span class='ocrx_word' id='word_1_93' title='bbox 1378 1902 1402 1978; x_wconf 73' lang='lat'>⁰)</span> <span class='ocrx_word' id='word_1_94' title='bbox 1429 1898 1565 1964; x_wconf 89' lang='lat' dir='ltr'>ecclesie</span> <span class='ocrx_word' id='word_1_95' title='bbox 1587 1899 1769 1981; x_wconf 76' lang='lat' dir='ltr'>Progensis</span> <span class='ocrx_word' id='word_1_96' title='bbox 1793 1898 1928 1962; x_wconf 90' lang='lat' dir='ltr'>admini-</span> 
     </span>
     <span class='ocr_line' id='line_1_11' title="bbox 419 1997 1928 2084; baseline 0.004 -24"><span class='ocrx_word' id='word_1_97' title='bbox 419 2003 574 2063; x_wconf 89' lang='lat' dir='ltr'>stratores</span> <span class='ocrx_word' id='word_1_98' title='bbox 599 1999 701 2079; x_wconf 90' lang='lat' dir='ltr'>ipsius</span> <span class='ocrx_word' id='word_1_99' title='bbox 723 1997 859 2064; x_wconf 89' lang='lat' dir='ltr'>ecclesie</span> <span class='ocrx_word' id='word_1_100' title='bbox 881 1999 914 2062; x_wconf 94' lang='lat' dir='ltr'>iu</span> <span class='ocrx_word' id='word_1_101' title='bbox 937 1999 1160 2080; x_wconf 86' lang='lat' dir='ltr'>spiritualibus</span> <span class='ocrx_word' id='word_1_102' title='bbox 1184 2007 1216 2065; x_wconf 90' lang='lat' dir='ltr'>et</span> <span class='ocrx_word' id='word_1_103' title='bbox 1238 2001 1468 2083; x_wconf 85' lang='lat' dir='ltr'>temporalibus</span> <span class='ocrx_word' id='word_1_104' title='bbox 1490 2020 1548 2084; x_wconf 89' lang='lat' dir='ltr'>per</span> <span class='ocrx_word' id='word_1_105' title='bbox 1581 2001 1689 2067; x_wconf 90' lang='lat' dir='ltr'>sedem</span> <span class='ocrx_word' id='word_1_106' title='bbox 1718 2002 1928 2084; x_wconf 89' lang='lat' dir='ltr'>apostolicam</span> 
     </span>
     <span class='ocr_line' id='line_1_12' title="bbox 419 2101 1925 2187; baseline 0.004 -23"><span class='ocrx_word' id='word_1_107' title='bbox 419 2102 576 2185; x_wconf 89' lang='lat' dir='ltr'>deputati,</span> <span class='ocrx_word' id='word_1_108' title='bbox 609 2103 733 2167; x_wconf 89' lang='lat' dir='ltr'>domino</span> <span class='ocrx_word' id='word_1_109' title='bbox 765 2101 921 2181; x_wconf 89' lang='lat' dir='ltr'>Johanne,</span> <span class='ocrx_word' id='word_1_110' title='bbox 953 2104 1103 2185; x_wconf 92' lang='lat' dir='ltr'>episcopo</span> <span class='ocrx_word' id='word_1_111' title='bbox 1133 2105 1296 2187; x_wconf 87' lang='lat' dir='ltr'>Progensi,</span> <span class='ocrx_word' id='word_1_112' title='bbox 1324 2111 1400 2170; x_wconf 90' lang='lat' dir='ltr'>tunc</span> <span class='ocrx_word' id='word_1_113' title='bbox 1423 2106 1464 2170; x_wconf 91' lang='lat' dir='ltr'>ab</span> <span class='ocrx_word' id='word_1_114' title='bbox 1487 2106 1767 2171; x_wconf 86' lang='lat' dir='ltr'>administracione</span> <span class='ocrx_word' id='word_1_115' title='bbox 1790 2104 1925 2170; x_wconf 88' lang='lat' dir='ltr'>ecclesie</span> 
     </span>
     <span class='ocr_line' id='line_1_13' title="bbox 417 2206 1929 2292; baseline 0.003 -22"><span class='ocrx_word' id='word_1_116' title='bbox 417 2207 562 2287; x_wconf 89' lang='lat' dir='ltr'>predicte</span> <span class='ocrx_word' id='word_1_117' title='bbox 585 2226 643 2290; x_wconf 91' lang='lat' dir='ltr'>per</span> <span class='ocrx_word' id='word_1_118' title='bbox 662 2206 796 2272; x_wconf 89' lang='lat' dir='ltr'>eandem</span> <span class='ocrx_word' id='word_1_119' title='bbox 812 2207 922 2271; x_wconf 89' lang='lat' dir='ltr'>sedem</span> <span class='ocrx_word' id='word_1_120' title='bbox 937 2225 1102 2288; x_wconf 90' lang='lat' dir='ltr'>suspenso,</span> <span class='ocrx_word' id='word_1_121' title='bbox 1119 2207 1159 2272; x_wconf 94' lang='lat' dir='ltr'>ad</span> <span class='ocrx_word' id='word_1_122' title='bbox 1176 2209 1331 2292; x_wconf 86' lang='lat' dir='ltr'>supplicis</span> <span class='ocrx_word' id='word_1_123' title='bbox 1346 2210 1516 2291; x_wconf 89' lang='lat' dir='ltr'>peticionis</span> <span class='ocrx_word' id='word_1_124' title='bbox 1532 2211 1722 2275; x_wconf 88' lang='lat' dir='ltr'>instanciam</span> <span class='ocrx_word' id='word_1_125' title='bbox 1735 2208 1761 2291; x_wconf 86' lang='grc' dir='ltr'>ΙΙ)</span> <span class='ocrx_word' id='word_1_126' title='bbox 1783 2209 1929 2292; x_wconf 85' lang='lat' dir='ltr'>magistri</span> 
     </span>
     <span class='ocr_line' id='line_1_14' title="bbox 418 2310 1930 2396; baseline 0.003 -22"><span class='ocrx_word' id='word_1_127' title='bbox 418 2310 530 2390; x_wconf 80' lang='lat' dir='ltr'>Vlrici,</span> <span class='ocrx_word' id='word_1_128' title='bbox 548 2312 678 2394; x_wconf 87' lang='lat' dir='ltr'>plebani</span> <span class='ocrx_word' id='word_1_129' title='bbox 693 2311 835 2376; x_wconf 87' lang='lat' dir='ltr'>eiusdem</span> <span class='ocrx_word' id='word_1_130' title='bbox 857 2311 1001 2389; x_wconf 90' lang='lat' dir='ltr'>ecclesie,</span> <span class='ocrx_word' id='word_1_131' title='bbox 1017 2311 1085 2376; x_wconf 90' lang='lat' dir='ltr'>zelo</span> <span class='ocrx_word' id='word_1_132' title='bbox 1109 2312 1162 2391; x_wconf 92' lang='lat' dir='ltr'>pie</span> <span class='ocrx_word' id='word_1_133' title='bbox 1186 2312 1367 2378; x_wconf 84' lang='lat' dir='ltr'>devocionis</span> <span class='ocrx_word' id='word_1_134' title='bbox 1389 2314 1476 2392; x_wconf 92' lang='lat' dir='ltr'>moti,</span> <span class='ocrx_word' id='word_1_135' title='bbox 1498 2333 1555 2396; x_wconf 88' lang='lat' dir='ltr'>pro</span> <span class='ocrx_word' id='word_1_136' title='bbox 1571 2325 1596 2388; x_wconf 75' lang='lat'>⁰)</span> <span class='ocrx_word' id='word_1_137' title='bbox 1620 2314 1763 2379; x_wconf 89' lang='lat' dir='ltr'>eiusdem</span> <span class='ocrx_word' id='word_1_138' title='bbox 1773 2315 1799 2389; x_wconf 74' lang='lat' dir='ltr'>&#39;l</span> <span class='ocrx_word' id='word_1_139' title='bbox 1822 2331 1930 2378; x_wconf 89' lang='lat' dir='ltr'>mona·</span> 
     </span>
     <span class='ocr_line' id='line_1_15' title="bbox 416 2415 1928 2499; baseline 0 -19"><span class='ocrx_word' id='word_1_140' title='bbox 416 2416 507 2481; x_wconf 87' lang='lat' dir='ltr'>sterii</span> <span class='ocrx_word' id='word_1_141' title='bbox 531 2416 764 2498; x_wconf 88' lang='lat' dir='ltr'>hospitalitatis</span> <span class='ocrx_word' id='word_1_142' title='bbox 788 2422 958 2497; x_wconf 89' lang='lat' dir='ltr'>augmento</span> <span class='ocrx_word' id='word_1_143' title='bbox 982 2415 1115 2494; x_wconf 78' lang='lat' dir='ltr'>fructus</span> <span class='ocrx_word' id='word_1_144' title='bbox 1139 2415 1283 2482; x_wconf 89' lang='lat' dir='ltr'>redditus</span> <span class='ocrx_word' id='word_1_145' title='bbox 1307 2421 1339 2481; x_wconf 90' lang='lat' dir='ltr'>et</span> <span class='ocrx_word' id='word_1_146' title='bbox 1361 2422 1535 2499; x_wconf 84' lang='lat' dir='ltr'>proventus</span> <span class='ocrx_word' id='word_1_147' title='bbox 1565 2417 1722 2482; x_wconf 89' lang='lat' dir='ltr'>dictarum</span> <span class='ocrx_word' id='word_1_148' title='bbox 1754 2416 1928 2499; x_wconf 89' lang='lat' dir='ltr'>capellani-</span> 
     </span>
     <span class='ocr_line' id='line_1_16' title="bbox 415 2518 1931 2603; baseline -0.001 -18"><span class='ocrx_word' id='word_1_149' title='bbox 415 2540 517 2599; x_wconf 89' lang='lat' dir='ltr'>arum,</span> <span class='ocrx_word' id='word_1_150' title='bbox 542 2539 613 2586; x_wconf 89' lang='lat' dir='ltr'>cum</span> <span class='ocrx_word' id='word_1_151' title='bbox 637 2521 707 2603; x_wconf 92' lang='lat' dir='ltr'>ipsa</span> <span class='ocrx_word' id='word_1_152' title='bbox 730 2520 868 2584; x_wconf 87' lang='lat' dir='ltr'>ecclesia</span> <span class='ocrx_word' id='word_1_153' title='bbox 892 2520 924 2583; x_wconf 90' lang='lat' dir='ltr'>in</span> <span class='ocrx_word' id='word_1_154' title='bbox 947 2518 1048 2584; x_wconf 89' lang='lat' dir='ltr'>Malin</span> <span class='ocrx_word' id='word_1_155' title='bbox 1071 2520 1103 2583; x_wconf 92' lang='lat' dir='ltr'>in</span> <span class='ocrx_word' id='word_1_156' title='bbox 1126 2519 1304 2585; x_wconf 87' lang='lat' dir='ltr'>redditibus</span> <span class='ocrx_word' id='word_1_157' title='bbox 1337 2519 1418 2585; x_wconf 88' lang='lat' dir='ltr'>alias</span> <span class='ocrx_word' id='word_1_158' title='bbox 1434 2523 1461 2601; x_wconf 78' lang='lat'>⁸)</span> <span class='ocrx_word' id='word_1_159' title='bbox 1491 2520 1663 2599; x_wconf 88' lang='lat' dir='ltr'>habundet,</span> <span class='ocrx_word' id='word_1_160' title='bbox 1694 2520 1845 2601; x_wconf 90' lang='lat' dir='ltr'>hospitali</span> <span class='ocrx_word' id='word_1_161' title='bbox 1882 2521 1931 2584; x_wconf 94' lang='lat' dir='ltr'>in·</span> 
     </span>
     <span class='ocr_line' id='line_1_17' title="bbox 416 2623 1930 2707; baseline -0.001 -18"><span class='ocrx_word' id='word_1_162' title='bbox 416 2624 580 2690; x_wconf 83' lang='lat' dir='ltr'>firmorum</span> <span class='ocrx_word' id='word_1_163' title='bbox 603 2630 636 2688; x_wconf 92' lang='lat' dir='ltr'>et</span> <span class='ocrx_word' id='word_1_164' title='bbox 658 2643 835 2707; x_wconf 86' lang='lat' dir='ltr'>pauperum</span> <span class='ocrx_word' id='word_1_165' title='bbox 859 2624 1155 2705; x_wconf 79' lang='lat' dir='ltr'>superueniencium</span> <span class='ocrx_word' id='word_1_166' title='bbox 1180 2623 1262 2689; x_wconf 85' lang='lat' dir='ltr'>infra</span> <span class='ocrx_word' id='word_1_167' title='bbox 1286 2631 1379 2706; x_wconf 88' lang='lat' dir='ltr'>septa</span> <span class='ocrx_word' id='word_1_168' title='bbox 1403 2626 1480 2691; x_wconf 93' lang='lat' dir='ltr'>dicti</span> <span class='ocrx_word' id='word_1_169' title='bbox 1499 2625 1686 2690; x_wconf 88' lang='lat' dir='ltr'>monasterii</span> <span class='ocrx_word' id='word_1_170' title='bbox 1701 2624 1874 2689; x_wconf 91' lang='lat' dir='ltr'>constituto</span> <span class='ocrx_word' id='word_1_171' title='bbox 1891 2623 1930 2688; x_wconf 89' lang='lat' dir='ltr'>de</span> 
     </span>
     <span class='ocr_line' id='line_1_18' title="bbox 417 2716 1931 2812; baseline -0.002 -19"><span class='ocrx_word' id='word_1_172' title='bbox 417 2731 523 2812; x_wconf 89' lang='lat' dir='ltr'>ipsius</span> <span class='ocrx_word' id='word_1_173' title='bbox 546 2729 683 2793; x_wconf 83' lang='lat' dir='ltr'>rectoris</span> <span class='ocrx_word' id='word_1_174' title='bbox 706 2745 839 2793; x_wconf 87' lang='lat' dir='ltr'>assensu</span> <span class='ocrx_word' id='word_1_175' title='bbox 864 2745 928 2792; x_wconf 88' lang='lat' dir='ltr'>una</span> <span class='ocrx_word' id='word_1_176' title='bbox 951 2746 1021 2791; x_wconf 89' lang='lat' dir='ltr'>cunr</span> <span class='ocrx_word' id='word_1_177' title='bbox 1042 2727 1181 2810; x_wconf 88' lang='lat' dir='ltr'>capitulo</span> <span class='ocrx_word' id='word_1_178' title='bbox 1198 2726 1341 2793; x_wconf 89' lang='lat' dir='ltr'>eiusdem</span> <span class='ocrx_word' id='word_1_179' title='bbox 1357 2727 1492 2793; x_wconf 90' lang='lat' dir='ltr'>ecclesie</span> <span class='ocrx_word' id='word_1_180' title='bbox 1508 2729 1679 2812; x_wconf 90' lang='lat' dir='ltr'>Pragensis</span> <span class='ocrx_word' id='word_1_181' title='bbox 1694 2716 1931 2809; x_wconf 84' lang='lat' dir='ltr'>inperpetuum</span> 
     </span>
     <span class='ocr_line' id='line_1_19' title="bbox 416 2830 1929 2916; baseline -0.002 -19"><span class='ocrx_word' id='word_1_182' title='bbox 416 2833 621 2916; x_wconf 86' lang='lat' dir='ltr'>applicarunt</span> <span class='ocrx_word' id='word_1_183' title='bbox 643 2837 676 2896; x_wconf 89' lang='lat' dir='ltr'>et</span> <span class='ocrx_word' id='word_1_184' title='bbox 699 2830 877 2910; x_wconf 83' lang='lat' dir='ltr'>voluerunt,</span> <span class='ocrx_word' id='word_1_185' title='bbox 901 2830 984 2913; x_wconf 92' lang='lat' dir='ltr'>quod</span> <span class='ocrx_word' id='word_1_186' title='bbox 1008 2831 1049 2896; x_wconf 93' lang='lat' dir='ltr'>ad</span> <span class='ocrx_word' id='word_1_187' title='bbox 1072 2831 1192 2896; x_wconf 88' lang='lat' dir='ltr'>dictum</span> <span class='ocrx_word' id='word_1_188' title='bbox 1215 2830 1375 2914; x_wconf 88' lang='lat' dir='ltr'>hospitale</span> <span class='ocrx_word' id='word_1_189' title='bbox 1395 2850 1433 2896; x_wconf 87' lang='lat' dir='ltr'>ac</span> <span class='ocrx_word' id='word_1_190' title='bbox 1449 2831 1526 2896; x_wconf 93' lang='lat' dir='ltr'>dicti</span> <span class='ocrx_word' id='word_1_191' title='bbox 1543 2833 1669 2898; x_wconf 87' lang='lat' dir='ltr'>abbatis</span> <span class='ocrx_word' id='word_1_192' title='bbox 1685 2830 1929 2915; x_wconf 87' lang='lat' dir='ltr'>disposicionem</span> 
     </span>
     <span class='ocr_line' id='line_1_20' title="bbox 416 2933 1929 3019; baseline -0.002 -17"><span class='ocrx_word' id='word_1_193' title='bbox 416 2936 565 3002; x_wconf 87' lang='lat' dir='ltr'>redditus</span> <span class='ocrx_word' id='word_1_194' title='bbox 595 2941 630 3000; x_wconf 95' lang='lat' dir='ltr'>et</span> <span class='ocrx_word' id='word_1_195' title='bbox 660 2941 834 3018; x_wconf 85' lang='lat' dir='ltr'>proventus</span> <span class='ocrx_word' id='word_1_196' title='bbox 865 2954 904 2999; x_wconf 93' lang='lat' dir='ltr'>ac</span> <span class='ocrx_word' id='word_1_197' title='bbox 927 2935 1137 3000; x_wconf 90' lang='lat' dir='ltr'>obvonciones</span> <span class='ocrx_word' id='word_1_198' title='bbox 1160 2933 1355 3017; x_wconf 87' lang='lat' dir='ltr'>capellarum</span> <span class='ocrx_word' id='word_1_199' title='bbox 1378 2937 1520 3018; x_wconf 89' lang='lat' dir='ltr'>ipsarum</span> <span class='ocrx_word' id='word_1_200' title='bbox 1543 2942 1698 3019; x_wconf 91' lang='lat' dir='ltr'>perpetuo</span> <span class='ocrx_word' id='word_1_201' title='bbox 1721 2936 1929 3017; x_wconf 84' lang='lat' dir='ltr'>pertinerent,</span> 
     </span>
     <span class='ocr_line' id='line_1_21' title="bbox 416 3038 1927 3123; baseline -0.001 -18"><span class='ocrx_word' id='word_1_202' title='bbox 416 3046 513 3123; x_wconf 90' lang='lat' dir='ltr'>prout</span> <span class='ocrx_word' id='word_1_203' title='bbox 536 3041 569 3104; x_wconf 91' lang='lat' dir='ltr'>in</span> <span class='ocrx_word' id='word_1_204' title='bbox 591 3039 779 3120; x_wconf 89' lang='lat' dir='ltr'>patentibus</span> <span class='ocrx_word' id='word_1_205' title='bbox 801 3038 919 3104; x_wconf 88' lang='lat' dir='ltr'>litteris</span> <span class='ocrx_word' id='word_1_206' title='bbox 943 3039 1114 3104; x_wconf 90' lang='lat' dir='ltr'>eorundem</span> <span class='ocrx_word' id='word_1_207' title='bbox 1136 3040 1429 3106; x_wconf 86' lang='lat' dir='ltr'>administratorum</span> <span class='ocrx_word' id='word_1_208' title='bbox 1452 3046 1487 3106; x_wconf 88' lang='lat' dir='ltr'>et</span> <span class='ocrx_word' id='word_1_209' title='bbox 1509 3040 1641 3122; x_wconf 91' lang='lat' dir='ltr'>capituli</span> <span class='ocrx_word' id='word_1_210' title='bbox 1665 3039 1779 3122; x_wconf 83' lang='lat' dir='ltr'>sigillis</span> <span class='ocrx_word' id='word_1_211' title='bbox 1793 3038 1927 3104; x_wconf 89' lang='lat' dir='ltr'>munitis</span> 
     </span>
     <span class='ocr_line' id='line_1_22' title="bbox 417 3141 1928 3230; baseline -0.002 -21"><span class='ocrx_word' id='word_1_212' title='bbox 417 3145 546 3225; x_wconf 90' lang='lat' dir='ltr'>plenius</span> <span class='ocrx_word' id='word_1_213' title='bbox 560 3142 588 3230; x_wconf 86' lang='grc' dir='ltr'>Ι·)</span> <span class='ocrx_word' id='word_1_214' title='bbox 605 3143 794 3208; x_wconf 88' lang='lat' dir='ltr'>continetur.</span> <span class='ocrx_word' id='word_1_215' title='bbox 807 3142 830 3224; x_wconf 92' lang='grc'>1)</span> <span class='ocrx_word' id='word_1_216' title='bbox 847 3141 927 3207; x_wconf 85' lang='lat' dir='ltr'>Cum</span> <span class='ocrx_word' id='word_1_217' title='bbox 942 3149 1048 3207; x_wconf 90' lang='lat' dir='ltr'>autern</span> <span class='ocrx_word' id='word_1_218' title='bbox 1064 3142 1223 3225; x_wconf 83' lang='lat' dir='ltr'>prefatum</span> <span class='ocrx_word' id='word_1_219' title='bbox 1238 3143 1467 3208; x_wconf 89' lang='lat' dir='ltr'>monasterium</span> <span class='ocrx_word' id='word_1_220' title='bbox 1482 3150 1613 3226; x_wconf 92' lang='lat' dir='ltr'>propter</span> <span class='ocrx_word' id='word_1_221' title='bbox 1628 3143 1832 3208; x_wconf 89' lang='lat' dir='ltr'>sterilitatem</span> <span class='ocrx_word' id='word_1_222' title='bbox 1848 3146 1928 3206; x_wconf 90' lang='lat' dir='ltr'>tenr-</span> 
     </span>
     <span class='ocr_line' id='line_1_23' title="bbox 417 3246 1928 3330; baseline -0.002 -17"><span class='ocrx_word' id='word_1_223' title='bbox 417 3267 541 3330; x_wconf 85' lang='lat' dir='ltr'>porum,</span> <span class='ocrx_word' id='word_1_224' title='bbox 565 3265 663 3313; x_wconf 90' lang='lat' dir='ltr'>onera</span> <span class='ocrx_word' id='word_1_225' title='bbox 693 3247 882 3326; x_wconf 89' lang='lat' dir='ltr'>debitorum,</span> <span class='ocrx_word' id='word_1_226' title='bbox 913 3265 1080 3312; x_wconf 88' lang='lat' dir='ltr'>usurarum</span> <span class='ocrx_word' id='word_1_227' title='bbox 1103 3247 1285 3329; x_wconf 88' lang='lat' dir='ltr'>voraginem</span> <span class='ocrx_word' id='word_1_228' title='bbox 1300 3247 1320 3328; x_wconf 78' lang='lat' dir='ltr'>il</span> <span class='ocrx_word' id='word_1_229' title='bbox 1343 3252 1376 3312; x_wconf 89' lang='lat' dir='ltr'>et</span> <span class='ocrx_word' id='word_1_230' title='bbox 1398 3266 1585 3330; x_wconf 86' lang='lat' dir='ltr'>guerrarum</span> <span class='ocrx_word' id='word_1_231' title='bbox 1600 3246 1620 3328; x_wconf 79' lang='lat'>¹)</span> <span class='ocrx_word' id='word_1_232' title='bbox 1646 3247 1792 3314; x_wconf 90' lang='lat' dir='ltr'>turbines</span> <span class='ocrx_word' id='word_1_233' title='bbox 1816 3264 1928 3329; x_wconf 89' lang='lat' dir='ltr'>super·</span> 
     </span>
     <span class='ocr_line' id='line_1_24' title="bbox 422 3350 1929 3434; baseline -0.001 -19"><span class='ocrx_word' id='word_1_234' title='bbox 422 3354 588 3417; x_wconf 84' lang='lat' dir='ltr'>venientes</span> <span class='ocrx_word' id='word_1_235' title='bbox 601 3370 639 3416; x_wconf 92' lang='lat' dir='ltr'>ac</span> <span class='ocrx_word' id='word_1_236' title='bbox 653 3351 834 3417; x_wconf 87' lang='lat' dir='ltr'>huiusmodi</span> <span class='ocrx_word' id='word_1_237' title='bbox 850 3350 1104 3432; x_wconf 86' lang='lat' dir='ltr'>hospitalitatem</span> <span class='ocrx_word' id='word_1_238' title='bbox 1120 3354 1278 3415; x_wconf 78' lang='lat' dir='ltr'>seruatam</span> <span class='ocrx_word' id='word_1_239' title='bbox 1293 3350 1334 3415; x_wconf 90' lang='lat' dir='ltr'>ad</span> <span class='ocrx_word' id='word_1_240' title='bbox 1347 3356 1469 3416; x_wconf 87' lang='lat' dir='ltr'>tantam</span> <span class='ocrx_word' id='word_1_241' title='bbox 1482 3353 1621 3434; x_wconf 88' lang='lat' dir='ltr'>inopiam</span> <span class='ocrx_word' id='word_1_242' title='bbox 1633 3357 1666 3416; x_wconf 91' lang='lat' dir='ltr'>et</span> <span class='ocrx_word' id='word_1_243' title='bbox 1678 3351 1929 3417; x_wconf 84' lang='lat' dir='ltr'>exinanicionem</span> 
     </span>
     <span class='ocr_line' id='line_1_25' title="bbox 421 3454 1929 3540; baseline -0.001 -20"><span class='ocrx_word' id='word_1_244' title='bbox 421 3456 596 3535; x_wconf 86' lang='lat' dir='ltr'>devenerit,</span> <span class='ocrx_word' id='word_1_245' title='bbox 615 3457 844 3540; x_wconf 89' lang='lat' dir='ltr'>quodpropter</span> <span class='ocrx_word' id='word_1_246' title='bbox 868 3455 1026 3521; x_wconf 84' lang='lat' dir='ltr'>delectum</span> <span class='ocrx_word' id='word_1_247' title='bbox 1049 3455 1302 3520; x_wconf 87' lang='lat' dir='ltr'>necessariorum</span> <span class='ocrx_word' id='word_1_248' title='bbox 1325 3454 1385 3540; x_wconf 90' lang='lat' dir='ltr'>[et]</span> <span class='ocrx_word' id='word_1_249' title='bbox 1401 3457 1435 3539; x_wconf 76' lang='lat'>¹⁰)</span> <span class='ocrx_word' id='word_1_250' title='bbox 1459 3473 1666 3537; x_wconf 86' lang='lat' dir='ltr'>personarum</span> <span class='ocrx_word' id='word_1_251' title='bbox 1684 3454 1784 3538; x_wconf 90' lang='lat' dir='ltr'>ipsius</span> <span class='ocrx_word' id='word_1_252' title='bbox 1807 3454 1840 3519; x_wconf 87' lang='lat' dir='ltr'>in</span> <span class='ocrx_word' id='word_1_253' title='bbox 1862 3473 1929 3518; x_wconf 92' lang='lat' dir='ltr'>mo-</span> 
     </span>
     <span class='ocr_line' id='line_1_26' title="bbox 419 3558 1927 3643; baseline -0.001 -18"><span class='ocrx_word' id='word_1_254' title='bbox 419 3561 531 3627; x_wconf 89' lang='lat' dir='ltr'>nachis</span> <span class='ocrx_word' id='word_1_255' title='bbox 547 3566 581 3626; x_wconf 91' lang='lat' dir='ltr'>et</span> <span class='ocrx_word' id='word_1_256' title='bbox 595 3562 750 3626; x_wconf 87' lang='lat' dir='ltr'>ministris</span> <span class='ocrx_word' id='word_1_257' title='bbox 766 3561 839 3626; x_wconf 89' lang='lat' dir='ltr'>aliis</span> <span class='ocrx_word' id='word_1_258' title='bbox 856 3562 1007 3642; x_wconf 88' lang='lat' dir='ltr'>cultuque</span> <span class='ocrx_word' id='word_1_259' title='bbox 1022 3558 1129 3624; x_wconf 83' lang='lat' dir='ltr'>divino</span> <span class='ocrx_word' id='word_1_260' title='bbox 1145 3566 1195 3625; x_wconf 87' lang='lat' dir='ltr'>est</span> <span class='ocrx_word' id='word_1_261' title='bbox 1210 3559 1380 3643; x_wconf 91' lang='lat' dir='ltr'>plurimum</span> <span class='ocrx_word' id='word_1_262' title='bbox 1396 3560 1585 3625; x_wconf 90' lang='lat' dir='ltr'>diminutum</span> <span class='ocrx_word' id='word_1_263' title='bbox 1602 3565 1634 3623; x_wconf 91' lang='lat' dir='ltr'>et</span> <span class='ocrx_word' id='word_1_264' title='bbox 1650 3561 1682 3623; x_wconf 89' lang='lat' dir='ltr'>in</span> <span class='ocrx_word' id='word_1_265' title='bbox 1698 3558 1927 3640; x_wconf 87' lang='lat' dir='ltr'>temporalibus</span> 
     </span>
     <span class='ocr_line' id='line_1_27' title="bbox 419 3663 1927 3747; baseline -0.002 -17"><span class='ocrx_word' id='word_1_266' title='bbox 419 3666 485 3730; x_wconf 85' lang='lat' dir='ltr'>lere</span> <span class='ocrx_word' id='word_1_267' title='bbox 509 3666 695 3747; x_wconf 91' lang='lat' dir='ltr'>collapsum,</span> <span class='ocrx_word' id='word_1_268' title='bbox 719 3667 765 3730; x_wconf 90' lang='lat' dir='ltr'>ita</span> <span class='ocrx_word' id='word_1_269' title='bbox 787 3666 881 3747; x_wconf 91' lang='lat' dir='ltr'>quod,</span> <span class='ocrx_word' id='word_1_270' title='bbox 905 3665 966 3729; x_wconf 88' lang='lat' dir='ltr'>nisi</span> <span class='ocrx_word' id='word_1_271' title='bbox 990 3664 1020 3730; x_wconf 98' lang='lat' dir='ltr'>S.</span> <span class='ocrx_word' id='word_1_272' title='bbox 1045 3664 1082 3728; x_wconf 89' lang='lat' dir='ltr'>V.</span> <span class='ocrx_word' id='word_1_273' title='bbox 1106 3683 1183 3745; x_wconf 88' lang='lat' dir='ltr'>erga</span> <span class='ocrx_word' id='word_1_274' title='bbox 1205 3663 1283 3727; x_wconf 93' lang='lat' dir='ltr'>illud</span> <span class='ocrx_word' id='word_1_275' title='bbox 1306 3664 1430 3728; x_wconf 89' lang='lat' dir='ltr'>viscera</span> <span class='ocrx_word' id='word_1_276' title='bbox 1464 3668 1597 3744; x_wconf 90' lang='lat' dir='ltr'>paterne</span> <span class='ocrx_word' id='word_1_277' title='bbox 1628 3665 1759 3745; x_wconf 88' lang='lat' dir='ltr'>pietatis</span> <span class='ocrx_word' id='word_1_278' title='bbox 1792 3663 1927 3745; x_wconf 85' lang='lat' dir='ltr'>aperiat,</span> 
     </span>
     <span class='ocr_line' id='line_1_28' title="bbox 421 3765 1926 3852; baseline -0.003 -17"><span class='ocrx_word' id='word_1_279' title='bbox 421 3772 649 3835; x_wconf 78' lang='lat' dir='ltr'>monasterium</span> <span class='ocrx_word' id='word_1_280' title='bbox 680 3770 783 3852; x_wconf 90' lang='lat' dir='ltr'>ipsum</span> <span class='ocrx_word' id='word_1_281' title='bbox 813 3770 854 3833; x_wconf 92' lang='lat' dir='ltr'>ad</span> <span class='ocrx_word' id='word_1_282' title='bbox 886 3773 1004 3832; x_wconf 87' lang='lat' dir='ltr'>statum</span> <span class='ocrx_word' id='word_1_283' title='bbox 1042 3766 1282 3849; x_wconf 89' lang='lat' dir='ltr'>irreparabilem</span> <span class='ocrx_word' id='word_1_284' title='bbox 1320 3765 1512 3847; x_wconf 77' lang='lat' dir='ltr'>deducetur,</span> <span class='ocrx_word' id='word_1_285' title='bbox 1543 3766 1706 3832; x_wconf 89' lang='lat' dir='ltr'>humiliter</span> <span class='ocrx_word' id='word_1_286' title='bbox 1743 3766 1926 3847; x_wconf 87' lang='lat' dir='ltr'>supplicant</span> 
     </span>
     <span class='ocr_line' id='line_1_29' title="bbox 414 3869 1923 3953; baseline -0.002 -16"><span class='ocrx_word' id='word_1_287' title='bbox 414 3874 514 3938; x_wconf 81' lang='lat' dir='ltr'>&#39;iidem</span> <span class='ocrx_word' id='word_1_288' title='bbox 536 3893 604 3951; x_wconf 85' lang='lat' dir='ltr'>rex,</span> <span class='ocrx_word' id='word_1_289' title='bbox 628 3872 768 3939; x_wconf 90' lang='lat' dir='ltr'>rnarchio</span> <span class='ocrx_word' id='word_1_290' title='bbox 791 3873 916 3938; x_wconf 87' lang='lat' dir='ltr'>eteius</span> <span class='ocrx_word' id='word_1_291' title='bbox 939 3889 1077 3950; x_wconf 82' lang='lat' dir='ltr'>consors,</span> <span class='ocrx_word' id='word_1_292' title='bbox 1108 3872 1162 3952; x_wconf 89' lang='lat' dir='ltr'>qui</span> <span class='ocrx_word' id='word_1_293' title='bbox 1192 3869 1351 3953; x_wconf 84' lang='lat' dir='ltr'>prefatum</span> <span class='ocrx_word' id='word_1_294' title='bbox 1374 3871 1610 3950; x_wconf 88' lang='lat' dir='ltr'>monasterium,</span> <span class='ocrx_word' id='word_1_295' title='bbox 1637 3871 1679 3936; x_wconf 90' lang='lat' dir='ltr'>ad</span> <span class='ocrx_word' id='word_1_296' title='bbox 1701 3871 1784 3953; x_wconf 88' lang='lat' dir='ltr'>quod</span> <span class='ocrx_word' id='word_1_297' title='bbox 1808 3875 1923 3952; x_wconf 90' lang='lat' dir='ltr'>gerunt</span> 
     </span>
     <span class='ocr_line' id='line_1_30' title="bbox 421 3974 1925 4059; baseline -0.003 -17"><span class='ocrx_word' id='word_1_298' title='bbox 421 3977 572 4059; x_wconf 88' lang='lat' dir='ltr'>specialis</span> <span class='ocrx_word' id='word_1_299' title='bbox 604 3976 787 4042; x_wconf 90' lang='lat' dir='ltr'>dileccionis</span> <span class='ocrx_word' id='word_1_300' title='bbox 818 3976 975 4055; x_wconf 76' lang='lat' dir='ltr'>allectum,</span> <span class='ocrx_word' id='word_1_301' title='bbox 1006 3975 1191 4040; x_wconf 89' lang='lat' dir='ltr'>desiderant</span> <span class='ocrx_word' id='word_1_302' title='bbox 1220 3974 1386 4039; x_wconf 82' lang='lat' dir='ltr'>reformari</span> <span class='ocrx_word' id='word_1_303' title='bbox 1409 3974 1502 4039; x_wconf 90' lang='lat' dir='ltr'>etad</span> <span class='ocrx_word' id='word_1_304' title='bbox 1525 3975 1641 4040; x_wconf 90' lang='lat' dir='ltr'>bonum</span> <span class='ocrx_word' id='word_1_305' title='bbox 1664 3980 1782 4040; x_wconf 85' lang='lat' dir='ltr'>statum</span> <span class='ocrx_word' id='word_1_306' title='bbox 1804 3974 1925 4053; x_wconf 87' lang='lat' dir='ltr'>reduci,</span> 
     </span>
     <span class='ocr_line' id='line_1_31' title="bbox 421 4077 1927 4162; baseline -0.003 -17"><span class='ocrx_word' id='word_1_307' title='bbox 421 4101 489 4147; x_wconf 89' lang='lat' dir='ltr'>curn</span> <span class='ocrx_word' id='word_1_308' title='bbox 514 4082 633 4147; x_wconf 91' lang='lat' dir='ltr'>abbate</span> <span class='ocrx_word' id='word_1_309' title='bbox 648 4088 681 4146; x_wconf 88' lang='lat' dir='ltr'>et</span> <span class='ocrx_word' id='word_1_310' title='bbox 696 4086 851 4145; x_wconf 89' lang='lat' dir='ltr'>conventu</span> <span class='ocrx_word' id='word_1_311' title='bbox 873 4080 1036 4162; x_wconf 78' lang='lat' dir='ltr'>predictis</span> <span class='ocrx_word' id='word_1_312' title='bbox 1060 4083 1219 4161; x_wconf 89' lang='lat' dir='ltr'>quatenus</span> <span class='ocrx_word' id='word_1_313' title='bbox 1242 4078 1493 4161; x_wconf 88' lang='lat' dir='ltr'>applicacionem</span> <span class='ocrx_word' id='word_1_314' title='bbox 1514 4079 1695 4144; x_wconf 92' lang='lat' dir='ltr'>huiusmodi</span> <span class='ocrx_word' id='word_1_315' title='bbox 1720 4085 1753 4144; x_wconf 90' lang='lat' dir='ltr'>et</span> <span class='ocrx_word' id='word_1_316' title='bbox 1775 4077 1849 4157; x_wconf 90' lang='lat' dir='ltr'>alia,</span> <span class='ocrx_word' id='word_1_317' title='bbox 1866 4095 1927 4159; x_wconf 89' lang='lat' dir='ltr'>que</span> 
     </span>
     <span class='ocr_line' id='line_1_32' title="bbox 419 4179 1928 4268; baseline -0.005 -18"><span class='ocrx_word' id='word_1_318' title='bbox 419 4204 476 4267; x_wconf 88' lang='lat' dir='ltr'>per</span> <span class='ocrx_word' id='word_1_319' title='bbox 499 4188 588 4268; x_wconf 87' lang='lat' dir='ltr'>ipsos</span> <span class='ocrx_word' id='word_1_320' title='bbox 618 4186 894 4250; x_wconf 87' lang='lat' dir='ltr'>administratores</span> <span class='ocrx_word' id='word_1_321' title='bbox 924 4185 1009 4249; x_wconf 86' lang='lat' dir='ltr'>circa</span> <span class='ocrx_word' id='word_1_322' title='bbox 1043 4184 1107 4249; x_wconf 91' lang='lat' dir='ltr'>ista</span> <span class='ocrx_word' id='word_1_323' title='bbox 1140 4182 1180 4245; x_wconf 92' lang='lat' dir='ltr'>de</span> <span class='ocrx_word' id='word_1_324' title='bbox 1214 4200 1370 4247; x_wconf 91' lang='lat' dir='ltr'>consensu</span> <span class='ocrx_word' id='word_1_325' title='bbox 1405 4182 1537 4264; x_wconf 89' lang='lat' dir='ltr'>capituli</span> <span class='ocrx_word' id='word_1_326' title='bbox 1559 4183 1774 4264; x_wconf 87' lang='lat' dir='ltr'>predictorum</span> <span class='ocrx_word' id='word_1_327' title='bbox 1797 4179 1928 4263; x_wconf 86' lang='lat' dir='ltr'>provide</span> 
     </span>
     <span class='ocr_line' id='line_1_33' title="bbox 422 4283 1928 4371; baseline -0.003 -19"><span class='ocrx_word' id='word_1_328' title='bbox 422 4294 453 4353; x_wconf 93' lang='lat' dir='ltr'>et</span> <span class='ocrx_word' id='word_1_329' title='bbox 482 4290 536 4369; x_wconf 91' lang='lat' dir='ltr'>pie</span> <span class='ocrx_word' id='word_1_330' title='bbox 568 4290 655 4355; x_wconf 85' lang='lat' dir='ltr'>facta</span> <span class='ocrx_word' id='word_1_331' title='bbox 678 4295 762 4369; x_wconf 89' lang='lat' dir='ltr'>sunt,</span> <span class='ocrx_word' id='word_1_332' title='bbox 786 4289 956 4371; x_wconf 86' lang='lat' dir='ltr'>dignemini</span> <span class='ocrx_word' id='word_1_333' title='bbox 981 4287 1174 4352; x_wconf 89' lang='lat' dir='ltr'>auctoritate</span> <span class='ocrx_word' id='word_1_334' title='bbox 1197 4286 1374 4367; x_wconf 88' lang='lat' dir='ltr'>apostolica</span> <span class='ocrx_word' id='word_1_335' title='bbox 1397 4305 1437 4351; x_wconf 79' lang='lat' dir='ltr'>ex</span> <span class='ocrx_word' id='word_1_336' title='bbox 1459 4290 1548 4351; x_wconf 88' lang='lat' dir='ltr'>certa</span> <span class='ocrx_word' id='word_1_337' title='bbox 1571 4286 1710 4351; x_wconf 87' lang='lat' dir='ltr'>sciencia</span> <span class='ocrx_word' id='word_1_338' title='bbox 1733 4283 1928 4361; x_wconf 85' lang='lat' dir='ltr'>confirmare,</span> 
     </span>
     <span class='ocr_line' id='line_1_34' title="bbox 421 4387 1928 4458; baseline -0.003 -2"><span class='ocrx_word' id='word_1_339' title='bbox 421 4398 564 4458; x_wconf 90' lang='lat' dir='ltr'>tenorem</span> <span class='ocrx_word' id='word_1_340' title='bbox 587 4392 742 4458; x_wconf 89' lang='lat' dir='ltr'>dictarum</span> <span class='ocrx_word' id='word_1_341' title='bbox 765 4392 945 4457; x_wconf 90' lang='lat' dir='ltr'>litterarum</span> <span class='ocrx_word' id='word_1_342' title='bbox 967 4392 1000 4456; x_wconf 95' lang='lat' dir='ltr'>in</span> <span class='ocrx_word' id='word_1_343' title='bbox 1022 4391 1203 4456; x_wconf 89' lang='lat' dir='ltr'>huiusmodi</span> <span class='ocrx_word' id='word_1_344' title='bbox 1227 4388 1479 4456; x_wconf 82' lang='lat' dir='ltr'>confinnacioms</span> <span class='ocrx_word' id='word_1_345' title='bbox 1499 4394 1605 4455; x_wconf 90' lang='lat' dir='ltr'>vestre</span> <span class='ocrx_word' id='word_1_346' title='bbox 1627 4389 1745 4453; x_wconf 86' lang='lat' dir='ltr'>litteris</span> <span class='ocrx_word' id='word_1_347' title='bbox 1769 4388 1809 4452; x_wconf 90' lang='lat' dir='ltr'>de</span> <span class='ocrx_word' id='word_1_348' title='bbox 1831 4387 1928 4452; x_wconf 90' lang='lat' dir='ltr'>verbo</span> 
     </span>
     <span class='ocr_line' id='line_1_35' title="bbox 423 4490 1926 4578; baseline -0.004 -18"><span class='ocrx_word' id='word_1_349' title='bbox 423 4496 461 4560; x_wconf 89' lang='lat' dir='ltr'>ad</span> <span class='ocrx_word' id='word_1_350' title='bbox 492 4497 624 4561; x_wconf 90' lang='lat' dir='ltr'>verbum</span> <span class='ocrx_word' id='word_1_351' title='bbox 657 4497 755 4562; x_wconf 88' lang='lat' dir='ltr'>inseri</span> <span class='ocrx_word' id='word_1_352' title='bbox 788 4496 953 4577; x_wconf 71' lang='lat' dir='ltr'>facientes</span> <span class='ocrx_word' id='word_1_353' title='bbox 986 4496 1157 4578; x_wconf 87' lang='lat' dir='ltr'>presertim</span> <span class='ocrx_word' id='word_1_354' title='bbox 1190 4514 1261 4559; x_wconf 92' lang='lat' dir='ltr'>cum</span> <span class='ocrx_word' id='word_1_355' title='bbox 1289 4499 1395 4560; x_wconf 87' lang='lat' dir='ltr'>rector</span> <span class='ocrx_word' id='word_1_356' title='bbox 1425 4494 1567 4559; x_wconf 91' lang='lat' dir='ltr'>eiusdem</span> <span class='ocrx_word' id='word_1_357' title='bbox 1596 4491 1732 4557; x_wconf 90' lang='lat' dir='ltr'>ecclesie</span> <span class='ocrx_word' id='word_1_358' title='bbox 1762 4492 1795 4556; x_wconf 92' lang='lat' dir='ltr'>in</span> <span class='ocrx_word' id='word_1_359' title='bbox 1827 4490 1926 4555; x_wconf 88' lang='lat' dir='ltr'>Malin</span> 
     </span>
     <span class='ocr_line' id='line_1_36' title="bbox 423 4599 1124 4683; baseline 0 -18"><span class='ocrx_word' id='word_1_360' title='bbox 423 4619 519 4683; x_wconf 87' lang='lat' dir='ltr'>super</span> <span class='ocrx_word' id='word_1_361' title='bbox 540 4600 601 4665; x_wconf 90' lang='lat' dir='ltr'>boc</span> <span class='ocrx_word' id='word_1_362' title='bbox 622 4601 739 4667; x_wconf 88' lang='lat' dir='ltr'>Vestre</span> <span class='ocrx_word' id='word_1_363' title='bbox 762 4599 920 4683; x_wconf 88' lang='lat' dir='ltr'>supplicet</span> <span class='ocrx_word' id='word_1_364' title='bbox 943 4601 1124 4668; x_wconf 88' lang='lat' dir='ltr'>Sanctitati.</span> 
     </span>
    </p>
   </div>
   <div class='ocr_carea' id='block_1_3' title="bbox 525 4732 1926 4821">
    <p class='ocr_par' dir='ltr' id='par_1_3' title="bbox 525 4732 1926 4821">
     <span class='ocr_line' id='line_1_37' title="bbox 525 4732 1926 4821; baseline -0.004 -18"><span class='ocrx_word' id='word_1_365' title='bbox 525 4738 601 4804; x_wconf 85' lang='lat' dir='ltr'>Fiat</span> <span class='ocrx_word' id='word_1_366' title='bbox 622 4740 659 4804; x_wconf 88' lang='lat' dir='ltr'>R.</span> <span class='ocrx_word' id='word_1_367' title='bbox 682 4740 726 4805; x_wconf 88' lang='lat' dir='ltr'>Et</span> <span class='ocrx_word' id='word_1_368' title='bbox 748 4757 777 4820; x_wconf 85' lang='lat' dir='ltr'>q.</span> <span class='ocrx_word' id='word_1_369' title='bbox 801 4744 823 4803; x_wconf 90' lang='lat' dir='ltr'>t.</span> <span class='ocrx_word' id='word_1_370' title='bbox 848 4758 873 4803; x_wconf 88' lang='lat' dir='ltr'>s.</span> <span class='ocrx_word' id='word_1_371' title='bbox 898 4758 926 4804; x_wconf 90' lang='lat' dir='ltr'>a.</span> <span class='ocrx_word' id='word_1_372' title='bbox 951 4741 971 4804; x_wconf 95' lang='lat' dir='ltr'>l.</span> <span class='ocrx_word' id='word_1_373' title='bbox 995 4740 1068 4806; x_wconf 88' lang='lat' dir='ltr'>Fiat</span> <span class='ocrx_word' id='word_1_374' title='bbox 1090 4739 1165 4821; x_wconf 55' lang='lat' dir='ltr'>lest)</span> <span class='ocrx_word' id='word_1_375' title='bbox 1195 4739 1233 4803; x_wconf 92' lang='lat' dir='ltr'>D.</span> <span class='ocrx_word' id='word_1_376' title='bbox 1257 4740 1416 4804; x_wconf 82' lang='lat' dir='ltr'>huinione</span> <span class='ocrx_word' id='word_1_377' title='bbox 1437 4737 1500 4803; x_wconf 88' lang='lat' dir='ltr'>Vll</span> <span class='ocrx_word' id='word_1_378' title='bbox 1524 4736 1587 4801; x_wconf 85' lang='lat' dir='ltr'>kal.</span> <span class='ocrx_word' id='word_1_379' title='bbox 1610 4735 1700 4801; x_wconf 88' lang='lat' dir='ltr'>Junii</span> <span class='ocrx_word' id='word_1_380' title='bbox 1724 4754 1752 4800; x_wconf 90' lang='lat' dir='ltr'>a.</span> <span class='ocrx_word' id='word_1_381' title='bbox 1777 4732 1926 4800; x_wconf 88' lang='lat' dir='ltr'>secundo.</span> 
     </span>
    </p>
   </div>
   <div class='ocr_carea' id='block_1_4' title="bbox 420 4956 1929 5377">
    <p class='ocr_par' dir='ltr' id='par_1_4' title="bbox 420 4956 1929 5377">
     <span class='ocr_line' id='line_1_38' title="bbox 526 4956 1925 5032; baseline -0.005 -15"><span class='ocrx_word' id='word_1_382' title='bbox 526 4963 675 5017; x_wconf 77' lang='lat' dir='ltr'>Clementis</span> <span class='ocrx_word' id='word_1_383' title='bbox 693 4963 730 5015; x_wconf 90' lang='lat' dir='ltr'>Vl</span> <span class='ocrx_word' id='word_1_384' title='bbox 747 4962 834 5032; x_wconf 71' lang='lat' dir='ltr'>susa</span> <span class='ocrx_word' id='word_1_385' title='bbox 848 4965 887 5031; x_wconf 80' lang='lat' dir='ltr'>(b)</span> <span class='ocrx_word' id='word_1_386' title='bbox 900 4962 918 5017; x_wconf 85' lang='lat' dir='ltr'>l.</span> <span class='ocrx_word' id='word_1_387' title='bbox 931 4966 984 5016; x_wconf 79' lang='lat'>26¹.</span> <span class='ocrx_word' id='word_1_388' title='bbox 1002 4994 1035 5002; x_wconf 91' lang='lat'>-</span> <span class='ocrx_word' id='word_1_389' title='bbox 1062 4965 1085 5029; x_wconf 80' lang='lat'>⁸)</span> <span class='ocrx_word' id='word_1_390' title='bbox 1104 4963 1247 5030; x_wconf 83' lang='lat' dir='ltr'>,Moranie‘</span> <span class='ocrx_word' id='word_1_391' title='bbox 1264 4963 1291 5017; x_wconf 89' lang='lat' dir='ltr'>S.</span> <span class='ocrx_word' id='word_1_392' title='bbox 1318 4962 1343 5028; x_wconf 78' lang='lat' dir='ltr'>b)</span> <span class='ocrx_word' id='word_1_393' title='bbox 1361 4960 1452 5027; x_wconf 87' lang='lat' dir='ltr'>‚linee‘</span> <span class='ocrx_word' id='word_1_394' title='bbox 1471 4958 1497 5014; x_wconf 88' lang='lat' dir='ltr'>S.</span> <span class='ocrx_word' id='word_1_395' title='bbox 1524 4963 1546 5026; x_wconf 63' lang='grc' dir='ltr'>ο)</span> <span class='ocrx_word' id='word_1_396' title='bbox 1566 4959 1764 5027; x_wconf 85' lang='lat' dir='ltr'>,archiaconus‘</span> <span class='ocrx_word' id='word_1_397' title='bbox 1783 4957 1809 5012; x_wconf 87' lang='lat' dir='ltr'>S.</span> <span class='ocrx_word' id='word_1_398' title='bbox 1837 4956 1861 5023; x_wconf 68' lang='lat'>²¹)</span> <span class='ocrx_word' id='word_1_399' title='bbox 1883 4972 1925 5011; x_wconf 88' lang='lat' dir='ltr'>se-</span> 
     </span>
     <span class='ocr_line' id='line_1_39' title="bbox 423 5044 1929 5119; baseline -0.005 -14"><span class='ocrx_word' id='word_1_400' title='bbox 423 5052 515 5119; x_wconf 85' lang='lat' dir='ltr'>quitur</span> <span class='ocrx_word' id='word_1_401' title='bbox 527 5055 570 5119; x_wconf 63' lang='lat' dir='ltr'>,gt</span> <span class='ocrx_word' id='word_1_402' title='bbox 584 5050 633 5105; x_wconf 87' lang='lat' dir='ltr'>sed</span> <span class='ocrx_word' id='word_1_403' title='bbox 651 5047 831 5104; x_wconf 82' lang='lat' dir='ltr'>cancellatum</span> <span class='ocrx_word' id='word_1_404' title='bbox 849 5050 875 5103; x_wconf 86' lang='lat' dir='ltr'>S.</span> <span class='ocrx_word' id='word_1_405' title='bbox 902 5058 925 5116; x_wconf 83' lang='lat'>⁰)</span> <span class='ocrx_word' id='word_1_406' title='bbox 944 5055 1012 5119; x_wconf 87' lang='lat' dir='ltr'>,per‘</span> <span class='ocrx_word' id='word_1_407' title='bbox 1031 5053 1057 5103; x_wconf 86' lang='lat' dir='ltr'>S.</span> <span class='ocrx_word' id='word_1_408' title='bbox 1079 5053 1097 5115; x_wconf 73' lang='lat' dir='ltr'>ll</span> <span class='ocrx_word' id='word_1_409' title='bbox 1118 5050 1242 5117; x_wconf 88' lang='lat' dir='ltr'>sequitur</span> <span class='ocrx_word' id='word_1_410' title='bbox 1254 5046 1423 5116; x_wconf 47' lang='lat' dir='ltr'>,devocionis</span> <span class='ocrx_word' id='word_1_411' title='bbox 1437 5046 1486 5101; x_wconf 87' lang='lat' dir='ltr'>sed</span> <span class='ocrx_word' id='word_1_412' title='bbox 1503 5046 1683 5101; x_wconf 84' lang='lat' dir='ltr'>cancellatum</span> <span class='ocrx_word' id='word_1_413' title='bbox 1702 5049 1728 5099; x_wconf 88' lang='lat' dir='ltr'>S.</span> <span class='ocrx_word' id='word_1_414' title='bbox 1756 5047 1781 5111; x_wconf 78' lang='lat' dir='ltr'>s)</span> <span class='ocrx_word' id='word_1_415' title='bbox 1805 5044 1929 5113; x_wconf 86' lang='lat' dir='ltr'>sequitur</span> 
     </span>
     <span class='ocr_line' id='line_1_40' title="bbox 421 5133 1928 5207; baseline -0.003 -17"><span class='ocrx_word' id='word_1_416' title='bbox 421 5142 503 5207; x_wconf 88' lang='lat' dir='ltr'>,non‘‚</span> <span class='ocrx_word' id='word_1_417' title='bbox 521 5137 572 5192; x_wconf 87' lang='lat' dir='ltr'>sed</span> <span class='ocrx_word' id='word_1_418' title='bbox 590 5136 770 5190; x_wconf 80' lang='lat' dir='ltr'>cancellatum</span> <span class='ocrx_word' id='word_1_419' title='bbox 786 5136 812 5191; x_wconf 88' lang='lat' dir='ltr'>S.</span> <span class='ocrx_word' id='word_1_420' title='bbox 839 5137 864 5203; x_wconf 80' lang='lat' dir='ltr'>b)</span> <span class='ocrx_word' id='word_1_421' title='bbox 883 5144 1037 5191; x_wconf 89' lang='lat' dir='ltr'>correctum</span> <span class='ocrx_word' id='word_1_422' title='bbox 1056 5153 1091 5191; x_wconf 84' lang='lat' dir='ltr'>ex</span> <span class='ocrx_word' id='word_1_423' title='bbox 1109 5136 1215 5205; x_wconf 85' lang='lat' dir='ltr'>,pleins‘</span> <span class='ocrx_word' id='word_1_424' title='bbox 1242 5135 1268 5187; x_wconf 89' lang='lat' dir='ltr'>S.</span> <span class='ocrx_word' id='word_1_425' title='bbox 1298 5139 1315 5199; x_wconf 72' lang='lat'>¹)</span> <span class='ocrx_word' id='word_1_426' title='bbox 1343 5141 1495 5187; x_wconf 88' lang='lat' dir='ltr'>correctum</span> <span class='ocrx_word' id='word_1_427' title='bbox 1520 5149 1554 5186; x_wconf 85' lang='lat' dir='ltr'>ex</span> <span class='ocrx_word' id='word_1_428' title='bbox 1579 5133 1741 5202; x_wconf 83' lang='lat' dir='ltr'>,voragines‘</span> <span class='ocrx_word' id='word_1_429' title='bbox 1767 5133 1793 5185; x_wconf 85' lang='lat' dir='ltr'>S.</span> <span class='ocrx_word' id='word_1_430' title='bbox 1820 5133 1840 5200; x_wconf 83' lang='lat'>¹)</span> <span class='ocrx_word' id='word_1_431' title='bbox 1859 5146 1928 5200; x_wconf 87' lang='lat' dir='ltr'>,ger-</span> 
     </span>
     <span class='ocr_line' id='line_1_41' title="bbox 420 5217 1927 5293; baseline -0.004 -15"><span class='ocrx_word' id='word_1_432' title='bbox 420 5229 520 5278; x_wconf 85' lang='lat' dir='ltr'>rarum‘</span> <span class='ocrx_word' id='word_1_433' title='bbox 533 5223 560 5277; x_wconf 89' lang='lat' dir='ltr'>S.</span> <span class='ocrx_word' id='word_1_434' title='bbox 587 5224 619 5290; x_wconf 69' lang='grc' dir='ltr'>ΙΙ’)</span> <span class='ocrx_word' id='word_1_435' title='bbox 638 5221 716 5277; x_wconf 84' lang='lat' dir='ltr'>deest</span> <span class='ocrx_word' id='word_1_436' title='bbox 727 5224 755 5277; x_wconf 90' lang='lat' dir='ltr'>in</span> <span class='ocrx_word' id='word_1_437' title='bbox 767 5223 802 5291; x_wconf 88' lang='grc'>8.,</span> <span class='ocrx_word' id='word_1_438' title='bbox 816 5224 975 5293; x_wconf 86' lang='lat' dir='ltr'>suppletum</span> <span class='ocrx_word' id='word_1_439' title='bbox 989 5225 1023 5279; x_wconf 86' lang='lat' dir='ltr'>ab</span> <span class='ocrx_word' id='word_1_440' title='bbox 1037 5223 1151 5278; x_wconf 84' lang='lat' dir='ltr'>editore.</span> <span class='ocrx_word' id='word_1_441' title='bbox 1162 5253 1195 5261; x_wconf 91' lang='lat'>-</span> <span class='ocrx_word' id='word_1_442' title='bbox 1210 5223 1229 5289; x_wconf 83' lang='lat'>¹)</span> <span class='ocrx_word' id='word_1_443' title='bbox 1241 5220 1349 5274; x_wconf 87' lang='lat' dir='ltr'>litteras</span> <span class='ocrx_word' id='word_1_444' title='bbox 1369 5217 1542 5288; x_wconf 88' lang='lat' dir='ltr'>supradictas</span> <span class='ocrx_word' id='word_1_445' title='bbox 1560 5218 1622 5274; x_wconf 86' lang='lat' dir='ltr'>ride</span> <span class='ocrx_word' id='word_1_446' title='bbox 1635 5220 1663 5272; x_wconf 92' lang='lat' dir='ltr'>in</span> <span class='ocrx_word' id='word_1_447' title='bbox 1677 5217 1815 5273; x_wconf 76' lang='lat' dir='ltr'>Romul</span> <span class='ocrx_word' id='word_1_448' title='bbox 1829 5236 1854 5272; x_wconf 93' lang='lat' dir='ltr'>n.</span> <span class='ocrx_word' id='word_1_449' title='bbox 1866 5223 1927 5274; x_wconf 84' lang='grc'><strong>969.</strong></span> 
     </span>
     <span class='ocr_line' id='line_1_42' title="bbox 422 5311 649 5377; baseline -0.009 -13"><span class='ocrx_word' id='word_1_450' title='bbox 422 5312 443 5377; x_wconf 71' lang='lat'>‘)</span> <span class='ocrx_word' id='word_1_451' title='bbox 461 5311 525 5364; x_wconf 85' lang='lat' dir='ltr'>vide</span> <span class='ocrx_word' id='word_1_452' title='bbox 543 5327 571 5364; x_wconf 89' lang='lat' dir='ltr'>rr.</span> <span class='ocrx_word' id='word_1_453' title='bbox 589 5314 649 5362; x_wconf 73' lang='lat'>207.</span> 
     </span>
    </p>
   </div>
   <div class='ocr_carea' id='block_1_5' title="bbox 0 0 2596 7044">
    <p class='ocr_par' dir='ltr' id='par_1_5' title="bbox 0 0 2596 7044">
     <span class='ocr_line' id='line_1_43' title="bbox 0 0 2596 7044; baseline 0 0"><span class='ocrx_word' id='word_1_454' title='bbox 0 0 2596 7044; x_wconf 95' lang='lat' dir='ltr'> </span> 
     </span>
    </p>
   </div>
  </div>
 </body>
</html>
