<?xml version="1.0" encoding="UTF-8"?>
<!DOCTYPE html PUBLIC "-//W3C//DTD XHTML 1.0 Transitional//EN"
    "http://www.w3.org/TR/xhtml1/DTD/xhtml1-transitional.dtd">
<html xmlns="http://www.w3.org/1999/xhtml" xml:lang="en" lang="en">
 <head>
  <title>
</title>
<meta http-equiv="Content-Type" content="text/html;charset=utf-8" />
  <meta name='ocr-system' content='tesseract 3.04.00' />
  <meta name='ocr-capabilities' content='ocr_page ocr_carea ocr_par ocr_line ocrx_word'/>
</head>
<body>
  <div class='ocr_page' id='page_1' title='image "./monumentavatica01vatigoog_0073.png"; bbox 0 0 5184 7050; ppageno 0'>
   <div class='ocr_carea' id='block_1_1' title="bbox 1779 885 1931 979">
    <p class='ocr_par' dir='ltr' id='par_1_1' title="bbox 1779 885 1931 979">
     <span class='ocr_line' id='line_1_1' title="bbox 1779 885 1931 979; baseline -0.013 -29"><span class='ocrx_word' id='word_1_1' title='bbox 1779 885 1931 979; x_wconf 23' lang='lat' dir='ltr'>,co</span> 
     </span>
    </p>
   </div>
   <div class='ocr_carea' id='block_1_2' title="bbox 441 1085 1930 1370">
    <p class='ocr_par' dir='ltr' id='par_1_2' title="bbox 441 1085 1930 1370">
     <span class='ocr_line' id='line_1_2' title="bbox 441 1085 1929 1165; baseline 0.007 -19"><span class='ocrx_word' id='word_1_2' title='bbox 441 1104 494 1147; x_wconf 85' lang='lat' dir='ltr'>rum</span> <span class='ocrx_word' id='word_1_3' title='bbox 513 1085 750 1165; x_wconf 84' lang='lat' dir='ltr'>acceptacione,</span> <span class='ocrx_word' id='word_1_4' title='bbox 774 1087 1003 1165; x_wconf 86' lang='lat' dir='ltr'>reservacione,</span> <span class='ocrx_word' id='word_1_5' title='bbox 1035 1087 1187 1152; x_wconf 80' lang='lat' dir='ltr'><strong>anteferri</strong></span> <span class='ocrx_word' id='word_1_6' title='bbox 1218 1093 1250 1151; x_wconf 87' lang='lat' dir='ltr'>et</span> <span class='ocrx_word' id='word_1_7' title='bbox 1281 1088 1354 1151; x_wconf 90' lang='lat' dir='ltr'>aliis</span> <span class='ocrx_word' id='word_1_8' title='bbox 1385 1088 1538 1153; x_wconf 79' lang='lat' dir='ltr'>clausulis</span> <span class='ocrx_word' id='word_1_9' title='bbox 1569 1092 1603 1153; x_wconf 87' lang='lat' dir='ltr'>et</span> <span class='ocrx_word' id='word_1_10' title='bbox 1632 1110 1694 1155; x_wconf 92' lang='lat' dir='ltr'>non</span> <span class='ocrx_word' id='word_1_11' title='bbox 1727 1092 1929 1157; x_wconf 80' lang='lat' dir='ltr'>obstantibus</span> 
     </span>
     <span class='ocr_line' id='line_1_3' title="bbox 442 1188 1930 1279; baseline 0.008 -28"><span class='ocrx_word' id='word_1_12' title='bbox 442 1188 583 1268; x_wconf 77' lang='lat' dir='ltr'>oportunis</span> <span class='ocrx_word' id='word_1_13' title='bbox 607 1192 642 1251; x_wconf 88' lang='lat' dir='ltr'>et</span> <span class='ocrx_word' id='word_1_14' title='bbox 665 1190 902 1269; x_wconf 81' lang='lat' dir='ltr'>executoribus,</span> <span class='ocrx_word' id='word_1_15' title='bbox 925 1208 982 1256; x_wconf 88' lang='lat' dir='ltr'>seu</span> <span class='ocrx_word' id='word_1_16' title='bbox 1006 1192 1090 1273; x_wconf 91' lang='lat' dir='ltr'>qued</span> <span class='ocrx_word' id='word_1_17' title='bbox 1113 1192 1281 1257; x_wconf 89' lang='lat' dir='ltr'>ecclesiam</span> <span class='ocrx_word' id='word_1_18' title='bbox 1304 1193 1536 1274; x_wconf 77' lang='lat' dir='ltr'>parrochialem</span> <span class='ocrx_word' id='word_1_19' title='bbox 1559 1194 1741 1276; x_wconf 82' lang='lat' dir='ltr'>inLipnitz,</span> <span class='ocrx_word' id='word_1_20' title='bbox 1759 1195 1930 1279; x_wconf 87' lang='lat' dir='ltr'>Progensis</span> 
     </span>
     <span class='ocr_line' id='line_1_4' title="bbox 444 1291 916 1370; baseline 0.011 -15"><span class='ocrx_word' id='word_1_21' title='bbox 444 1291 570 1370; x_wconf 85' lang='lat' dir='ltr'>diocesis,</span> <span class='ocrx_word' id='word_1_22' title='bbox 593 1294 740 1359; x_wconf 88' lang='lat' dir='ltr'>noscitur</span> <span class='ocrx_word' id='word_1_23' title='bbox 763 1295 916 1360; x_wconf 89' lang='lat' dir='ltr'>obtinere.</span> 
     </span>
    </p>
   </div>
   <div class='ocr_carea' id='block_1_3' title="bbox 523 1448 1931 1539">
    <p class='ocr_par' dir='ltr' id='par_1_3' title="bbox 523 1448 1931 1539">
     <span class='ocr_line' id='line_1_5' title="bbox 523 1448 1931 1539; baseline 0.007 -27"><span class='ocrx_word' id='word_1_24' title='bbox 523 1448 595 1512; x_wconf 85' lang='lat' dir='ltr'>Fiat</span> <span class='ocrx_word' id='word_1_25' title='bbox 626 1467 730 1531; x_wconf 90' lang='lat' dir='ltr'>usque</span> <span class='ocrx_word' id='word_1_26' title='bbox 761 1450 801 1515; x_wconf 89' lang='lat' dir='ltr'>ad</span> <span class='ocrx_word' id='word_1_27' title='bbox 833 1468 987 1517; x_wconf 89' lang='lat' dir='ltr'>summam</span> <span class='ocrx_word' id='word_1_28' title='bbox 1016 1454 1248 1535; x_wconf 79' lang='lat' dir='ltr'>quinquaginta</span> <span class='ocrx_word' id='word_1_29' title='bbox 1277 1472 1456 1519; x_wconf 83' lang='lat' dir='ltr'>marcarum</span> <span class='ocrx_word' id='word_1_30' title='bbox 1492 1474 1562 1519; x_wconf 93' lang='lat' dir='ltr'>cum</span> <span class='ocrx_word' id='word_1_31' title='bbox 1597 1473 1683 1533; x_wconf 84' lang='lat' dir='ltr'>cura,</span> <span class='ocrx_word' id='word_1_32' title='bbox 1719 1456 1931 1539; x_wconf 88' lang='lat' dir='ltr'>quadraginta</span> 
     </span>
    </p>
   </div>
   <div class='ocr_carea' id='block_1_4' title="bbox 444 1552 1928 1740">
    <p class='ocr_par' dir='ltr' id='par_1_4' title="bbox 444 1552 1928 1740">
     <span class='ocr_line' id='line_1_6' title="bbox 444 1552 1928 1640; baseline 0.006 -25"><span class='ocrx_word' id='word_1_33' title='bbox 444 1552 496 1616; x_wconf 84' lang='lat' dir='ltr'>aine</span> <span class='ocrx_word' id='word_1_34' title='bbox 515 1572 589 1617; x_wconf 90' lang='lat' dir='ltr'>cura</span> <span class='ocrx_word' id='word_1_35' title='bbox 613 1552 650 1617; x_wconf 89' lang='lat' dir='ltr'>R.</span> <span class='ocrx_word' id='word_1_36' title='bbox 687 1554 732 1619; x_wconf 88' lang='lat' dir='ltr'>Et</span> <span class='ocrx_word' id='word_1_37' title='bbox 755 1574 784 1636; x_wconf 92' lang='lat' dir='ltr'>q.</span> <span class='ocrx_word' id='word_1_38' title='bbox 808 1558 830 1620; x_wconf 89' lang='lat' dir='ltr'>t.</span> <span class='ocrx_word' id='word_1_39' title='bbox 855 1573 879 1620; x_wconf 91' lang='lat' dir='ltr'>s.</span> <span class='ocrx_word' id='word_1_40' title='bbox 905 1575 933 1621; x_wconf 88' lang='lat' dir='ltr'>a.</span> <span class='ocrx_word' id='word_1_41' title='bbox 957 1556 977 1622; x_wconf 92' lang='lat' dir='ltr'>l.</span> <span class='ocrx_word' id='word_1_42' title='bbox 1011 1557 1087 1622; x_wconf 86' lang='lat' dir='ltr'>Fiat</span> <span class='ocrx_word' id='word_1_43' title='bbox 1108 1558 1145 1622; x_wconf 88' lang='lat' dir='ltr'>R.</span> <span class='ocrx_word' id='word_1_44' title='bbox 1180 1559 1219 1622; x_wconf 92' lang='lat' dir='ltr'>D.</span> <span class='ocrx_word' id='word_1_45' title='bbox 1245 1557 1331 1640; x_wconf 88' lang='lat' dir='ltr'>apud</span> <span class='ocrx_word' id='word_1_46' title='bbox 1353 1558 1598 1638; x_wconf 88' lang='lat' dir='ltr'>Villamnouam,</span> <span class='ocrx_word' id='word_1_47' title='bbox 1621 1561 1659 1624; x_wconf 88' lang='lat' dir='ltr'>A.</span> <span class='ocrx_word' id='word_1_48' title='bbox 1683 1559 1724 1639; x_wconf 92' lang='lat' dir='ltr'>d.,</span> <span class='ocrx_word' id='word_1_49' title='bbox 1748 1558 1842 1627; x_wconf 81' lang='lat' dir='ltr'>XVII</span> <span class='ocrx_word' id='word_1_50' title='bbox 1865 1560 1928 1625; x_wconf 89' lang='lat' dir='ltr'>kal.</span> 
     </span>
     <span class='ocr_line' id='line_1_7' title="bbox 446 1654 809 1740; baseline 0.008 -21"><span class='ocrx_word' id='word_1_51' title='bbox 446 1654 619 1736; x_wconf 73' lang='lat' dir='ltr'>Septembris</span> <span class='ocrx_word' id='word_1_52' title='bbox 642 1676 671 1721; x_wconf 91' lang='lat' dir='ltr'>a.</span> <span class='ocrx_word' id='word_1_53' title='bbox 696 1658 809 1740; x_wconf 82' lang='lat' dir='ltr'>primo.</span> 
     </span>
    </p>
   </div>
   <div class='ocr_carea' id='block_1_5' title="bbox 525 1869 1015 1948">
    <p class='ocr_par' dir='ltr' id='par_1_5' title="bbox 525 1869 1015 1948">
     <span class='ocr_line' id='line_1_8' title="bbox 525 1869 1015 1948; baseline 0.014 -22"><span class='ocrx_word' id='word_1_54' title='bbox 525 1869 676 1929; x_wconf 83' lang='lat' dir='ltr'>Clementis</span> <span class='ocrx_word' id='word_1_55' title='bbox 695 1872 735 1928; x_wconf 88' lang='lat' dir='ltr'>VI</span> <span class='ocrx_word' id='word_1_56' title='bbox 753 1871 772 1928; x_wconf 86' lang='lat' dir='ltr'>S</span> <span class='ocrx_word' id='word_1_57' title='bbox 789 1874 831 1948; x_wconf 73' lang='lat' dir='ltr'>Ill</span> <span class='ocrx_word' id='word_1_58' title='bbox 850 1877 889 1947; x_wconf 89' lang='lat'>(1)</span> <span class='ocrx_word' id='word_1_59' title='bbox 907 1875 926 1931; x_wconf 76' lang='lat' dir='ltr'>l</span> <span class='ocrx_word' id='word_1_60' title='bbox 947 1881 1015 1935; x_wconf 71' lang='lat' dir='ltr'>lad.</span> 
     </span>
    </p>
   </div>
   <div class='ocr_carea' id='block_1_6' title="bbox 446 2360 1929 2554">
    <p class='ocr_par' dir='ltr' id='par_1_6' title="bbox 446 2360 1929 2554">
     <span class='ocr_line' id='line_1_9' title="bbox 446 2360 1929 2452; baseline 0.003 -27"><span class='ocrx_word' id='word_1_61' title='bbox 446 2360 489 2425; x_wconf 79' lang='lat' dir='ltr'>m.</span> <span class='ocrx_word' id='word_1_62' title='bbox 509 2363 689 2427; x_wconf 81' lang='lat' dir='ltr'>Hermanno</span> <span class='ocrx_word' id='word_1_63' title='bbox 713 2365 752 2429; x_wconf 85' lang='lat' dir='ltr'>de</span> <span class='ocrx_word' id='word_1_64' title='bbox 776 2367 985 2450; x_wconf 76' lang='lat' dir='ltr'>Koeoipsberp</span> <span class='ocrx_word' id='word_1_65' title='bbox 1012 2368 1200 2452; x_wconf 77' lang='lat' dir='ltr'>providetur</span> <span class='ocrx_word' id='word_1_66' title='bbox 1229 2367 1267 2433; x_wconf 84' lang='lat' dir='ltr'>de</span> <span class='ocrx_word' id='word_1_67' title='bbox 1288 2368 1479 2433; x_wconf 74' lang='lat' dir='ltr'>canonicato</span> <span class='ocrx_word' id='word_1_68' title='bbox 1503 2366 1653 2432; x_wconf 83' lang='lat' dir='ltr'>ecclesiae</span> <span class='ocrx_word' id='word_1_69' title='bbox 1675 2368 1849 2449; x_wconf 76' lang='lat' dir='ltr'>Pragensis</span> <span class='ocrx_word' id='word_1_70' title='bbox 1872 2365 1929 2432; x_wconf 83' lang='lat' dir='ltr'>sab</span> 
     </span>
     <span class='ocr_line' id='line_1_10' title="bbox 651 2470 1700 2554; baseline 0.002 -20"><span class='ocrx_word' id='word_1_71' title='bbox 651 2472 869 2553; x_wconf 71' lang='lat' dir='ltr'>expectatione</span> <span class='ocrx_word' id='word_1_72' title='bbox 885 2470 1090 2554; x_wconf 79' lang='lat' dir='ltr'>praebendae</span> <span class='ocrx_word' id='word_1_73' title='bbox 1111 2477 1142 2537; x_wconf 80' lang='lat' dir='ltr'>et</span> <span class='ocrx_word' id='word_1_74' title='bbox 1163 2472 1341 2554; x_wconf 72' lang='lat' dir='ltr'>dignitatis.</span> <span class='ocrx_word' id='word_1_75' title='bbox 1365 2474 1480 2537; x_wconf 83' lang='lat' dir='ltr'>Forma</span> <span class='ocrx_word' id='word_1_76' title='bbox 1503 2476 1539 2535; x_wconf 79' lang='lat' dir='ltr'>ot</span> <span class='ocrx_word' id='word_1_77' title='bbox 1560 2472 1596 2537; x_wconf 82' lang='lat' dir='ltr'>in</span> <span class='ocrx_word' id='word_1_78' title='bbox 1617 2493 1648 2536; x_wconf 84' lang='lat' dir='ltr'>n.</span> <span class='ocrx_word' id='word_1_79' title='bbox 1670 2474 1700 2536; x_wconf 89' lang='grc'>6.</span> 
     </span>
    </p>
   </div>
   <div class='ocr_carea' id='block_1_7' title="bbox 477 2666 1884 2781">
    <p class='ocr_par' dir='ltr' id='par_1_7' title="bbox 477 2666 1884 2781">
     <span class='ocr_line' id='line_1_11' title="bbox 477 2666 1884 2781; baseline -0.009 -4"><span class='ocrx_word' id='word_1_80' title='bbox 477 2693 517 2780; x_wconf 69' lang='grc' dir='ltr'>,ἶ</span> <span class='ocrx_word' id='word_1_81' title='bbox 535 2666 583 2781; x_wconf 42' lang='lat' dir='ltr'>ff.</span> <span class='ocrx_word' id='word_1_82' title='bbox 1180 2697 1276 2781; x_wconf 66' lang='lat' dir='ltr'>Aaou</span> <span class='ocrx_word' id='word_1_83' title='bbox 1308 2693 1543 2775; x_wconf 69' lang='lat' dir='ltr'>leamoooanq</span> <span class='ocrx_word' id='word_1_84' title='bbox 1565 2701 1652 2766; x_wconf 77' lang='lat'><em>1342</em></span> <span class='ocrx_word' id='word_1_85' title='bbox 1673 2698 1812 2781; x_wconf 68' lang='lat' dir='ltr'>degredi</span> <span class='ocrx_word' id='word_1_86' title='bbox 1831 2700 1884 2764; x_wconf 88' lang='grc'>16.</span> 
     </span>
    </p>
   </div>
   <div class='ocr_carea' id='block_1_8' title="bbox 529 2921 2033 3008">
    <p class='ocr_par' dir='ltr' id='par_1_8' title="bbox 529 2921 2033 3008">
     <span class='ocr_line' id='line_1_12' title="bbox 529 2921 2033 3008; baseline 0.003 -22"><span class='ocrx_word' id='word_1_87' title='bbox 529 2921 608 2987; x_wconf 89' lang='grc'><strong>1).1.</strong></span> <span class='ocrx_word' id='word_1_88' title='bbox 633 2924 817 2988; x_wconf 88' lang='lat' dir='ltr'>Hermanno</span> <span class='ocrx_word' id='word_1_89' title='bbox 848 2925 1006 3007; x_wconf 89' lang='lat' dir='ltr'>quondam</span> <span class='ocrx_word' id='word_1_90' title='bbox 1029 2926 1204 2991; x_wconf 90' lang='lat' dir='ltr'>Hermanui</span> <span class='ocrx_word' id='word_1_91' title='bbox 1234 2926 1274 2992; x_wconf 92' lang='lat' dir='ltr'>de</span> <span class='ocrx_word' id='word_1_92' title='bbox 1304 2925 1556 3008; x_wconf 89' lang='lat' dir='ltr'>Kuniugsberch,</span> <span class='ocrx_word' id='word_1_93' title='bbox 1592 2926 1742 2990; x_wconf 88' lang='lat' dir='ltr'>canonico</span> <span class='ocrx_word' id='word_1_94' title='bbox 1766 2925 1928 3008; x_wconf 74' lang='lat' dir='ltr'>pingensi,</span> <span class='ocrx_word' id='word_1_95' title='bbox 2031 2976 2033 2982; x_wconf 89' lang='lat'><em>.</em></span> 
     </span>
    </p>
   </div>
   <div class='ocr_carea' id='block_1_9' title="bbox 431 3027 1930 4672">
    <p class='ocr_par' dir='ltr' id='par_1_9' title="bbox 431 3027 1930 4672">
     <span class='ocr_line' id='line_1_13' title="bbox 446 3027 1929 3112; baseline 0.006 -27"><span class='ocrx_word' id='word_1_96' title='bbox 446 3041 463 3084; x_wconf 86' lang='lat' dir='ltr'>s.</span> <span class='ocrx_word' id='word_1_97' title='bbox 482 3031 535 3089; x_wconf 89' lang='lat' dir='ltr'>etc.</span> <span class='ocrx_word' id='word_1_98' title='bbox 558 3027 724 3092; x_wconf 82' lang='lat' dir='ltr'>Attributa</span> <span class='ocrx_word' id='word_1_99' title='bbox 747 3028 807 3092; x_wconf 90' lang='lat' dir='ltr'>tibi</span> <span class='ocrx_word' id='word_1_100' title='bbox 830 3030 944 3094; x_wconf 87' lang='lat' dir='ltr'>merita</span> <span class='ocrx_word' id='word_1_101' title='bbox 966 3030 1138 3112; x_wconf 85' lang='lat' dir='ltr'>probitatis</span> <span class='ocrx_word' id='word_1_102' title='bbox 1161 3080 1168 3094; x_wconf 91' lang='lat'><strong>.</strong></span> <span class='ocrx_word' id='word_1_103' title='bbox 1193 3081 1200 3094; x_wconf 92' lang='lat'><strong>.</strong></span> <span class='ocrx_word' id='word_1_104' title='bbox 1225 3082 1232 3094; x_wconf 93' lang='lat'><strong>.</strong></span> <span class='ocrx_word' id='word_1_105' title='bbox 1259 3080 1265 3093; x_wconf 94' lang='lat'><em>.</em></span> <span class='ocrx_word' id='word_1_106' title='bbox 1296 3030 1449 3095; x_wconf 90' lang='lat' dir='ltr'>Volentos</span> <span class='ocrx_word' id='word_1_107' title='bbox 1471 3030 1581 3111; x_wconf 89' lang='lat' dir='ltr'>itaque</span> <span class='ocrx_word' id='word_1_108' title='bbox 1609 3030 1679 3108; x_wconf 93' lang='lat' dir='ltr'>tibi,</span> <span class='ocrx_word' id='word_1_109' title='bbox 1710 3029 1743 3093; x_wconf 92' lang='lat' dir='ltr'>in</span> <span class='ocrx_word' id='word_1_110' title='bbox 1764 3031 1929 3111; x_wconf 85' lang='lat' dir='ltr'>presbyte-</span> 
     </span>
     <span class='ocr_line' id='line_1_14' title="bbox 444 3130 1927 3216; baseline 0.005 -26"><span class='ocrx_word' id='word_1_111' title='bbox 444 3132 516 3192; x_wconf 85' lang='lat' dir='ltr'>ratus</span> <span class='ocrx_word' id='word_1_112' title='bbox 538 3130 648 3196; x_wconf 92' lang='lat' dir='ltr'>ordine</span> <span class='ocrx_word' id='word_1_113' title='bbox 671 3133 855 3212; x_wconf 89' lang='lat' dir='ltr'>constituto,</span> <span class='ocrx_word' id='word_1_114' title='bbox 879 3153 909 3216; x_wconf 92' lang='lat' dir='ltr'>p.</span> <span class='ocrx_word' id='word_1_115' title='bbox 934 3133 954 3198; x_wconf 93' lang='lat' dir='ltr'>i.</span> <span class='ocrx_word' id='word_1_116' title='bbox 978 3154 1006 3216; x_wconf 92' lang='lat' dir='ltr'>g.</span> <span class='ocrx_word' id='word_1_117' title='bbox 1030 3132 1052 3198; x_wconf 85' lang='lat' dir='ltr'>f.</span> <span class='ocrx_word' id='word_1_118' title='bbox 1077 3152 1112 3212; x_wconf 90' lang='lat' dir='ltr'>s.,</span> <span class='ocrx_word' id='word_1_119' title='bbox 1144 3134 1365 3198; x_wconf 90' lang='lat' dir='ltr'>canonicatum</span> <span class='ocrx_word' id='word_1_120' title='bbox 1395 3134 1530 3197; x_wconf 87' lang='lat' dir='ltr'>ecclesie</span> <span class='ocrx_word' id='word_1_121' title='bbox 1554 3134 1726 3215; x_wconf 90' lang='lat' dir='ltr'>Pragensis</span> <span class='ocrx_word' id='word_1_122' title='bbox 1753 3151 1778 3197; x_wconf 90' lang='lat' dir='ltr'>c.</span> <span class='ocrx_word' id='word_1_123' title='bbox 1802 3151 1832 3214; x_wconf 88' lang='lat' dir='ltr'>p.</span> <span class='ocrx_word' id='word_1_124' title='bbox 1856 3133 1876 3198; x_wconf 88' lang='lat' dir='ltr'>i.</span> <span class='ocrx_word' id='word_1_125' title='bbox 1901 3152 1927 3197; x_wconf 91' lang='lat' dir='ltr'>c.</span> 
     </span>
     <span class='ocr_line' id='line_1_15' title="bbox 444 3235 1930 3319; baseline 0.006 -28"><span class='ocrx_word' id='word_1_126' title='bbox 444 3247 464 3293; x_wconf 91' lang='grc'>1.</span> <span class='ocrx_word' id='word_1_127' title='bbox 484 3236 503 3296; x_wconf 84' lang='grc'>1.</span> <span class='ocrx_word' id='word_1_128' title='bbox 527 3252 554 3297; x_wconf 89' lang='lat' dir='ltr'>a.</span> <span class='ocrx_word' id='word_1_129' title='bbox 578 3235 770 3301; x_wconf 85' lang='lat' dir='ltr'>conferimus</span> <span class='ocrx_word' id='word_1_130' title='bbox 793 3243 825 3300; x_wconf 87' lang='lat' dir='ltr'>et</span> <span class='ocrx_word' id='word_1_131' title='bbox 837 3238 1039 3319; x_wconf 83' lang='lat' dir='ltr'>providemus</span> <span class='ocrx_word' id='word_1_132' title='bbox 1062 3238 1164 3302; x_wconf 90' lang='lat' dir='ltr'>eciam</span> <span class='ocrx_word' id='word_1_133' title='bbox 1187 3238 1226 3302; x_wconf 91' lang='lat' dir='ltr'>de</span> <span class='ocrx_word' id='word_1_134' title='bbox 1239 3238 1359 3315; x_wconf 89' lang='lat' dir='ltr'>eodem,</span> <span class='ocrx_word' id='word_1_135' title='bbox 1382 3236 1576 3319; x_wconf 90' lang='lat' dir='ltr'>prebendam</span> <span class='ocrx_word' id='word_1_136' title='bbox 1598 3255 1672 3301; x_wconf 90' lang='lat' dir='ltr'>vero</span> <span class='ocrx_word' id='word_1_137' title='bbox 1684 3254 1805 3300; x_wconf 89' lang='lat' dir='ltr'>necnon</span> <span class='ocrx_word' id='word_1_138' title='bbox 1828 3236 1930 3318; x_wconf 91' lang='lat' dir='ltr'>digni·</span> 
     </span>
     <span class='ocr_line' id='line_1_16' title="bbox 442 3337 1929 3422; baseline 0.005 -26"><span class='ocrx_word' id='word_1_139' title='bbox 442 3337 524 3399; x_wconf 86' lang='lat' dir='ltr'>tatem</span> <span class='ocrx_word' id='word_1_140' title='bbox 546 3339 595 3404; x_wconf 80' lang='lat' dir='ltr'>rel</span> <span class='ocrx_word' id='word_1_141' title='bbox 620 3345 825 3421; x_wconf 82' lang='lat' dir='ltr'>personatum</span> <span class='ocrx_word' id='word_1_142' title='bbox 848 3360 905 3407; x_wconf 88' lang='lat' dir='ltr'>seu</span> <span class='ocrx_word' id='word_1_143' title='bbox 928 3340 1066 3407; x_wconf 88' lang='lat' dir='ltr'>officium</span> <span class='ocrx_word' id='word_1_144' title='bbox 1090 3360 1161 3405; x_wconf 91' lang='lat' dir='ltr'>cnm</span> <span class='ocrx_word' id='word_1_145' title='bbox 1183 3361 1261 3406; x_wconf 89' lang='lat' dir='ltr'>cura</span> <span class='ocrx_word' id='word_1_146' title='bbox 1284 3341 1333 3405; x_wconf 85' lang='lat' dir='ltr'>vel</span> <span class='ocrx_word' id='word_1_147' title='bbox 1357 3343 1425 3406; x_wconf 91' lang='lat' dir='ltr'>sine</span> <span class='ocrx_word' id='word_1_148' title='bbox 1449 3359 1535 3421; x_wconf 87' lang='lat' dir='ltr'>cura,</span> <span class='ocrx_word' id='word_1_149' title='bbox 1562 3341 1652 3405; x_wconf 89' lang='lat' dir='ltr'>cuius</span> <span class='ocrx_word' id='word_1_150' title='bbox 1675 3339 1803 3421; x_wconf 92' lang='lat' dir='ltr'>quidem</span> <span class='ocrx_word' id='word_1_151' title='bbox 1826 3340 1929 3422; x_wconf 89' lang='lat' dir='ltr'>digni-</span> 
     </span>
     <span class='ocr_line' id='line_1_17' title="bbox 441 3441 1929 3531; baseline 0.004 -29"><span class='ocrx_word' id='word_1_152' title='bbox 441 3441 503 3504; x_wconf 85' lang='lat' dir='ltr'>tatis</span> <span class='ocrx_word' id='word_1_153' title='bbox 526 3443 575 3507; x_wconf 83' lang='lat' dir='ltr'>rel</span> <span class='ocrx_word' id='word_1_154' title='bbox 597 3451 790 3525; x_wconf 82' lang='lat' dir='ltr'>personatus</span> <span class='ocrx_word' id='word_1_155' title='bbox 819 3465 876 3510; x_wconf 88' lang='lat' dir='ltr'>seu</span> <span class='ocrx_word' id='word_1_156' title='bbox 907 3444 1003 3531; x_wconf 80' lang='lat' dir='ltr'>officii</span> <span class='ocrx_word' id='word_1_157' title='bbox 1038 3446 1179 3527; x_wconf 88' lang='lat' dir='ltr'>collacio,</span> <span class='ocrx_word' id='word_1_158' title='bbox 1213 3447 1364 3529; x_wconf 83' lang='lat' dir='ltr'>provisio,</span> <span class='ocrx_word' id='word_1_159' title='bbox 1398 3446 1597 3529; x_wconf 88' lang='lat' dir='ltr'>presentacio</span> <span class='ocrx_word' id='word_1_160' title='bbox 1632 3463 1688 3510; x_wconf 89' lang='lat' dir='ltr'>seu</span> <span class='ocrx_word' id='word_1_161' title='bbox 1723 3444 1834 3526; x_wconf 82' lang='lat' dir='ltr'>quevis</span> <span class='ocrx_word' id='word_1_162' title='bbox 1865 3444 1929 3508; x_wconf 88' lang='lat' dir='ltr'>alia</span> 
     </span>
     <span class='ocr_line' id='line_1_18' title="bbox 439 3542 1929 3633; baseline 0.005 -27"><span class='ocrx_word' id='word_1_163' title='bbox 439 3542 594 3627; x_wconf 80' lang='lat' dir='ltr'>disposicio</span> <span class='ocrx_word' id='word_1_164' title='bbox 619 3548 710 3612; x_wconf 87' lang='lat' dir='ltr'>adv.</span> <span class='ocrx_word' id='word_1_165' title='bbox 735 3549 810 3614; x_wconf 78' lang='grc'><strong>111.</strong></span> <span class='ocrx_word' id='word_1_166' title='bbox 835 3600 841 3613; x_wconf 92' lang='lat'><em>.</em></span> <span class='ocrx_word' id='word_1_167' title='bbox 868 3600 875 3614; x_wconf 94' lang='lat'><strong>.</strong></span> <span class='ocrx_word' id='word_1_168' title='bbox 899 3551 1082 3633; x_wconf 91' lang='lat' dir='ltr'>episcopum</span> <span class='ocrx_word' id='word_1_169' title='bbox 1106 3556 1138 3615; x_wconf 90' lang='lat' dir='ltr'>et</span> <span class='ocrx_word' id='word_1_170' title='bbox 1168 3550 1220 3614; x_wconf 91' lang='lat' dir='ltr'>dd.</span> <span class='ocrx_word' id='word_1_171' title='bbox 1250 3549 1281 3616; x_wconf 83' lang='lat' dir='ltr'>ff.</span> <span class='ocrx_word' id='word_1_172' title='bbox 1314 3551 1468 3614; x_wconf 90' lang='lat' dir='ltr'>decanum</span> <span class='ocrx_word' id='word_1_173' title='bbox 1498 3554 1531 3614; x_wconf 94' lang='lat' dir='ltr'>et</span> <span class='ocrx_word' id='word_1_174' title='bbox 1565 3548 1738 3632; x_wconf 91' lang='lat' dir='ltr'>capitulum</span> <span class='ocrx_word' id='word_1_175' title='bbox 1768 3549 1929 3632; x_wconf 90' lang='lat' dir='ltr'>Pragense</span> 
     </span>
     <span class='ocr_line' id='line_1_19' title="bbox 438 3652 1928 3737; baseline 0.003 -25"><span class='ocrx_word' id='word_1_176' title='bbox 438 3652 632 3715; x_wconf 84' lang='lat' dir='ltr'>monnuniter</span> <span class='ocrx_word' id='word_1_177' title='bbox 653 3652 703 3716; x_wconf 84' lang='lat' dir='ltr'>uel</span> <span class='ocrx_word' id='word_1_178' title='bbox 726 3652 852 3719; x_wconf 85' lang='lat' dir='ltr'>divisim</span> <span class='ocrx_word' id='word_1_179' title='bbox 874 3655 1045 3737; x_wconf 87' lang='lat' dir='ltr'>pertineat,</span> <span class='ocrx_word' id='word_1_180' title='bbox 1068 3656 1096 3719; x_wconf 92' lang='lat' dir='ltr'>si</span> <span class='ocrx_word' id='word_1_181' title='bbox 1119 3673 1180 3737; x_wconf 93' lang='lat' dir='ltr'>que</span> <span class='ocrx_word' id='word_1_182' title='bbox 1204 3655 1253 3719; x_wconf 86' lang='lat' dir='ltr'>rel</span> <span class='ocrx_word' id='word_1_183' title='bbox 1276 3655 1303 3719; x_wconf 93' lang='lat' dir='ltr'>si</span> <span class='ocrx_word' id='word_1_184' title='bbox 1327 3655 1380 3736; x_wconf 93' lang='lat' dir='ltr'>qui</span> <span class='ocrx_word' id='word_1_185' title='bbox 1405 3659 1462 3720; x_wconf 90' lang='lat' dir='ltr'>aut</span> <span class='ocrx_word' id='word_1_186' title='bbox 1483 3655 1512 3718; x_wconf 93' lang='lat' dir='ltr'>si</span> <span class='ocrx_word' id='word_1_187' title='bbox 1534 3672 1597 3735; x_wconf 89' lang='lat' dir='ltr'>qua</span> <span class='ocrx_word' id='word_1_188' title='bbox 1620 3653 1653 3718; x_wconf 91' lang='lat' dir='ltr'>iu</span> <span class='ocrx_word' id='word_1_189' title='bbox 1683 3652 1769 3717; x_wconf 88' lang='lat' dir='ltr'>dicta</span> <span class='ocrx_word' id='word_1_190' title='bbox 1792 3653 1928 3718; x_wconf 88' lang='lat' dir='ltr'>ecclesia</span> 
     </span>
     <span class='ocr_line' id='line_1_20' title="bbox 437 3753 1929 3838; baseline 0.005 -25"><span class='ocrx_word' id='word_1_191' title='bbox 437 3757 539 3816; x_wconf 81' lang='lat' dir='ltr'>recent</span> <span class='ocrx_word' id='word_1_192' title='bbox 561 3753 602 3817; x_wconf 91' lang='lat' dir='ltr'>ad</span> <span class='ocrx_word' id='word_1_193' title='bbox 625 3773 768 3836; x_wconf 71' lang='lat' dir='ltr'>presens</span> <span class='ocrx_word' id='word_1_194' title='bbox 792 3757 842 3821; x_wconf 91' lang='lat' dir='ltr'>vel</span> <span class='ocrx_word' id='word_1_195' title='bbox 865 3777 936 3823; x_wconf 92' lang='lat' dir='ltr'>cum</span> <span class='ocrx_word' id='word_1_196' title='bbox 959 3760 1143 3823; x_wconf 85' lang='lat' dir='ltr'>vacaverint</span> <span class='ocrx_word' id='word_1_197' title='bbox 1145 3809 1280 3838; x_wconf 93' lang='grc'><strong>.....</strong></span> <span class='ocrx_word' id='word_1_198' title='bbox 1313 3758 1520 3823; x_wconf 83' lang='lat' dir='ltr'>conferendas</span> <span class='ocrx_word' id='word_1_199' title='bbox 1550 3757 1599 3821; x_wconf 86' lang='lat' dir='ltr'>rol</span> <span class='ocrx_word' id='word_1_200' title='bbox 1631 3756 1837 3822; x_wconf 87' lang='lat' dir='ltr'>conferendos</span> <span class='ocrx_word' id='word_1_201' title='bbox 1872 3759 1929 3821; x_wconf 91' lang='lat' dir='ltr'>aut</span> 
     </span>
     <span class='ocr_line' id='line_1_21' title="bbox 436 3855 1926 3943; baseline 0.004 -25"><span class='ocrx_word' id='word_1_202' title='bbox 436 3855 616 3922; x_wconf 86' lang='lat' dir='ltr'>conferenda</span> <span class='ocrx_word' id='word_1_203' title='bbox 637 3860 696 3924; x_wconf 89' lang='lat' dir='ltr'>tibi</span> <span class='ocrx_word' id='word_1_204' title='bbox 720 3911 726 3924; x_wconf 94' lang='lat'>.</span> <span class='ocrx_word' id='word_1_205' title='bbox 752 3913 758 3925; x_wconf 96' lang='lat'>.</span> <span class='ocrx_word' id='word_1_206' title='bbox 784 3913 790 3926; x_wconf 95' lang='lat'><strong><em>.</em></strong></span> <span class='ocrx_word' id='word_1_207' title='bbox 816 3913 823 3926; x_wconf 92' lang='lat'><strong>.</strong></span> <span class='ocrx_word' id='word_1_208' title='bbox 848 3863 878 3927; x_wconf 91' lang='lat' dir='ltr'>d.</span> <span class='ocrx_word' id='word_1_209' title='bbox 895 3881 923 3926; x_wconf 90' lang='lat' dir='ltr'>a.</span> <span class='ocrx_word' id='word_1_210' title='bbox 947 3881 1147 3928; x_wconf 75' lang='lat' dir='ltr'>reservamus</span> <span class='ocrx_word' id='word_1_211' title='bbox 1171 3915 1178 3928; x_wconf 93' lang='lat'><em>.</em></span> <span class='ocrx_word' id='word_1_212' title='bbox 1204 3915 1210 3927; x_wconf 94' lang='lat'>.</span> <span class='ocrx_word' id='word_1_213' title='bbox 1235 3915 1241 3928; x_wconf 92' lang='lat'>.</span> <span class='ocrx_word' id='word_1_214' title='bbox 1267 3883 1293 3943; x_wconf 92' lang='lat'>.;</span> <span class='ocrx_word' id='word_1_215' title='bbox 1317 3882 1379 3927; x_wconf 93' lang='lat' dir='ltr'>non</span> <span class='ocrx_word' id='word_1_216' title='bbox 1402 3863 1603 3928; x_wconf 87' lang='lat' dir='ltr'>obstantibus</span> <span class='ocrx_word' id='word_1_217' title='bbox 1626 3911 1633 3925; x_wconf 87' lang='lat'><strong>.</strong></span> <span class='ocrx_word' id='word_1_218' title='bbox 1659 3912 1666 3925; x_wconf 93' lang='lat'><strong>.</strong></span> <span class='ocrx_word' id='word_1_219' title='bbox 1692 3911 1698 3924; x_wconf 95' lang='lat'><em>.</em></span> <span class='ocrx_word' id='word_1_220' title='bbox 1724 3911 1730 3924; x_wconf 95' lang='lat'><em>.</em></span> <span class='ocrx_word' id='word_1_221' title='bbox 1762 3879 1819 3926; x_wconf 87' lang='lat' dir='ltr'>seu</span> <span class='ocrx_word' id='word_1_222' title='bbox 1843 3860 1926 3942; x_wconf 91' lang='lat' dir='ltr'>quod</span> 
     </span>
     <span class='ocr_line' id='line_1_22' title="bbox 433 3962 1924 4048; baseline 0.003 -24"><span class='ocrx_word' id='word_1_223' title='bbox 433 3962 653 4038; x_wconf 81' lang='lat' dir='ltr'>parrochialem</span> <span class='ocrx_word' id='word_1_224' title='bbox 676 3966 844 4030; x_wconf 87' lang='lat' dir='ltr'>ecclesiam</span> <span class='ocrx_word' id='word_1_225' title='bbox 867 3968 899 4030; x_wconf 94' lang='lat' dir='ltr'>in</span> <span class='ocrx_word' id='word_1_226' title='bbox 922 3967 1013 4032; x_wconf 87' lang='lat' dir='ltr'>Luna</span> <span class='ocrx_word' id='word_1_227' title='bbox 1036 3969 1070 4030; x_wconf 90' lang='lat' dir='ltr'>et</span> <span class='ocrx_word' id='word_1_228' title='bbox 1092 3968 1124 4030; x_wconf 94' lang='lat' dir='ltr'>in</span> <span class='ocrx_word' id='word_1_229' title='bbox 1143 3968 1280 4033; x_wconf 89' lang='lat' dir='ltr'>ecclesia</span> <span class='ocrx_word' id='word_1_230' title='bbox 1296 3966 1561 4048; x_wconf 78' lang='lat' dir='ltr'>wissegradensi,</span> <span class='ocrx_word' id='word_1_231' title='bbox 1584 3965 1754 4048; x_wconf 86' lang='lat' dir='ltr'>Progensis</span> <span class='ocrx_word' id='word_1_232' title='bbox 1778 3964 1924 4042; x_wconf 91' lang='lat' dir='ltr'>diocesis,</span> 
     </span>
     <span class='ocr_line' id='line_1_23' title="bbox 434 4067 1928 4153; baseline 0.004 -27"><span class='ocrx_word' id='word_1_233' title='bbox 434 4067 646 4131; x_wconf 85' lang='lat' dir='ltr'>canonicatum</span> <span class='ocrx_word' id='word_1_234' title='bbox 671 4071 731 4133; x_wconf 89' lang='lat' dir='ltr'>sub</span> <span class='ocrx_word' id='word_1_235' title='bbox 757 4071 984 4152; x_wconf 81' lang='lat' dir='ltr'>expectacione</span> <span class='ocrx_word' id='word_1_236' title='bbox 1009 4071 1169 4153; x_wconf 83' lang='lat' dir='ltr'>prebende</span> <span class='ocrx_word' id='word_1_237' title='bbox 1193 4091 1231 4135; x_wconf 91' lang='lat' dir='ltr'>ac</span> <span class='ocrx_word' id='word_1_238' title='bbox 1256 4072 1415 4153; x_wconf 88' lang='lat' dir='ltr'>quoddam</span> <span class='ocrx_word' id='word_1_239' title='bbox 1438 4071 1686 4153; x_wconf 90' lang='lat' dir='ltr'>prestimonium,</span> <span class='ocrx_word' id='word_1_240' title='bbox 1711 4069 1928 4135; x_wconf 81' lang='lat' dir='ltr'>obedienciam</span> 
     </span>
     <span class='ocr_line' id='line_1_24' title="bbox 432 4168 1928 4255; baseline 0.003 -24"><span class='ocrx_word' id='word_1_241' title='bbox 432 4168 599 4252; x_wconf 74' lang='lat' dir='ltr'>uulgariter</span> <span class='ocrx_word' id='word_1_242' title='bbox 622 4172 827 4253; x_wconf 87' lang='lat' dir='ltr'>appellatum,</span> <span class='ocrx_word' id='word_1_243' title='bbox 854 4176 994 4240; x_wconf 90' lang='lat' dir='ltr'>nosceris</span> <span class='ocrx_word' id='word_1_244' title='bbox 1021 4176 1173 4241; x_wconf 90' lang='lat' dir='ltr'>obtinere.</span> <span class='ocrx_word' id='word_1_245' title='bbox 1198 4175 1351 4239; x_wconf 87' lang='lat' dir='ltr'>Volumus</span> <span class='ocrx_word' id='word_1_246' title='bbox 1370 4178 1487 4252; x_wconf 92' lang='lat' dir='ltr'>autem,</span> <span class='ocrx_word' id='word_1_247' title='bbox 1512 4173 1606 4255; x_wconf 90' lang='lat' dir='ltr'>quod,</span> <span class='ocrx_word' id='word_1_248' title='bbox 1627 4179 1797 4254; x_wconf 89' lang='lat' dir='ltr'>postquam</span> <span class='ocrx_word' id='word_1_249' title='bbox 1820 4172 1928 4254; x_wconf 86' lang='lat' dir='ltr'>vigore</span> 
     </span>
     <span class='ocr_line' id='line_1_25' title="bbox 431 4274 1929 4362; baseline 0.002 -25"><span class='ocrx_word' id='word_1_250' title='bbox 431 4275 580 4351; x_wconf 89' lang='lat' dir='ltr'>presentis</span> <span class='ocrx_word' id='word_1_251' title='bbox 612 4276 719 4357; x_wconf 84' lang='lat' dir='ltr'>gracie</span> <span class='ocrx_word' id='word_1_252' title='bbox 751 4277 931 4344; x_wconf 87' lang='lat' dir='ltr'>huiusmodi</span> <span class='ocrx_word' id='word_1_253' title='bbox 963 4279 1129 4362; x_wconf 87' lang='lat' dir='ltr'>dignitatis</span> <span class='ocrx_word' id='word_1_254' title='bbox 1162 4279 1212 4344; x_wconf 85' lang='lat' dir='ltr'>rel</span> <span class='ocrx_word' id='word_1_255' title='bbox 1245 4283 1436 4361; x_wconf 89' lang='lat' dir='ltr'>personatus</span> <span class='ocrx_word' id='word_1_256' title='bbox 1466 4296 1523 4343; x_wconf 92' lang='lat' dir='ltr'>seu</span> <span class='ocrx_word' id='word_1_257' title='bbox 1547 4277 1649 4342; x_wconf 90' lang='lat' dir='ltr'>curati</span> <span class='ocrx_word' id='word_1_258' title='bbox 1672 4274 1768 4340; x_wconf 85' lang='lat' dir='ltr'>officii</span> <span class='ocrx_word' id='word_1_259' title='bbox 1792 4294 1849 4357; x_wconf 89' lang='lat' dir='ltr'>per</span> <span class='ocrx_word' id='word_1_260' title='bbox 1872 4293 1929 4340; x_wconf 92' lang='lat' dir='ltr'>nos</span> 
     </span>
     <span class='ocr_line' id='line_1_26' title="bbox 431 4378 1929 4466; baseline 0.001 -25"><span class='ocrx_word' id='word_1_261' title='bbox 431 4383 584 4442; x_wconf 76' lang='lat' dir='ltr'>reservate</span> <span class='ocrx_word' id='word_1_262' title='bbox 608 4378 657 4442; x_wconf 86' lang='lat' dir='ltr'>uel</span> <span class='ocrx_word' id='word_1_263' title='bbox 681 4382 836 4445; x_wconf 82' lang='lat' dir='ltr'>reseruati</span> <span class='ocrx_word' id='word_1_264' title='bbox 866 4383 1098 4464; x_wconf 90' lang='lat' dir='ltr'>possessionem</span> <span class='ocrx_word' id='word_1_265' title='bbox 1128 4383 1294 4466; x_wconf 83' lang='lat' dir='ltr'>pacificam</span> <span class='ocrx_word' id='word_1_266' title='bbox 1324 4383 1423 4448; x_wconf 85' lang='lat' dir='ltr'>fueris</span> <span class='ocrx_word' id='word_1_267' title='bbox 1457 4386 1633 4459; x_wconf 88' lang='lat' dir='ltr'>assecutus,</span> <span class='ocrx_word' id='word_1_268' title='bbox 1656 4380 1832 4463; x_wconf 79' lang='lat' dir='ltr'>predictam</span> <span class='ocrx_word' id='word_1_269' title='bbox 1854 4397 1929 4460; x_wconf 93' lang='lat' dir='ltr'>par-</span> 
     </span>
     <span class='ocr_line' id='line_1_27' title="bbox 432 4483 1928 4569; baseline 0.001 -22"><span class='ocrx_word' id='word_1_270' title='bbox 432 4483 594 4549; x_wconf 87' lang='lat' dir='ltr'>mchialem</span> <span class='ocrx_word' id='word_1_271' title='bbox 618 4484 786 4549; x_wconf 83' lang='lat' dir='ltr'>ecclesiam</span> <span class='ocrx_word' id='word_1_272' title='bbox 809 4486 841 4549; x_wconf 95' lang='lat' dir='ltr'>in</span> <span class='ocrx_word' id='word_1_273' title='bbox 864 4486 965 4565; x_wconf 88' lang='lat' dir='ltr'>Luna,</span> <span class='ocrx_word' id='word_1_274' title='bbox 989 4506 1084 4569; x_wconf 91' lang='lat' dir='ltr'>quam</span> <span class='ocrx_word' id='word_1_275' title='bbox 1107 4493 1223 4552; x_wconf 88' lang='lat' dir='ltr'>extunc</span> <span class='ocrx_word' id='word_1_276' title='bbox 1245 4507 1360 4553; x_wconf 83' lang='lat' dir='ltr'>vacare</span> <span class='ocrx_word' id='word_1_277' title='bbox 1384 4488 1591 4564; x_wconf 87' lang='lat' dir='ltr'>decemimus,</span> <span class='ocrx_word' id='word_1_278' title='bbox 1615 4486 1739 4550; x_wconf 91' lang='lat' dir='ltr'>omnino</span> <span class='ocrx_word' id='word_1_279' title='bbox 1767 4484 1928 4548; x_wconf 89' lang='lat' dir='ltr'>dimittere</span> 
     </span>
     <span class='ocr_line' id='line_1_28' title="bbox 433 4588 1926 4672; baseline -0.001 -21"><span class='ocrx_word' id='word_1_280' title='bbox 433 4590 564 4654; x_wconf 89' lang='lat' dir='ltr'>tenearis</span> <span class='ocrx_word' id='word_1_281' title='bbox 566 4638 704 4654; x_wconf 93' lang='grc'><strong>.....</strong></span> <span class='ocrx_word' id='word_1_282' title='bbox 729 4591 767 4654; x_wconf 91' lang='lat' dir='ltr'>D.</span> <span class='ocrx_word' id='word_1_283' title='bbox 794 4590 878 4671; x_wconf 88' lang='lat' dir='ltr'>apud</span> <span class='ocrx_word' id='word_1_284' title='bbox 902 4591 1145 4671; x_wconf 89' lang='lat' dir='ltr'>Villanmouam,</span> <span class='ocrx_word' id='word_1_285' title='bbox 1169 4593 1206 4656; x_wconf 83' lang='grc' dir='ltr'>Α.</span> <span class='ocrx_word' id='word_1_286' title='bbox 1238 4593 1278 4669; x_wconf 87' lang='lat' dir='ltr'>d,</span> <span class='ocrx_word' id='word_1_287' title='bbox 1309 4592 1402 4657; x_wconf 86' lang='lat' dir='ltr'>XVII</span> <span class='ocrx_word' id='word_1_288' title='bbox 1432 4590 1496 4656; x_wconf 92' lang='lat' dir='ltr'>kal.</span> <span class='ocrx_word' id='word_1_289' title='bbox 1531 4589 1726 4672; x_wconf 84' lang='lat' dir='ltr'>Septembris</span> <span class='ocrx_word' id='word_1_290' title='bbox 1757 4609 1785 4653; x_wconf 93' lang='lat' dir='ltr'>a.</span> <span class='ocrx_word' id='word_1_291' title='bbox 1816 4588 1926 4670; x_wconf 92' lang='lat' dir='ltr'>primo.</span> 
     </span>
    </p>
   </div>
   <div class='ocr_carea' id='block_1_10' title="bbox 434 4725 1928 5019">
    <p class='ocr_par' dir='ltr' id='par_1_10' title="bbox 434 4725 1928 5019">
     <span class='ocr_line' id='line_1_29' title="bbox 523 4725 1927 4810; baseline -0.001 -17"><span class='ocrx_word' id='word_1_292' title='bbox 523 4729 560 4793; x_wconf 94' lang='lat' dir='ltr'>ln</span> <span class='ocrx_word' id='word_1_293' title='bbox 583 4749 611 4794; x_wconf 87' lang='lat' dir='ltr'>e.</span> <span class='ocrx_word' id='word_1_294' title='bbox 635 4747 718 4792; x_wconf 91' lang='grc'><strong>111...</strong></span> <span class='ocrx_word' id='word_1_295' title='bbox 744 4728 795 4792; x_wconf 90' lang='lat' dir='ltr'>dd.</span> <span class='ocrx_word' id='word_1_296' title='bbox 819 4725 850 4792; x_wconf 84' lang='lat' dir='ltr'>ff.</span> <span class='ocrx_word' id='word_1_297' title='bbox 875 4729 985 4793; x_wconf 90' lang='lat' dir='ltr'>abbati</span> <span class='ocrx_word' id='word_1_298' title='bbox 1007 4731 1192 4794; x_wconf 85' lang='lat' dir='ltr'>monasterii</span> <span class='ocrx_word' id='word_1_299' title='bbox 1211 4730 1444 4794; x_wconf 86' lang='lat' dir='ltr'>anouicnsis</span> <span class='ocrx_word' id='word_1_300' title='bbox 1460 4734 1492 4793; x_wconf 93' lang='lat' dir='ltr'>et</span> <span class='ocrx_word' id='word_1_301' title='bbox 1508 4728 1628 4792; x_wconf 89' lang='lat' dir='ltr'>decano</span> <span class='ocrx_word' id='word_1_302' title='bbox 1645 4726 1927 4810; x_wconf 76' lang='lat' dir='ltr'>wissegradensis,</span> 
     </span>
     <span class='ocr_line' id='line_1_30' title="bbox 434 4830 1928 4916; baseline 0.001 -22"><span class='ocrx_word' id='word_1_303' title='bbox 434 4830 592 4915; x_wconf 84' lang='lat' dir='ltr'>Prugensis</span> <span class='ocrx_word' id='word_1_304' title='bbox 615 4832 763 4910; x_wconf 78' lang='lat' dir='ltr'>diocesia,</span> <span class='ocrx_word' id='word_1_305' title='bbox 788 4850 825 4896; x_wconf 90' lang='lat' dir='ltr'>ac</span> <span class='ocrx_word' id='word_1_306' title='bbox 847 4833 998 4916; x_wconf 89' lang='lat' dir='ltr'>magistro</span> <span class='ocrx_word' id='word_1_307' title='bbox 1021 4832 1161 4898; x_wconf 84' lang='lat' dir='ltr'>Johauni</span> <span class='ocrx_word' id='word_1_308' title='bbox 1183 4833 1223 4896; x_wconf 91' lang='lat' dir='ltr'>de</span> <span class='ocrx_word' id='word_1_309' title='bbox 1245 4831 1392 4913; x_wconf 90' lang='lat' dir='ltr'>Neapoli,</span> <span class='ocrx_word' id='word_1_310' title='bbox 1426 4831 1576 4896; x_wconf 89' lang='lat' dir='ltr'>canonico</span> <span class='ocrx_word' id='word_1_311' title='bbox 1592 4830 1804 4912; x_wconf 86' lang='lat' dir='ltr'>Neapolitane</span> <span class='ocrx_word' id='word_1_312' title='bbox 1828 4831 1928 4896; x_wconf 91' lang='lat' dir='ltr'>eccle-</span> 
     </span>
     <span class='ocr_line' id='line_1_31' title="bbox 435 4935 1319 5019; baseline 0.001 -21"><span class='ocrx_word' id='word_1_313' title='bbox 435 4935 552 5017; x_wconf 87' lang='lat' dir='ltr'>siarum,</span> <span class='ocrx_word' id='word_1_314' title='bbox 575 4936 744 5019; x_wconf 90' lang='lat' dir='ltr'>capellano</span> <span class='ocrx_word' id='word_1_315' title='bbox 767 4940 886 5015; x_wconf 90' lang='lat' dir='ltr'>nostro,</span> <span class='ocrx_word' id='word_1_316' title='bbox 909 4954 934 5000; x_wconf 93' lang='lat' dir='ltr'>s.</span> <span class='ocrx_word' id='word_1_317' title='bbox 959 4939 1019 5000; x_wconf 87' lang='lat' dir='ltr'>etc.</span> <span class='ocrx_word' id='word_1_318' title='bbox 1045 4987 1051 5000; x_wconf 94' lang='lat'><strong>.</strong></span> <span class='ocrx_word' id='word_1_319' title='bbox 1076 4987 1082 5000; x_wconf 94' lang='lat'><em>.</em></span> <span class='ocrx_word' id='word_1_320' title='bbox 1108 4987 1114 4999; x_wconf 94' lang='lat'>.</span> <span class='ocrx_word' id='word_1_321' title='bbox 1140 4987 1147 5000; x_wconf 92' lang='lat'><strong>.</strong></span> <span class='ocrx_word' id='word_1_322' title='bbox 1173 4937 1211 5001; x_wconf 88' lang='grc'>1).</span> <span class='ocrx_word' id='word_1_323' title='bbox 1236 4939 1272 4999; x_wconf 90' lang='lat' dir='ltr'>ut</span> <span class='ocrx_word' id='word_1_324' title='bbox 1294 4953 1319 4999; x_wconf 89' lang='lat' dir='ltr'>s.</span> 
     </span>
    </p>
   </div>
   <div class='ocr_carea' id='block_1_11' title="bbox 438 5182 1928 5329">
    <p class='ocr_par' dir='ltr' id='par_1_11' title="bbox 438 5182 1928 5329">
     <span class='ocr_line' id='line_1_32' title="bbox 526 5182 1928 5257; baseline -0.004 -14"><span class='ocrx_word' id='word_1_325' title='bbox 526 5187 677 5244; x_wconf 81' lang='lat' dir='ltr'>Clementis</span> <span class='ocrx_word' id='word_1_326' title='bbox 696 5186 736 5241; x_wconf 91' lang='lat' dir='ltr'>Vl</span> <span class='ocrx_word' id='word_1_327' title='bbox 754 5188 779 5238; x_wconf 85' lang='lat' dir='ltr'>A</span> <span class='ocrx_word' id='word_1_328' title='bbox 797 5187 855 5257; x_wconf 72' lang='lat' dir='ltr'>llll</span> <span class='ocrx_word' id='word_1_329' title='bbox 875 5188 930 5256; x_wconf 80' lang='grc'>(66)</span> <span class='ocrx_word' id='word_1_330' title='bbox 950 5185 969 5241; x_wconf 84' lang='lat' dir='ltr'>i.</span> <span class='ocrx_word' id='word_1_331' title='bbox 989 5188 1047 5239; x_wconf 81' lang='lat'>135&#39;</span> <span class='ocrx_word' id='word_1_332' title='bbox 1066 5202 1093 5239; x_wconf 93' lang='grc'>11.</span> <span class='ocrx_word' id='word_1_333' title='bbox 1111 5190 1152 5252; x_wconf 79' lang='lat'>85,</span> <span class='ocrx_word' id='word_1_334' title='bbox 1172 5184 1207 5239; x_wconf 88' lang='lat' dir='ltr'>de</span> <span class='ocrx_word' id='word_1_335' title='bbox 1226 5183 1403 5253; x_wconf 81' lang='lat' dir='ltr'>dignitatibus</span> <span class='ocrx_word' id='word_1_336' title='bbox 1427 5182 1562 5239; x_wconf 81' lang='lat' dir='ltr'>vacaturis</span> <span class='ocrx_word' id='word_1_337' title='bbox 1580 5200 1624 5252; x_wconf 89' lang='lat' dir='ltr'>qu.</span> <span class='ocrx_word' id='word_1_338' title='bbox 1644 5190 1705 5237; x_wconf 74' lang='lat' dir='ltr'>a:</span> <span class='ocrx_word' id='word_1_339' title='bbox 1719 5183 1750 5237; x_wconf 90' lang='lat' dir='ltr'>V.</span> <span class='ocrx_word' id='word_1_340' title='bbox 1772 5189 1820 5237; x_wconf 72' lang='grc'>102</span> <span class='ocrx_word' id='word_1_341' title='bbox 1839 5182 1856 5238; x_wconf 80' lang='lat' dir='ltr'>f.</span> <span class='ocrx_word' id='word_1_342' title='bbox 1876 5188 1928 5238; x_wconf 78' lang='lat'>³00</span> 
     </span>
     <span class='ocr_line' id='line_1_33' title="bbox 438 5281 557 5329; baseline 0.034 -4"><span class='ocrx_word' id='word_1_343' title='bbox 438 5287 457 5325; x_wconf 87' lang='lat' dir='ltr'>u</span> <span class='ocrx_word' id='word_1_344' title='bbox 472 5281 507 5329; x_wconf 72' lang='lat' dir='ltr'>tt.</span> <span class='ocrx_word' id='word_1_345' title='bbox 526 5308 557 5316; x_wconf 90' lang='lat'>-</span> 
     </span>
    </p>
   </div>
   <div class='ocr_carea' id='block_1_12' title="bbox 0 0 2596 7047">
    <p class='ocr_par' dir='ltr' id='par_1_12' title="bbox 0 0 2596 7047">
     <span class='ocr_line' id='line_1_34' title="bbox 0 0 2596 7047; baseline 0 0"><span class='ocrx_word' id='word_1_346' title='bbox 0 0 2596 7047; x_wconf 95' lang='lat' dir='ltr'> </span> 
     </span>
    </p>
   </div>
  </div>
 </body>
</html>
