5184 7050
1981 855 2047 922 283

532 1053 761 1137 distinguenda
783 1059 816 1118 st
835 1053 937 1118 eidem
958 1052 1094 1117 ecclesie
1110 1053 1210 1117 eciam
1227 1054 1431 1135 assignanda,
1447 1073 1569 1118 necnon
1587 1055 1626 1119 de
1642 1057 1796 1137 ecclesiis,
1821 1059 2043 1140 dignitatibus,

531 1159 759 1238 personatibus
789 1162 823 1222 et
844 1157 959 1223 officiis
989 1162 1022 1221 et
1051 1157 1124 1221 aliis
1154 1156 1318 1221 beneficiis
1348 1156 1586 1237 ecclesiasticis,
1621 1178 1683 1241 que
1714 1161 1745 1224 in
1775 1167 1868 1242 parte
1899 1164 2044 1246 predicta

531 1261 637 1326 eidem
653 1261 791 1327 ecclesie
806 1259 1065 1326 Lntbomuslensi
1083 1266 1118 1324 nt
1132 1260 1332 1343 premittitur
1347 1262 1541 1342 assignanda
1564 1264 1751 1344 consistunt,
1776 1285 1813 1330 ac
1837 1267 1876 1331 de
1899 1268 2040 1350 ipsorum

530 1365 641 1431 valore
664 1384 701 1430 ac
725 1365 765 1429 de
789 1365 1039 1431 circumstanciis
1063 1371 1096 1429 et
1118 1365 1191 1430 aliis
1214 1365 1360 1430 omnibus
1390 1371 1423 1430 et
1449 1366 1593 1448 singulis,
1625 1368 1793 1448 universis,
1828 1389 1890 1452 que
1914 1373 2043 1436 suntin

529 1470 653 1535 talibus
676 1468 879 1547 attendenda,
904 1487 1001 1550 super
1023 1469 1138 1550 quibus
1162 1474 1299 1534 vestram
1314 1475 1349 1533 et
1363 1476 1503 1535 rostrum
1527 1470 1697 1535 cuiuslibet
1717 1475 1946 1544 conscienciam
1968 1494 2044 1540 one-

531 1592 651 1653 ramus,
675 1575 758 1638 omni
782 1573 953 1655 diligencia
976 1579 1009 1637 et
1032 1571 1235 1638 solicitudine
1258 1572 1420 1652 adhibitis
1445 1591 1506 1655 que
1523 1593 1619 1656 snper
1634 1576 1697 1640 biis
1713 1576 1892 1643 adhibenda
1907 1577 2040 1658 luerint,

530 1695 588 1742 vos
613 1678 806 1742 anctoritate
828 1681 939 1741 nostra
961 1677 1132 1742 informare
1154 1676 1273 1742 curetis
1296 1682 1330 1740 ot
1352 1695 1401 1755 ea,
1425 1695 1487 1758 quc
1508 1696 1564 1758 per
1580 1677 1838 1745 informacionem
1860 1682 2043 1748 huiusmodi

530 1782 720 1863 repereritis
742 1779 811 1846 lore
833 1781 926 1845 utilia
949 1785 982 1846 et
1004 1781 1156 1846 decencia
1178 1799 1235 1862 pro
1254 1781 1475 1862 assignacioue
1491 1786 1524 1844 et
1540 1781 1747 1848 distiuccione
1769 1784 1949 1850 huiusmodi
1966 1786 2043 1852 laci·

530 1885 634 1963 endis,
669 1903 727 1967 per
756 1886 1000 1950 instrumentum
1030 1884 1191 1966 publicum
1221 1884 1271 1948 vel
1295 1890 1418 1949 vostras
1445 1882 1571 1950 litteras
1601 1889 1718 1952 vestris
1751 1889 1864 1971 sigillis
1894 1893 2043 1970 munitas,

529 1989 644 2055 barum
667 1991 783 2054 seriem
806 1990 1016 2067 continencia,
1040 1989 1136 2068 clare,
1153 1988 1293 2054 dilucide
1309 1993 1343 2053 et
1358 1994 1469 2069 aperte
1491 1991 1584 2056 nobis
1607 1997 1640 2055 et
1663 1992 1807 2072 predicte
1831 1994 1900 2059 sedi
1925 1997 2044 2060 curctis

532 2095 725 2176 quantocius
748 2092 886 2159 fideliter
909 2094 1064 2171 intimare,
1088 2098 1124 2156 ut
1146 2111 1243 2174 super
1264 2093 1327 2157 biis
1341 2088 1438 2157 ¹certa
1461 2099 1494 2158 et
1515 2094 1695 2159 indubitata
1722 2095 1948 2164 inlomracione
1971 2118 2042 2164 sus·

532 2204 628 2280 cepta
637 2197 659 2280 ¹)
680 2198 722 2262 ad
744 2199 921 2280 predictam
944 2204 1067 2280 partem
1091 2197 1194 2262 eidem
1218 2196 1353 2262 ecclesie
1376 2197 1634 2262 Luthomuslensi
1664 2204 1700 2264 ut
1722 2202 1920 2281 premittitur
1941 2205 2042 2286 assig-

531 2302 672 2367 nandam
702 2311 736 2368 et
765 2303 864 2367 eciam
899 2302 1153 2383 distinguendam
1189 2301 1332 2366 consulte
1363 2320 1400 2365 oc
1431 2300 1579 2366 celeriter
1610 2321 1669 2385 per
1695 2305 1932 2384 providenciam
1956 2308 2042 2372 sedis

534 2408 711 2489 apostolice
745 2407 944 2490 procedatur,
979 2405 1227 2470 contradictores
1261 2407 1453 2472 auctoritate
1479 2409 1590 2470 nostra
1614 2407 1831 2488 appellatione
1864 2413 2043 2492 postposita

533 2511 783 2593 compescendo;
806 2516 908 2576 testes
931 2516 1048 2589 autem,
1083 2510 1137 2590 qui
1160 2509 1280 2574 fuerint
1303 2510 1466 2588 nominati,
1501 2511 1528 2574 si
1552 2529 1587 2574 se
1609 2512 1726 2592 gracia,
1762 2512 1833 2578 odio
1856 2514 1906 2578 vel
1929 2516 2042 2581 timore

532 2615 763 2695 subtraxerint,
795 2625 855 2698 per
884 2634 1050 2680 censuram
1069 2614 1318 2678 ecclesiasticam
1339 2614 1557 2694 appellacione
1588 2621 1734 2680 cessante
1764 2619 1885 2700 cogatis
1913 2620 2041 2684 veritati

530 2720 750 2785 testimonium
781 2720 959 2802 perbibere,
994 2738 1055 2783 non
1086 2719 1296 2797 obstantibus,
1333 2719 1360 2782 si
1391 2718 1551 2800 aliquibus
1586 2721 1795 2785 communiter
1831 2721 1882 2786 vel
1916 2722 2041 2788 divisim

531 2844 551 2889 a
574 2824 653 2890 sede
676 2824 853 2907 apostolica
876 2825 919 2889 sit
941 2823 1107 2902 indultum,
1132 2822 1215 2905 qnod
1238 2822 1395 2900 interdici,
1427 2824 1579 2905 suspendi
1610 2824 1660 2888 rel
1691 2828 1954 2893 excommunicari
1979 2846 2040 2892 non

531 2930 658 3010 possint
691 2947 750 3010 per
782 2930 908 2995 litteras
951 2928 1143 3010 apostolicas
1185 2945 1248 2991 non
1277 2927 1433 2992 facientes
1477 2928 1602 3010 plenam
1643 2934 1677 2993 et
1710 2948 1894 3011 expressam
1937 2950 1973 2997 ao
2000 2932 2040 2996 de

531 3033 630 3098 verbo
653 3034 694 3099 ad
717 3034 847 3098 verbum
871 3034 911 3098 de
933 3032 1055 3097 indulto
1078 3031 1257 3098 huiusmodi
1281 3033 1485 3096 mencionem.
1515 3034 1554 3096 D.
1578 3032 1735 3098 Aninione
1757 3034 1803 3100 VI
1827 3035 1868 3100 id.
1893 3035 2041 3101 lanuarii

531 3156 561 3202 a.
586 3138 723 3203 tercio·

637 3326 786 3382 Clementis
804 3326 843 3381 VI
861 3329 895 3381 A.
913 3327 981 3397 lllll
1002 3329 1057 3397 (77)
1083 3325 1102 3380 l.
1121 3333 1171 3381 344
1190 3343 1216 3380 n.
1240 3332 1300 3393 ⁴277,
1322 3326 1492 3381 diversarum
1510 3325 1658 3381 formarum
1683 3343 1728 3395 qu.
1749 3333 1765 3380 6
1781 3346 1815 3380 :
1830 3328 1863 3382 V.
1882 3333 1932 3382 166
1951 3329 1970 3383 l.
1991 3333 2040 3382 183

531 3429 557 3467 n.
577 3418 637 3467 277.
652 3445 683 3454 -
699 3413 750 3467 Ed.
770 3414 855 3469 CDM.
873 3414 924 3467 VII
942 3431 968 3468 n.
987 3419 1046 3481 633,
1066 3413 1150 3467 RBM.
1169 3414 1205 3466 lV
1219 3429 1244 3466 n.
1259 3420 1335 3467 16113.
1345 3444 1378 3454 -
1393 3414 1415 3479 ·)
1435 3420 1586 3467 correctum
1600 3429 1633 3466 ex
1647 3413 1837 3480 ,Coloniensis‘
1850 3418 1883 3468 A.
1911 3416 1994 3484 ¹¹),1rt‘
2007 3419 2040 3470 A.

530 3505 556 3565 e)
576 3501 710 3570 sequitur,
727 3502 910 3571 cogebantur,
923 3517 977 3556 non
995 3500 1175 3555 cancellatum
1189 3503 1220 3555 A.
1249 3506 1272 3568 d)
1291 3501 1421 3567 ,visitare‘
1439 3502 1472 3554 A.
1499 3501 1521 3567 ο)
1542 3500 1666 3568 seqnitur
1684 3500 1854 3570 subiacere,
1871 3502 1919 3559 sed
1935 3503 2039 3558 cancel-

529 3589 616 3644 latum
629 3591 662 3642 A.
690 3589 710 3655 s)
730 3588 810 3643 deest
827 3589 856 3642 in
875 3591 916 3655 A,
931 3588 1020 3657 suppl.
1034 3589 1068 3643 ab
1087 3588 1207 3655 editore3
1226 3589 1363 3658 seqnitur:
1382 3595 1465 3654 ,certa
1482 3603 1548 3656 pars
1561 3619 1594 3628 -
1606 3589 1688 3643 certis
1707 3589 1808 3644 linibus
1827 3589 2039 3658 distinguenda‘,

536 3677 586 3732 sed
604 3677 788 3732 cancellatum
807 3678 840 3730 A.
868 3683 893 3742 s)
912 3676 1094 3744 ‚prefecimns‘
1113 3679 1147 3729 A.
1170 3677 1195 3743 ¹¹)
1209 3676 1288 3731 deest
1301 3677 1329 3730 in
1347 3679 1391 3743 A,
1404 3675 1495 3744 suppl.
1513 3676 1548 3729 ab
1567 3675 1681 3730 editore.
1705 3678 1725 3743 ¹)
1743 3676 1823 3730 deest
1841 3677 1869 3729 in
1887 3678 1929 3743 A,
1949 3677 2039 3745 suppl.

532 3764 568 3818 ab
588 3764 705 3820 editore.
732 3763 751 3829 ι)
774 3779 844 3818 corr.
862 3778 897 3817 ex
915 3768 1080 3832 ,susccepta‘
1099 3766 1133 3817 A.
1151 3795 1183 3803 -
1205 3767 1223 3830 ¹)
1241 3763 1303 3818 vide
1321 3780 1395 3818 num.
1415 3767 1474 3816 363.
1513 3765 1532 3827 Ι1)
1550 3762 1612 3817 ride
1630 3778 1704 3816 num.
1723 3767 1782 3818 366.

1190 4046 1239 4052 -—.
1268 4045 1389 4053 ...ι-

528 4358 622 4424 475.
656 4355 803 4420 Thomas
843 4355 946 4420 dietas
976 4355 1014 4420 de
1044 4355 1322 4439 Seplerrrsoatr'bus,
1349 4356 2038 4441 1333301663,69336166663611·

526 4461 639 4545 plicat
675 4465 832 4543 qautenus
857 4459 930 4543 filio
963 4480 1019 4523 suo
1048 4460 1200 4535 Jobooni,
1231 4460 1343 4526 clerico
1369 4462 1568 4527 Treuereosis
1602 4461 1745 4541 diocesis,
1780 4462 1817 4526 de
1851 4462 2040 4527 canonicato

527 4567 680 4633 ecelesiae
706 4565 905 4629 Treverensis
927 4565 983 4629 stab
1006 4567 1220 4648 expectatione
1243 4565 1447 4649 praebendae
1470 4566 1687 4649 provideatur.
1718 4565 1806 4641 ,nias
1829 4568 1861 4630 R
1861 4613 1969 4631 .....
1995 4567 2037 4629 D.

970 4669 1129 4735 Auioioae
1149 4672 1177 4734 V
1193 4671 1236 4736 iu.
1260 4670 1419 4738 Jonaarii
1441 4691 1471 4734 a.
1495 4670 1610 4734 tercio‘

1488 4886 1651 4962 Aniciana,
1675 4888 1761 4951 1345
1784 4888 1941 4954 Juouarr'r'
1962 4890 1993 4951 9.

636 5078 789 5133 Clementis
807 5078 845 5131 VI
863 5077 890 5132 S.
908 5078 977 5148 11113
997 5081 1035 5146 (7)
1054 5077 1072 5130 l.
1093 5082 1151 5130 131.
