5184 7050
943 2221 1503 2350 PRAEFATIO.

459 2577 819 2750 Monumentorum
843 2579 1014 2644 Bohemiae
1038 2580 1260 2645 Vaticanorum
1285 2582 1430 2647 volumen
1457 2583 1600 2664 primum,
1623 2585 1706 2664 quod
1729 2603 1811 2648 nunc
1834 2586 1968 2666 primum

592 2693 710 2774 publici
725 2693 804 2757 iuris
819 2694 961 2775 facimus,
978 2713 1017 2757 ex
1035 2693 1209 2758 Clementis
1225 2694 1289 2775 Vl,
1304 2694 1463 2776 pontilicis
1480 2695 1612 2760 Roruaui
1624 2697 1875 2780 ‹lala-1352),
1888 2699 1969 2763 actis

453 2822 503 2869 ea
527 2806 670 2870 continet
694 2813 853 2888 excerpta,
876 2826 957 2887 quae
981 2808 1022 2871 ad
1044 2825 1095 2872 res
1119 2807 1290 2872 Bohemiae
1314 2814 1461 2888 spectant
1483 2815 1539 2873 out
1561 2809 1762 2890 aliquatenus
1785 2811 1968 2877 Bohemiam

454 2919 638 2997 attingunt.
673 2918 763 2994 Quod
798 2918 969 2982 Bohemiae
992 2938 1106 2984 nomen
1144 2919 1219 2999 quid
1243 2920 1357 3002 valeat,
1390 2919 1484 2984 facile
1517 2921 1688 3002 intelliges,
1712 2923 1749 3000 si,
1773 2924 1826 3003 qui
1849 2923 1969 2989 luerint

456 3031 544 3094 lines
568 3031 659 3110 regni
681 3030 854 3095 Bohcmiac
876 3031 1021 3097 Johanne
1046 3033 1313 3112 Lucerubmgeusi
1336 3050 1423 3115 rege,
1440 3033 1471 3096 iu
1485 3033 1841 3101 animumrevocaveris.
1855 3037 1967 3118 ltaque

456 3143 522 3207 lrac
546 3145 688 3208 editione
712 3163 773 3208 nou
797 3144 898 3209 solum
921 3164 969 3224 ea,
992 3163 1073 3224 quiae
1097 3146 1137 3208 ad
1169 3146 1339 3210 Bolentiae
1374 3164 1514 3227 reguum,
1544 3151 1694 3226 quantum
1718 3166 1802 3212 nunc
1825 3154 1884 3231 est,
1907 3150 1967 3215 Bo-

456 3257 600 3322 lremiom
614 3258 684 3321 (lico
697 3276 766 3321 curu
780 3257 923 3323 Moravia
934 3264 969 3323 et
980 3258 1114 3323 Silesiae
1127 3266 1218 3340 porto
1232 3259 1407 3340 austriaca7
1418 3260 1580 3324 sedetiam
1590 3261 1630 3323 acl
1642 3259 1788 3325 Silcsiam
1798 3262 1967 3327 Bonussiae

461 3371 718 3434 etatlLusatiam
731 3372 903 3454 pertinent,
916 3371 1084 3435 referenda
1106 3373 1224 3453 putavi.
1244 3372 1322 3436 Cum
1339 3379 1443 3436 autem
1464 3372 1632 3436 caluisset
1655 3392 1724 3437 cnm
1737 3373 1890 3439 Johannis
1900 3382 1966 3439 tum

465 3484 580 3560 Caroli,
595 3484 718 3565 egregii
741 3486 811 3548 eius
827 3485 893 3566 filii,
907 3485 1059 3565 condicio,
1071 3491 1109 3549 ut
1131 3490 1165 3549 ct
1188 3504 1301 3565 magna
1312 3485 1396 3550 domi
1409 3485 1548 3566 lorisque
1564 3487 1754 3551 anctoritate
1778 3489 1922 3554 valerent
1934 3495 1968 3554 et

465 3599 609 3680 plurimis
632 3618 702 3661 cum
737 3599 916 3663 homiuibus
951 3598 1169 3663 commercium
1204 3605 1238 3662 et
1268 3617 1345 3662 usus
1378 3599 1537 3679 inesset,
1572 3599 1641 3664 lieri
1664 3619 1726 3665 non
1749 3602 1861 3683 potuit,
1892 3602 1967 3682 qrrin

467 3720 554 3776 extra
577 3713 731 3777 terminos
754 3712 845 3776 uobis
868 3711 1047 3793 propositos
1071 3711 1549 3790 nonnunquamegr·ecleremrrr·;
1572 3712 1680 3793 itaque
1692 3731 1801 3778 onmes
1813 3713 1967 3778 Johauuis

469 3832 499 3889 et
520 3826 626 3890 tlaroli
650 3826 846 3907 precantium
871 3807 997 3888 libellos
1020 3830 1054 3887 et
1077 3824 1212 3901 litteras,
1242 3841 1322 3903 quiae
1355 3824 1394 3888 acl
1429 3842 1484 3887 eos
1523 3824 1754 3905 referebantur,
1788 3827 1967 3907 putaviums

469 3938 673 4020 recipiendas,
697 3939 738 4001 iis
761 3944 884 4002 tautum
907 3936 1043 4017 omissis
1066 3955 1156 4017 qnae,
1181 3955 1250 3999 cum
1274 3937 1380 4001 Caroli
1404 3942 1510 4000 aetate
1535 3937 1654 4017 scripta
1669 3945 1786 4018 essesut
1810 3939 1888 4003 nihil
1912 3946 1967 4004 aut

470 4051 504 4114 ul
526 4051 711 4115 Boheruiam
742 4057 798 4114 aut
826 4051 931 4132 ipsum
964 4048 1187 4131 imperatorem
1211 4049 1372 4130 pertinere
1403 4049 1602 4113 videbantur.
1628 4049 1727 4125 Quam
1751 4051 1904 4117 rationem
1928 4052 1966 4116 li·

469 4165 619 4229 beriorem
643 4164 728 4227 illam
753 4164 880 4244 uiridem
903 4162 1020 4227 idcirco
1044 4162 1181 4243 amplexi
1212 4180 1328 4243 sunum,
1358 4162 1441 4242 quod
1471 4169 1598 4227 constat
1627 4163 1804 4244 plerosque,
1835 4184 1966 4244 quorum

470 4295 559 4341 eausa
581 4277 722 4342 loannes
746 4277 796 4340 vel
820 4276 953 4340 Carolus
977 4275 1138 4357 supplices
1162 4276 1287 4340 libellos
1311 4276 1350 4339 ad
1375 4275 1556 4357 pontificem
1578 4277 1744 4356 miserunt,
1768 4283 1824 4340 aut
1846 4277 1878 4340 iu
1895 4278 1966 4342 aula

470 4392 553 4472 regia
574 4396 720 4454 versatos
743 4396 798 4453 aut
821 4409 890 4453 eum
914 4389 1104 4469 primoribus
1126 4392 1196 4453 eius
1230 4389 1306 4452 viris
1340 4388 1557 4452 fairriliau'tate
1589 4388 1773 4453 coniunctos
1803 4389 1910 4471 fuisse,
1933 4397 1966 4455 et

470 4505 546 4584 ‹puod
569 4522 757 4586 persuasum
795 4503 956 4583 herbernus,
994 4501 1076 4566 hunc
1099 4523 1189 4566 usum
1213 4502 1322 4566 multis
1345 4520 1441 4583 saepe
1475 4507 1549 4583 post
1578 4502 1669 4565 aunis
1692 4502 1838 4583 cognosci
1861 4522 1963 4584 posse.

470 4618 543 4682 Sunt
566 4637 654 4694 sane,
678 4636 809 4696 quomm
843 4617 1037 4682 mentionem
1064 4618 1096 4681 iu
1131 4618 1189 4681 lroo
1224 4617 1304 4681 libro
1339 4634 1605 4697 supervacaneam
1636 4632 1707 4679 essc
1731 4615 1909 4696 putaverim
1932 4615 1964 4679 hi

471 4737 579 4813 tarrren,
603 4749 697 4811 quem
719 4737 832 4812 postea
854 4730 956 4795 locum
979 4732 1011 4795 in
1036 4733 1130 4795 rebus
1152 4731 1240 4794 illius
1263 4730 1380 4794 aetatis
1411 4730 1510 4810 gestis
1541 4727 1745 4809 obtinuerint„
1767 4746 1808 4791 ex
1831 4746 1964 4809 sequeu-

471 4846 549 4909 tibus
572 4844 848 4908 llonunrcntorum
871 4844 1082 4908 voluminibus
1105 4844 1230 4925 planius
1253 4860 1433 4922 cognosces,

568 4957 717 5038 Regnstra
739 4957 910 5038 pontificia,
945 4976 1006 5037 quo
1030 4976 1091 5021 uuo
1129 4975 1268 5020 suuunae
1304 4955 1503 5019 auctoritatis
1533 4953 1620 5018 fonte
1651 4955 1684 5018 in
1707 4954 1766 5019 hoc
1788 4954 1869 5020 libro
1892 4973 1964 5019 con-

471 5071 631 5135 scrilacmlo
655 5070 704 5133 usi
728 5089 844 5150 surmus,
868 5075 975 5133 aetate
1000 5069 1174 5133 Clementis
1198 5069 1249 5132 Vl.
1274 5069 1353 5132 claras
1376 5086 1506 5149 magnas
1529 5066 1648 5132 habent
1670 5080 1794 5150 partes:
1829 5069 1966 5151 registra

472 5184 731 5266 supplicationum
755 5189 788 5246 et
803 5183 940 5264 registra
952 5181 1130 5247 litterarum
1143 5181 1309 5263 pontilicis.
1322 5181 1358 5244 lu
1371 5180 1516 5261 registris
1529 5180 1793 5263 supplicationum
1806 5182 1965 5264 supplices

471 5296 562 5362 libelli
588 5297 761 5361 adsedem
796 5295 1001 5376 apostolicam
1036 5295 1222 5358 missisunt
1251 5295 1344 5358 relati
1375 5294 1577 5375 breviterque
1608 5296 1802 5370 adnotatum,
1826 5296 1902 5375 quill
1925 5297 1966 5360 all

472 5427 519 5474 cos
540 5418 629 5474 cssct
653 5411 825 5474 (lauretum.
851 5408 989 5485 Quorum
1012 5408 1113 5472 series
1149 5407 1282 5490 primum
1320 5406 1535 5472 aClemcntis
1573 5407 1625 5473 Vl.
1651 5414 1758 5477 aetate
1781 5408 1902 5491 incipit,
1925 5411 1965 5473 ‹le

472 5541 524 5601 qua
546 5525 661 5604 uiginti
684 5523 746 5586 duo
771 5523 876 5603 priora
900 5521 1055 5586 volumina
1080 5521 1285 5584 excussimus.

566 5638 760 5701 Litterarum
778 5636 913 5715 registra
930 5634 1093 5697 continent
1112 5633 1291 5714 apographa
1320 5635 1527 5716 decretorum,
1544 5653 1624 5715 qrrae
1638 5641 1690 5698 aaut
1701 5636 1965 5718 supplicationum

473 5751 585 5816 ratione
608 5750 720 5814 habita
743 5754 800 5813 aut
822 5749 904 5813 ultro
928 5755 962 5811 et
985 5753 1097 5829 sponte
1122 5766 1140 5809 a
1163 5747 1239 5809 selle
1270 5748 1445 5828 apostolica
1464 5748 1552 5813 edita
1575 5754 1675 5812 eraut.
1689 5748 1777 5813 Haec
1800 5750 1966 5813 maximam
