5184 7050
686 835 729 901 32

686 1041 801 1106 studiis
825 1040 1037 1119 intendentes,
1061 1046 1134 1123 post
1156 1038 1434 1116 deliberacionem,
1459 1058 1553 1120 quam
1577 1039 1616 1103 de
1647 1038 1839 1119 preficiendo
1869 1038 1973 1105 eidem
2002 1039 2196 1104 monasterio

685 1147 884 1230 blentissyon
906 1165 1075 1227 personam
1098 1145 1208 1209 utilem
1232 1150 1265 1206 et
1287 1144 1388 1206 eciam
1412 1144 1617 1221 fructuosam,
1642 1144 1732 1207 euius
1758 1144 1915 1208 industria
1931 1150 1964 1208 et
1983 1144 2101 1209 vi1tute
2117 1144 2197 1209 illud

686 1253 717 1316 in
753 1252 819 1315 suis
854 1250 976 1314 valeret
1010 1249 1162 1330 adaugeri
1198 1249 1320 1312 iuribus
1360 1267 1396 1311 ae¹
1435 1249 1536 1311 caelum
1574 1248 1743 1327 defensari,
1779 1268 1850 1313 eum
1887 1247 2040 1312 iratribus
2077 1250 2197 1313 uestris

687 1357 857 1420 habuimus
881 1354 1074 1436 diligentum,
1099 1354 1223 1418 demum
1248 1353 1287 1416 ad
1311 1359 1353 1429 te,
1378 1354 1429 1416 cad
1453 1353 1537 1434 apud
1560 1372 1617 1416 nos
1652 1353 1691 1417 de
1720 1353 1883 1435 religionis
1913 1352 1991 1429 zelo,
2014 1353 2197 1417 litterarum

686 1459 834 1537 sciencia,
858 1458 1024 1522 honestate
1048 1477 1168 1521 urorum
1191 1464 1224 1521 et
1247 1458 1312 1521 vite
1336 1457 1469 1520 aeoliis
1493 1458 1645 1521 virtutum
1668 1459 1790 1522 meritis
1820 1457 1980 1538 tidedigna
2010 1458 2196 1521 testimonia

687 1562 911 1645 suffragantur,
935 1562 1107 1625 direximus
1130 1563 1231 1625 arcican
1255 1568 1362 1625 nostre
1384 1562 1509 1625 mentis.
1535 1561 1657 1639 Quibus
1685 1563 1828 1626 omnibus
1853 1561 1961 1625 debita
1983 1560 2196 1625 meditacione

687 1669 831 1750 pensatis
863 1668 902 1731 de
932 1685 1069 1749 persona
1098 1673 1155 1730 tua
1186 1667 1276 1730 uobis
1301 1672 1333 1729 et
1356 1666 1476 1730 eisdem
1505 1666 1659 1730 fratribus
1690 1666 1947 1729 corrsideracione
1969 1666 2199 1746 premissorum

688 1778 819 1853 aeveepca
842 1772 944 1835 eidem
968 1772 1161 1834 nrorrasterio
1185 1771 1384 1853 Montissyon
1408 1770 1446 1832 de
1470 1772 1612 1850 ipsorum
1635 1772 1767 1835 fratrum
1800 1770 1930 1834 consilio
1945 1772 1969 1849 τ)
2005 1769 2198 1832 auctoritate

688 1876 864 1958 apostolIca
894 1875 1097 1957 providenms
1127 1880 1224 1956 teque
1255 1876 1317 1956 ipsi
1349 1875 1541 1938 rnonasterio
1572 1873 1752 1953 preficimus
1784 1875 1815 1937 in
1850 1874 2009 1951 abbatem,
2034 1891 2142 1936 curam
2166 1878 2199 1936 et

689 1980 999 2044 adrnimstracionem
1023 1980 1124 2059 ipsius
1147 1980 1206 2043 tibi
1229 1985 1295 2043 trun
1319 1980 1350 2043 in
1375 1980 1597 2061 spiritualibus
1620 1999 1715 2060 quam
1738 1980 1770 2042 in
1800 1978 2030 2059 temporalibus
2052 1977 2197 2059 plenarie

693 2084 926 2159 conmittendi),
952 2084 982 2146 in
1007 2082 1070 2177 illo,
1095 2085 1147 2163 qui
1172 2084 1228 2147 dat
1250 2085 1376 2164 gracias
1407 2090 1439 2148 et
1468 2084 1604 2162 largitur
1625 2085 1756 2165 premia,
1781 2081 1983 2160 confidentes
2007 2081 2091 2163 quod
2115 2081 2199 2145 idem

689 2188 917 2252 rnonesterium
940 2206 998 2267 per
1019 2193 1073 2251 tue
1098 2189 1394 2271 circumspeccivmis
1417 2193 1450 2252 et
1473 2188 1641 2269 diligencie
1665 2187 1805 2252 studium
1836 2186 1967 2250 dextera
1997 2186 2115 2251 domini
2138 2186 2198 2250 tibi

690 2292 861 2356 assistente
883 2292 1028 2373 propicia
1051 2292 1263 2371 spiritualiter
1285 2298 1318 2355 et
1341 2292 1560 2374 temporaliter
1581 2296 1710 2372 regetur
1734 2292 1856 2356 utiliter
1878 2296 1910 2355 et
1932 2309 2086 2373 prospere
2121 2290 2199 2353 diri-

689 2400 790 2476 getur.
836 2397 992 2473 Quocirca
1022 2394 1209 2459 discrecioni
1233 2403 1288 2460 tue
1312 2415 1370 2476 per
1392 2396 1567 2477 apostolica
1591 2397 1711 2478 scripta
1734 2395 1930 2470 mandamus,
1955 2399 2114 2476 quatenus
2141 2395 2198 2457 im-

689 2501 828 2581 positum
861 2500 920 2563 tibi
955 2518 1034 2563 virius
1068 2520 1087 2562 a
1121 2500 1246 2563 domino
1281 2500 1395 2563 (boote.
1430 2498 1646 2581 suseipiensl)
1682 2520 1789 2564 curam
1824 2508 1855 2562 et
1887 2498 2199 2561 adndnistracionern

690 2603 852 2686 predictas
875 2604 920 2667 sic
943 2623 1036 2683 geras
1060 2603 1197 2667 fideliter
1219 2610 1251 2667 et
1275 2604 1411 2667 sollicite
1434 2605 1648 2684 prosequaris
1673 2603 1755 2685 quod
1779 2603 1937 2685 prefatum
1972 2602 2201 2667 monasterium

692 2708 897 2789 gubernatori
927 2708 1058 2790 provido
1089 2715 1122 2772 et
1152 2708 1314 2772 fructuoso
1346 2706 1595 2771 adnunistratori
1626 2708 1765 2789 gaudeat
1795 2727 1829 2771 se
1860 2707 2069 2785 commissum,
2100 2710 2200 2786 tuque

691 2811 823 2893 proinde
854 2818 962 2876 eterne
991 2812 1215 2876 retribucionis
1244 2811 1424 2876 mercedem
1456 2813 1604 2893 acquiras
1635 2832 1672 2876 ac
1702 2818 1843 2875 nostram
1873 2815 1905 2874 et
1936 2810 2021 2874 sedis
2055 2809 2200 2874 eiusdem

691 2915 948 2990 lienediccionenr
981 2922 1014 2979 et
1043 2917 1184 2999 graciam
1215 2918 1367 2997 consequi
1397 2917 1528 2980 uberius
1562 2918 1723 2980 merearis.
1770 2917 1808 2980 D.
1832 2916 1990 2980 Auimone
2013 2913 2110 2980 XIIII
2133 2913 2199 2977 kal.

694 3019 831 3101 Augusti
855 3038 883 3083 a.
908 3021 1018 3100 prime.

795 3124 833 3187 In
856 3143 883 3186 e.
908 3142 947 3188 m.
972 3123 1022 3187 dd.
1046 3124 1077 3189 ff.
1102 3127 1271 3189 conmutui
1296 3126 1480 3189 rmnrasterii
1505 3124 1704 3209 MontIssyon
1729 3124 1809 3187 alias
1833 3123 2070 3189 Strahnuiensis
2100 3141 2201 3203 prope

694 3229 838 3308 Pragarn,
863 3228 1167 3292 Prernonstratensis
1191 3228 1320 3307 ordinis,
1346 3249 1370 3292 s.
1418 3229 1497 3293 Cum
1527 3230 1616 3293 iuxta
1650 3228 1822 3310 pastoralis
1853 3228 1948 3292 oflicii
1973 3227 2114 3291 ‹lcabitum
2138 3231 2214 3289 ete.-

694 3351 794 3412 usque
818 3339 851 3395 et
874 3351 1024 3414 prospere
1048 3333 1211 3414 dirigetur.
1258 3334 1414 3410 (tricae-iren
1445 3333 1632 3397 discrecioni
1665 3338 1770 3396 vestre
1800 3352 1858 3413 per
1881 3331 2056 3412 apostoliea
2080 3331 2201 3411 scripta

693 3435 890 3515 mandamus,
914 3444 1072 3518 quatenus
1096 3436 1231 3501 eundem
1253 3438 1383 3501 Petrum
1407 3437 1555 3500 almatem
1578 3441 1732 3517 tanquam
1754 3443 1878 3519 patrem
1901 3441 1934 3498 et
1954 3440 2116 3517 pastorem
2133 3434 2202 3497 arri-

694 3560 815 3604 rnarnm
839 3548 1016 3606 vestrarum
1040 3543 1152 3606 devote
1176 3544 1367 3624 recipientes
1391 3547 1424 3606 et
1446 3542 1578 3606 honeste
1600 3547 1778 3606 tractantes
1802 3561 1839 3605 ac
1861 3541 2047 3606 exhibentes
2073 3539 2103 3603 ei
2128 3538 2202 3604 obe-

694 3645 851 3709 dienciam
874 3652 907 3709 et
927 3648 1142 3710 reverenciam
1166 3647 1306 3710 debitam
1330 3655 1362 3710 et
1385 3647 1531 3710 devotam
1555 3647 1625 3711 eius
1656 3647 1797 3711 salubria
1831 3646 1951 3709 monita
1984 3650 2018 3709 et
2050 3643 2202 3709 mandata

695 3749 879 3830 suscipiatis
910 3750 1033 3814 ilariter
1062 3756 1095 3813 et
1125 3749 1299 3814 efficaciter
1329 3751 1502 3832 adimple-re
1534 3752 1661 3829 curetis
1694 3752 1834 3832 alioquin
1869 3750 2063 3813 sentenciam
2087 3749 2201 3829 ipsum,

697 3872 792 3933 quam
827 3853 909 3917 idem
934 3855 1034 3918 abbas
1057 3855 1117 3917 rite
1140 3854 1251 3918 tulerit
1275 3856 1306 3918 in
1330 3854 1475 3932 rebelles,
1498 3861 1601 3918 ratam
1624 3855 1811 3919 babebimus
1835 3861 1867 3917 et
1889 3854 2043 3918 faciemus
2070 3857 2201 3917 auctore

695 3957 819 4021 domino
843 3958 1285 4039 usqueadsatisfaccionem
1309 3959 1496 4040 condignam
1526 3959 1753 4023 iuviolabiliter
1783 3959 1955 4022 observari.
2000 3958 2039 4023 D.
2064 3963 2107 4022 ut.
2134 3975 2158 4022 s.
2175 3960 2200 4038 ο)

799 4063 837 4126 Iu
868 4081 894 4126 e.
920 4082 958 4125 m.
983 4063 1012 4126 d.
1037 4062 1057 4126 l.
1083 4082 1112 4125 n.
1144 4083 1171 4126 v.
1203 4063 1333 4142 Karolo,
1364 4062 1538 4130 marcbioni
1572 4063 1727 4141 bloranie,
1759 4081 1783 4126 s,
1829 4063 1944 4126 DIvine
1977 4061 2202 4125 retribucionis

695 4168 850 4246 premimu
883 4171 916 4229 et
949 4168 1132 4248 preconium
1166 4168 1302 4232 bumaue
1335 4166 1442 4230 laudis
1477 4168 1661 4247 accquiritur,
1694 4169 1720 4230 si
1754 4187 1812 4248 per
1846 4166 2006 4230 seculares
2039 4166 2202 4246 principes

695 4270 902 4334 eraclesiarum
925 4271 1058 4352 prelatis
1080 4274 1346 4336 monasteriorum
1368 4273 1513 4352 regimini
1536 4271 1772 4352 presidentibus
1796 4271 1895 4335 bonor
1925 4270 2051 4334 debltus
2082 4270 2202 4351 impen-

696 4373 800 4437 datur.
818 4374 903 4438 Olim
919 4374 1075 4456 siquidem
1092 4377 1283 4439 merrasterio
1302 4376 1421 4440 Montis
1434 4376 1517 4458 Syon
1533 4382 1592 4440 ete.
1610 4395 1711 4455 usque
1727 4380 1760 4438 et
1773 4395 1924 4456 prospere
1941 4374 2104 4455 dirigetur.
2122 4373 2201 4438 Cum

697 4479 805 4558 itaque
828 4479 871 4541 sit
892 4480 1021 4542 virtutis
1044 4499 1123 4562 opus
1148 4480 1199 4543 dei
1223 4481 1385 4543 ministros
1407 4479 1580 4559 benignos)
1604 4479 1712 4543 lavoro
1735 4480 1883 4560 prosequi
1908 4486 1940 4542 et
1963 4497 2017 4542 ercis
2040 4479 2147 4542 verbis
2171 4483 2203 4542 et

696 4582 845 4663 operibus
867 4602 924 4664 pro
947 4584 1032 4662 regIs
1055 4586 1157 4647 eterni
1181 4584 1283 4665 gloria
1308 4584 1462 4659 venerari,
1483 4583 1680 4646 nobilitatem
1703 4590 1791 4646 tuam
1814 4601 1961 4662 rogamus
1984 4589 2016 4645 et
2038 4581 2204 4645 hortamur

697 4692 829 4764 attente,
864 4693 1021 4766 qnatenus
1055 4688 1190 4751 erindem
1225 4689 1374 4750 abbatem
1408 4694 1440 4750 et
1475 4687 1632 4766 prefatum
1663 4687 1889 4749 nronusteriunr
1913 4685 2122 4768 blentissyon,
2146 4704 2203 4749 sue

698 4809 771 4852 eure
806 4791 1015 4868 ecnrnnissnm,
1050 4792 1171 4855 babens
1206 4811 1262 4873 pro
1298 4798 1407 4855 nostra
1437 4797 1469 4855 et
1499 4789 1673 4870 apostolice
1697 4789 1782 4852 sedis
1806 4791 1988 4854 reverencia
2012 4791 2203 4871 propensius

698 4894 941 4974 eornmcmlatos
966 4897 1052 4977 ipsos
1074 4897 1202 4978 benigni
1225 4897 1344 4960 favoris
1368 4896 1486 4959 auxdio
1510 4895 1723 4976 prosequaris,
1750 4895 1794 4957 ita
1817 4893 1900 4976 quod
1925 4893 2007 4957 idem
2024 4893 2124 4957 abbas
2147 4899 2202 4959 tuo

697 4995 797 5060 fultus
820 4999 938 5062 auxilio
962 5000 993 5062 in
1017 5003 1182 5064 commisso
1207 5001 1265 5064 sibi
1291 4999 1474 5063 monasterii
1497 4998 1632 5079 predicti
1656 4999 1808 5079 regimine
1839 4999 1940 5079 possit
1970 4998 2029 5061 deo
2059 4999 2202 5080 propieio

697 5103 888 5182 prosperari,
913 5121 950 5166 ac
979 5104 1037 5167 tibi
1069 5103 1182 5167 exinde
1206 5123 1224 5166 a
1248 5103 1307 5167 dea)
1338 5104 1518 5183 perempnis
1549 5103 1613 5166 vite
1643 5104 1796 5184 premium
1828 5109 1861 5164 et
1884 5122 1902 5166 a
1926 5103 2016 5166 nobis
2047 5103 2204 5184 condIgna

697 5207 864 5284 proveniat
887 5208 973 5270 aceio
996 5209 1183 5288 graciarum.
1209 5208 1248 5270 D.
1273 5214 1308 5270 ut
1332 5209 1389 5284 sel

801 5359 948 5413 Clementis
969 5360 1005 5413 VI
1024 5362 1048 5412 A
1067 5362 1108 5429 lp?
1129 5365 1184 5429 (6⁸2)
1197 5360 1216 5413 f.
1229 5367 1279 5414 ⁴249
1299 5377 1325 5412 n.
1345 5365 1386 5425 37,
1406 5360 1440 5412 de
1459 5360 1661 5427 provisionibus
1681 5359 1866 5429 praelatorum
1886 5359 2203 5426 qu.a:V.1sas.1co

699 5461 724 5498 n.
743 5452 785 5498 37.
804 5477 837 5484 -
863 5449 886 5512 κ)
907 5446 1063 5515 suppletum
1082 5447 1108 5500 in
1128 5447 1249 5515 margine
1268 5450 1301 5499 A.
1328 5446 1352 5510 b)
1371 5463 1429 5515 ,per
1448 5477 1481 5486 -
1500 5446 1607 5500 fuisset‘
1627 5456 1779 5500 correctum
1797 5447 1825 5499 ln
1845 5447 1966 5514 margine
1989 5461 2024 5499 ex
2043 5462 2102 5513 ,per
2127 5447 2204 5501 isset‘

699 5533 760 5599 asic)
781 5536 812 5585 A.
840 5542 861 5599 ο)
881 5533 1014 5600 ,concilio‘
1033 5536 1066 5586 A.
1094 5536 1118 5599 d)
1137 5535 1311 5602 ,suspiciens‘
1329 5538 1371 5595 A,
1392 5551 1459 5586 corr.
1484 5535 1518 5587 ab
1543 5533 1657 5587 editore.
1685 5547 1706 5598 ο)
1736 5534 1803 5586 baec
1829 5533 1921 5586 littera
1949 5540 2006 5586 tota
2033 5533 2061 5585 in
2081 5534 2203 5599 margine

698 5618 822 5672 inferiori
843 5620 972 5688 suppleta
991 5628 1041 5673 est.
1069 5623 1092 5687 s)
1119 5620 1269 5688 ,benignes‘
1293 5624 1327 5673 A.
1355 5635 1378 5687 u)
1406 5637 1475 5673 corr.
1501 5637 1534 5672 ex
1553 5621 1699 5686 ,Aninioue
1718 5621 1797 5673 xnll
1825 5618 1958 5672 kalendas
1986 5619 2103 5687 Augusti
2131 5636 2204 5674 anno

699 5704 795 5773 prinm‘
813 5708 846 5759 A.
869 5736 901 5746 -
922 5707 941 5771 ¹)
963 5711 1028 5760 1330
1046 5705 1151 5774 Aprilis
1170 5711 1210 5759 23.

1352 5815 1555 5824 ...ῃ-
