5184 7050
1877 889 1938 953 721

428 1093 551 1159 1384.
575 1091 764 1158 Guillelmus
786 1092 825 1154 cle
846 1094 961 1157 Srirmto
984 1092 1134 1156 Amantio
1156 1092 1325 1174 supplicat,
1345 1097 1500 1175 quatenus
1516 1093 1670 1166 Mattiae,
1687 1096 1762 1154 reato
1777 1091 1935 1174 quondam

428 1194 568 1262 Conradi
590 1196 668 1259 dicti
691 1196 728 1260 de
756 1197 956 1273 Vorcoenstat,
980 1196 1026 1278 (i)
1049 1194 1161 1261 clerico
1193 1195 1450 1261 Vratislauieusis
1472 1196 1615 1271 diocesis,
1639 1196 1677 1259 rie
1700 1197 1889 1260 canonicatu
1911 1199 1941 1260 et

423 1299 610 1381 praebenda
640 1300 675 1364 iu
704 1299 835 1364 ccclesia
866 1299 1109 1374 Bardemicensi,
1148 1301 1307 1364 l'ercleusis
1338 1300 1479 1379 diocesis,
1509 1299 1696 1363 vacantibus
1721 1299 1938 1382 provideatur.

1380 1420 1544 1495 Acinione,
1568 1422 1651 1485 1351
1676 1419 1816 1501 Augusti
1838 1424 1890 1485 20.

531 1541 699 1623 Supplicat
714 1542 744 1609 S.
762 1543 798 1608 V.
817 1542 932 1607 devota
946 1546 1092 1607 creatura
1114 1549 1221 1607 vestra
1244 1540 1433 1606 Guillelmus
1456 1541 1496 1607 de
1520 1541 1635 1608 Sancto
1657 1542 1819 1618 Ameneia,
1835 1542 1935 1621 miles,

428 1651 588 1727 quatenus
618 1646 678 1710 sibi
709 1647 740 1710 in
770 1665 938 1728 personam
968 1646 1078 1711 dilecti
1107 1646 1271 1712 familiaris
1294 1648 1344 1711 sui
1368 1646 1499 1726 Mathie,
1523 1647 1591 1712 nati
1615 1646 1772 1728 quondam
1797 1646 1936 1712 (lauradi

427 1748 505 1813 dicti
529 1749 568 1813 de
591 1750 801 1830 Vorwenstat,
826 1750 932 1815 clerici
955 1750 1228 1815 Wratislauionsis
1252 1745 1397 1828 diocesis
1414 1749 1586 1832 specialem
1608 1751 1746 1832 graciam
1768 1750 1932 1830 facientes,

427 1853 532 1917 eidem
567 1854 605 1918 de
636 1857 821 1920 canonicatu
854 1862 887 1920 et
917 1856 1078 1937 prebenda
1109 1855 1244 1920 ecclesie
1267 1854 1569 1933 Bardewichcensis,
1593 1854 1765 1919 Verdensis
1789 1855 1935 1934 diocesis

427 1959 614 2023 vacantibus
647 1978 705 2041 per
739 1965 870 2023 mortem
905 1959 1030 2024 Alberti
1064 1959 1103 2023 de
1139 1958 1257 2036 Monte,
1291 1959 1345 2042 qui
1381 1957 1466 2041 apud
1489 1958 1597 2023 sedem
1620 1959 1827 2040 apostolicam
1852 1958 1935 2024 diem

427 2061 544 2126 clausit
577 2068 762 2141 extremum,
794 2064 965 2145 dignemini
996 2065 1174 2146 providere,
1198 2064 1440 2139 nonobstante,
1465 2063 1548 2144 quod
1572 2062 1602 2128 S.
1626 2064 1663 2127 V.
1688 2063 1791 2127 eidem
1815 2063 1935 2129 Muthis

426 2166 474 2230 de.
491 2165 645 2232 beneficio
669 2167 887 2232 ecclesiastico
911 2186 981 2232 cum
1005 2187 1081 2232 cura
1103 2167 1151 2231 vel
1176 2168 1245 2231 sine
1268 2185 1354 2245 cura,
1380 2170 1543 2248 spectante
1567 2166 1605 2230 ad
1637 2165 1842 2231 collationem
1872 2173 1933 2232 etc.

426 2271 570 2353 episcopi
594 2271 878 2350 Wratislauiensis,
902 2272 934 2336 in
957 2271 1057 2336 forma
1080 2290 1265 2354 pauperum,
1289 2290 1383 2352 quam
1407 2270 1611 2336 collationem
1631 2271 1692 2336 sibi
1708 2290 1777 2335 cum
1792 2272 1934 2355 presenti

426 2375 537 2457 gracia
561 2376 642 2457 petit
665 2375 832 2454 reservari,
856 2375 1002 2458 providit,
1026 2380 1061 2440 et
1083 2375 1155 2440 aliis
1177 2394 1239 2439 non
1263 2375 1462 2440 obstantibus
1478 2380 1511 2439 et
1527 2374 1687 2454 clausulis,
1712 2376 1935 2440 executoribus

426 2478 605 2560 oportunis,
628 2479 719 2543 utin
742 2479 851 2545 lomna.

530 2582 605 2648 Fiat
635 2588 671 2648 ut
700 2583 781 2666 petit
810 2584 847 2647 R.
884 2583 937 2658 ,nt
959 2602 983 2648 s.
1009 2602 1037 2647 a.
1060 2584 1080 2648 l.
1126 2584 1198 2648 Fiat
1220 2584 1257 2648 R.
1305 2586 1342 2648 D.
1369 2583 1524 2648 Auinione
1547 2583 1626 2649 ΧΙΙΙ
1650 2584 1712 2649 kal.
1737 2584 1934 2665 Septembris

423 2704 454 2751 a.
479 2686 611 2752 decimo.

535 2806 683 2861 Clementis
702 2807 740 2859 VI
758 2807 784 2860 S.
803 2806 855 2875 Xfl
875 2812 931 2875 (21)
949 2807 967 2861 1.
989 2809 1055 2860 112¹.

422 3036 547 3101 1385.
581 3035 715 3099 Ενιισεΐο
748 3033 785 3097 de
818 3032 929 3106 Ericlr,
951 3034 1066 3096 rectori
1087 3031 1229 3116 capellae
1250 3032 1361 3096 beatae
1383 3033 1513 3098 Mariae
1534 3031 1568 3094 in
1599 3032 1932 3115 Wollcramslrausen,·)

419 3138 681 3218 Magantinensis
710 3138 850 3211 diocesis,
880 3141 1061 3201 reservatur
1091 3136 1134 3199 ad
1161 3136 1423 3219 supplicationem
1456 3135 1572 3214 Caroli,
1603 3137 1686 3216 repis
1713 3139 1932 3212 Romanorum,

419 3240 605 3322 beneficium
626 3263 697 3306 cum
718 3241 766 3306 ool
787 3243 856 3305 sine
878 3261 965 3319 cura,
991 3242 1079 3304 cuius
1095 3244 1229 3319 fructus
1250 3243 1293 3304 25
1317 3260 1398 3323 resp.
1421 3242 1464 3304 18
1479 3260 1663 3303 marcarum
1679 3241 1803 3320 arpenti
1819 3260 1844 3302 s.
1861 3244 1882 3304 t.
1900 3240 1929 3304 d.

418 3344 561 3409 arrlmem
577 3367 717 3409 annuum
732 3368 794 3409 rron
809 3345 968 3419 excellant,
985 3347 1014 3408 si
1030 3345 1110 3424 puori
1127 3344 1170 3408 aa
1185 3343 1381 3408 collationem
1399 3345 1588 3427 praepositi,
1613 3343 1725 3407 decani
1747 3349 1776 3406 ct
1798 3343 1932 3427 capitali

417 3448 571 3513 ecclesiae
600 3455 731 3514 sarraca
755 3447 864 3513 Crucis
886 3450 920 3512 in
943 3446 1201 3527 Norcllausenffl)
1227 3449 1482 3529 Mupuntinensis
1505 3448 1644 3526 diocesis,
1667 3453 1770 3526 vacat,
1793 3447 1840 3511 cel
1862 3468 1931 3512 cum

466 3555 636 3655 νασιι-υενίί.
668 3557 721 3630 ,D.
745 3555 901 3620 Aninioae
924 3556 992 3618 XII
1009 3553 1074 3618 lcal.
1098 3553 1291 3637 Septembris
1314 3574 1344 3617 a.
1368 3552 1504 3616 accinio:
1551 3552 1666 3615 Forma
1690 3555 1725 3614 ut
1746 3554 1780 3616 in
1803 3575 1832 3618 n.
1855 3558 1886 3619 2.

1381 3690 1543 3765 Acinione
1570 3693 1649 3755 1351
1675 3690 1812 3771 Augusti
1833 3694 1885 3755 21.

530 3830 680 3886 Clementis
698 3829 736 3883 VI
755 3831 787 3883 A.
807 3828 860 3896 xp
885 3833 957 3896 1117)
982 3828 1000 3882 l.
1032 3834 1088 3896 175,
1115 3828 1150 3882 de
1176 3828 1317 3882 beneficiis
1345 3844 1405 3881 curn
1432 3826 1475 3880 vel
1503 3826 1562 3881 sine
1590 3843 1657 3882 cura
1683 3843 1727 3895 qu.
1750 3827 1854 3880 1:V.
1878 3832 1930 3880 210

419 3916 440 3970 s.
462 3919 505 3969 '16'
525 3933 551 3970 n.
573 3922 628 3969 tta.
651 3948 680 3957 -
709 3917 732 3982 ⁸)
751 3914 1013 3983 ,Wolcrsnishusen‘
1031 3916 1064 3968 A.
1093 3917 1116 3980 ΙΙ)
1135 3915 1311 3981 ,Northusen‘
1330 3916 1362 3966 A.

467 3709 578 3797 H.

1072 4076 1280 4086 ———

421 4196 543 4263 1386.
565 4194 694 4273 Jacobo,
716 4198 792 4259 nato
816 4193 973 4275 quondam
995 4193 1160 4258 Bertlmlcli
1182 4193 1221 4257 cte
1244 4190 1351 4268 Ciani,
1374 4192 1540 4276 capellano
1562 4191 1681 4271 Caroli,
1705 4194 1788 4276 repis
1812 4194 1925 4257 Roma

418 4319 544 4377 norum,
567 4303 747 4363 reservatur
769 4298 813 4362 acl
833 4297 1096 4380 supplicationem
1118 4298 1255 4361 eiusdem
1277 4298 1360 4378 repis
1383 4297 1562 4379 beneficium
1583 4316 1653 4359 cum
1674 4295 1722 4360 ael
1743 4297 1811 4360 sine
1838 4317 1927 4376 cura,

419 4404 512 4468 cuius
528 4406 661 4482 fructus
681 4405 724 4467 25
747 4422 828 4484 resp.
852 4404 892 4467 18
914 4422 1097 4466 marcarum
1113 4403 1278 4481 arpentis.
1294 4406 1316 4464 t.
1334 4402 1364 4465 cl.
1381 4400 1520 4465 valorem
1535 4422 1676 4464 annuum
1691 4420 1752 4464 rmn
1766 4401 1927 4480 excedant,

417 4508 450 4570 si
472 4505 556 4589 quod
578 4507 621 4570 ad
644 4506 842 4570 collationem
866 4505 1092 4589 archiepiscopi
1114 4510 1143 4569 et
1166 4507 1356 4589 praepositi,
1380 4505 1502 4584 decani,
1525 4505 1720 4569 thesaurarii
1742 4507 1772 4568 et
1794 4504 1929 4587 capitali

419 4610 572 4675 ecclesiae
596 4610 806 4691 Mapurrtinae
835 4612 871 4673 in
891 4611 1028 4696 [ciuitate
1049 4610 1097 4675 vel
1120 4610 1235 4676 diocesi
1257 4611 1450 4692 Mapnntina
1471 4614 1574 4684 uacat,
1596 4609 1644 4673 uel
1668 4630 1737 4675 cmn
1758 4611 1927 4674 vacaverit.

525 4713 620 4815 -,D.
643 4713 801 4779 Aninione
824 4715 893 4778 ΧΗ
913 4714 977 4779 lcal.
1002 4714 1193 4797 Septembris
1216 4736 1246 4779 a.
1270 4715 1409 4780 deeima‘
1455 4715 1571 4779 Forma
1593 4718 1629 4777 ut
1650 4715 1686 4777 in
1707 4735 1737 4778 n.
1760 4718 1791 4778 2.

466 4874 510 4958 ἃ·
525 4837 579 4957 ᾗ
1375 4852 1539 4927 Acinione,
1563 4854 1646 4918 1351
1671 4852 1810 4933 Augusti
1830 4856 1883 4918 21.

528 4989 675 5045 Clementis
694 4990 732 5042 VI
750 4992 783 5042 A.
801 4989 854 5059 Xlt
874 4995 946 5055 (117)
965 4988 984 5042 f.
1004 4991 1063 5043 355¹
1080 5006 1105 5042 n.
1119 4995 1161 5057 35,
1174 4989 1208 5043 de
1222 4989 1361 5045 beneficiis
1380 4990 1515 5044 vacaturis
1527 5005 1573 5058 qu.
1588 4996 1600 5042 1
1615 5008 1648 5041 τ,
1661 4990 1690 5043 V.
1703 4994 1754 5042 208
1767 4989 1785 5043 f.
1800 4996 1869 5042 1411.
1884 4995 1925 5043 35.

1160 5133 1278 5140 .--—-

418 5254 542 5320 1387.
566 5252 745 5316 Reimbotus
768 5251 806 5315 dc
829 5252 1058 5316 Franlrcnstein
1079 5251 1249 5335 supplicat,
1272 5257 1308 5315 ut
1329 5252 1392 5316 sibi
1413 5251 1592 5335 beneficium
1614 5272 1684 5316 arm
1704 5251 1752 5315 ael
1766 5253 1833 5315 sine
1848 5273 1925 5317 cura

419 5357 463 5420 acl
495 5356 692 5421 collationem
721 5357 908 5439 praepositi,
941 5356 1118 5438 priorissae
1152 5360 1181 5420 et
1216 5359 1381 5420 concentus
1418 5355 1707 5421 sanctimonialium
1741 5355 1927 5421 umnasterii

974 5461 1092 5523 Dornus
1116 5459 1178 5523 Dei
1200 5464 1382 5524 reservetur.

1378 5547 1539 5622 ria-inione,
1564 5549 1645 5612 1351
1670 5547 1808 5628 Auptcsti
1828 5549 1880 5613 25.

521 5670 602 5734 Item
626 5669 761 5734 similem
783 5669 920 5751 graciam
943 5668 1097 5733 iacientes
1120 5669 1295 5752 Reymboto
1319 5670 1358 5734 da
1387 5669 1639 5751 Frankensteyn,
1670 5669 1784 5733 clerico
1807 5668 1925 5733 Wrati-

420 5773 592 5839 slauiensis
615 5772 761 5852 diocesis,
786 5770 1240 5839 debeneficioecclesiastico
1264 5792 1433 5839 cumcurn
1463 5774 1512 5838 vel
1544 5776 1612 5839 sine
1642 5793 1728 5852 cura,
1760 5777 1924 5854 spectante

1786 5898 1819 5946 46
