5184 7050
1876 903 1915 966 91

407 1105 502 1171 166.
520 1101 675 1167 [fanestre
691 1104 729 1168 dc
745 1105 893 1180 Hostiae,
910 1105 995 1170 ulios
1010 1106 1048 1169 dc
1065 1107 1248 1181 Pardabica,
1270 1107 1457 1190 prospicitur
1476 1109 1509 1171 in
1524 1110 1702 1191 episcopum
1717 1108 1915 1189 Propenscm.

460 1292 487 1346 X

445 1363 489 1416 .X

506 1293 680 1416 {ff}
1200 1321 1298 1405 Apud
1328 1322 1675 1399 l'illamuouom,1343
1700 1325 1818 1390 Martii
1837 1328 1868 1390 3.

513 1537 552 1600 D.
575 1536 596 1601 f.
620 1539 768 1618 Arnesto,
792 1539 894 1604 electo
918 1540 1081 1621 Pragensi,
1092 1539 1117 1619 ¹)
1141 1558 1165 1604 s.
1190 1543 1249 1604 etc.

513 1642 550 1706 In
572 1660 719 1724 supreme
750 1643 916 1725 dignitatis
940 1643 1071 1725 specula
1094 1663 1132 1707 ex
1156 1644 1255 1708 divini
1279 1644 1492 1725 disposicione
1515 1645 1639 1710 consilii
1664 1646 1841 1726 constituti,
1879 1647 1918 1710 de

409 1745 570 1811 universis
593 1746 679 1810 orbis
695 1747 849 1825 ecclesiis,
866 1750 1037 1828 quarum·l
1069 1767 1144 1812 cura
1168 1748 1259 1812 nobis
1283 1748 1425 1812 imminet
1447 1749 1615 1829 generalis,
1633 1750 1723 1813 iuxta
1745 1751 1917 1831 pastoralis

408 1847 505 1912 officii
529 1849 681 1927 debitum,
706 1857 859 1931 quantum
882 1853 974 1917 nobis
997 1872 1036 1916 cx
1059 1852 1125 1918 alto
1147 1853 1354 1934 ponnittitur,
1379 1851 1503 1916 solicite
1527 1854 1712 1934 cogitamus,
1737 1854 1793 1917 sed
1809 1872 1918 1918 earnm

409 1952 599 2032 propensior·
629 1955 797 2019 solicitudo
822 1974 878 2020 nos
902 1957 1000 2038 angit,
1031 1974 1112 2037 quas
1136 1956 1273 2038 propriis
1304 1956 1487 2036 pastoribus
1518 1955 1690 2021 destitutas
1713 1958 1919 2022 vacacionum

410 2056 623 2136 conspicimus
653 2058 816 2138 expositas
849 2059 1059 2139 detrimentis,
1094 2066 1131 2124 ut
1153 2079 1211 2142 per
1233 2065 1341 2123 nostre
1372 2059 1575 2140 providencia
1609 2060 1750 2124 studium
1773 2066 1919 2142 pastores

409 2159 456 2221 eis
480 2158 687 2240 preficiantur
718 2161 832 2240 idonei,
864 2163 931 2227 sub'
957 2183 1089 2244 quornm
1123 2164 1276 2245 regimine
1310 2163 1491 2228 huiusmodi
1527 2164 1662 2228 ecclesie
1697 2165 1920 2246 spiritualibus

410 2261 579 2342 proficiant
602 2266 805 2330 incrementis
828 2270 861 2330 et
882 2267 1113 2349 temporalibus
1144 2268 1315 2331 courmodis
1345 2268 1554 2348 gratulentur.
1602 2269 1729 2333 Dudum
1763 2268 1920 2349 siquidem

412 2367 440 2430 b.
472 2387 512 2431 m.
537 2367 693 2447 Jobanne,
725 2371 873 2453 episcopo
907 2372 1070 2454 Pragensi,
1098 2371 1242 2453 regimini
1278 2372 1448 2453 Pragensis
1482 2372 1617 2438 ecclesie
1647 2373 1829 2454 presidente
1862 2389 1919 2435 nos

412 2472 577 2552 cupientes
615 2472 718 2537 eidem
757 2475 901 2553 ecclesie,
937 2494 1007 2539 cum
1045 2495 1115 2539 eam
1149 2476 1261 2556 quovis
1294 2475 1386 2540 modo
1421 2495 1535 2541 vacare
1570 2478 1777 2558 contingeret,
1812 2481 1920 2540 nostre

410 2576 610 2655 operacionis
647 2577 824 2641 ministerio
862 2578 1034 2643 secundum
1073 2598 1127 2642 cor
1164 2584 1318 2659 nostrum,
1344 2579 1490 2644 idoneam
1532 2581 1694 2662 presidere
1742 2598 1919 2662 porsonam,

411 2678 625 2757 provisionem
656 2680 798 2746 eiusdem
829 2681 964 2746 ecclesie
998 2681 1192 2746 ordinacioui
1217 2687 1249 2746 et
1272 2683 1477 2764 disposicioni
1512 2688 1618 2747 nostre
1653 2702 1691 2747 ac
1725 2684 1811 2748 sedis
1845 2703 1921 2765 apo·

411 2780 523 2845 stolice
557 2801 596 2846 ea
631 2784 698 2848 vice
733 2784 880 2850 (irruimus
915 2786 1099 2868 specialiter
1135 2786 1371 2865 reservandam,
1406 2786 1604 2851 decernendo
1643 2791 1759 2851 extunc
1796 2789 1920 2852 irritum

412 2890 444 2948 et
479 2887 582 2966 inane,
618 2888 644 2952 si
679 2907 772 2953 secus
805 2909 902 2972 snper
935 2890 997 2954 hiis
1027 2911 1084 2973 per·
1115 2909 1320 2972 quoscunque
1350 2892 1464 2972 quiuis
1497 2891 1689 2956 auctoritate
1712 2892 1849 2956 scienter
1871 2890 1922 2955 vel

412 2989 593 3070 ignoranter
627 2993 824 3075 contingeret
858 2995 1052 3076 attemptari.
1098 2993 1303 3058 Postmodum
1338 3013 1411 3058 vero
1445 2994 1572 3076 prefata
1606 2994 1742 3059 ecclesia
1766 2994 1919 3076 Pragensi

413 3112 471 3174 per·
494 3095 615 3159 obitum
638 3097 781 3160 eiusdem
803 3097 970 3175 lobannis
994 3099 1048 3180 qui
1073 3099 1104 3162 in
1136 3097 1200 3161 illis
1232 3097 1376 3178 [curtibus
1403 3097 1545 3162 debiturn
1577 3102 1689 3161 nature
1719 3095 1922 3178 pcr·solvit,¹)

416 3198 554 3278 pastoris
578 3199 697 3263 solacio
721 3200 887 3280 destituta,
909 3219 965 3265 nos
989 3202 1030 3264 ad
1054 3201 1266 3283 provisionem
1289 3201 1391 3281 ipsius
1414 3201 1548 3265 ecclesie
1572 3200 1707 3265 celerem
1731 3206 1764 3265 et
1785 3200 1921 3280 felicem,

415 3300 454 3365 de
478 3321 540 3382 qna
566 3303 671 3367 nullus
695 3309 804 3386 preter·
826 3324 883 3369 nos
907 3324 942 3370 se
964 3305 1024 3370 lrac
1046 3307 1116 3369 vice
1139 3306 1352 3369 intromittere
1375 3305 1480 3386 potuit
1502 3322 1605 3385 ireque
1629 3308 1744 3386 potest,
1778 3323 1922 3369 reserva-

416 3407 504 3471 ciono
529 3412 561 3472 ct
584 3407 712 3471 decreto
736 3410 967 3474 obsistentibus
991 3409 1193 3492 supradictis
1227 3428 1268 3473 ne
1291 3408 1414 3490 prolixe
1437 3409 1617 3472 vocacionis
1640 3413 1853 3490 exponeretur
1875 3409 1922 3472 in·

415 3512 594 3592 commodis,
610 3513 754 3594 paternis
776 3519 809 3578 et
832 3514 966 3579 solicitis
989 3514 1105 3580 studiis
1128 3514 1341 3593 intendentes,
1366 3517 1439 3596 post
1462 3512 1736 3591 deliberacionem,
1761 3532 1857 3594 quam
1880 3513 1921 3577 do

416 3613 607 3695 preficiendo
630 3618 734 3682 eidem
757 3619 891 3683 ecclesie
925 3637 1093 3699 personam
1128 3618 1239 3682 utilem
1262 3637 1299 3682 ac
1323 3618 1423 3682 eciam
1446 3616 1641 3681 fructuosam
1676 3615 1922 3681 cumfratribus

417 3720 535 3783 nostris
558 3720 727 3786 habuimus
750 3723 943 3804 diligentem,
979 3723 1104 3787 demum
1127 3722 1167 3786 ad
1191 3726 1233 3800 te,
1263 3722 1388 3803 prefate
1411 3720 1545 3785 ecclesie
1568 3721 1731 3799 decanum,
1763 3721 1795 3783 in
1818 3739 1923 3785 sacer·-

418 3822 508 3886 docio
532 3825 750 3903 constitutum,
773 3826 953 3892 litterarum
970 3828 1108 3891 sciencia
1124 3826 1293 3908 preditum,
1316 3844 1437 3889 morum
1453 3830 1486 3890 et
1501 3826 1566 3889 vite
1581 3823 1749 3889 honestate
1764 3825 1923 3903 decorum,

418 3926 449 3989 in
472 3928 695 4008 spiritualibus
718 3932 893 4010 providum,
917 3933 948 3995 iu
972 3931 1201 4012 temporalibus
1225 3930 1488 4012 circumspectum
1513 3929 1649 4010 aliisque
1672 3928 1839 4010 grandium
1861 3928 1924 3991 vir-

418 4033 522 4095 tutum
546 4033 678 4111 meritiS,
702 4038 797 4115 prout
819 4054 857 4098 en
881 4036 1072 4098 testimoniis
1095 4034 1263 4116 fidedignis
1286 4035 1478 4113 accepimns,
1501 4032 1707 4096 laudabiliter
1729 4032 1922 4114 insignitum,

418 4133 591 4200 eluerimus
613 4138 721 4203 oculos
744 4145 851 4203 nostre
875 4141 997 4204 mentis.
1037 4140 1160 4218 Quibus
1183 4139 1328 4203 omnibus
1351 4138 1462 4202 debita
1485 4136 1694 4200 meditacione
1716 4137 1860 4217 pensatis
1884 4135 1923 4199 de

419 4256 555 4318 persona
584 4245 642 4303 tna
665 4242 789 4322 prefate
812 4244 964 4325 l‘ragensi
994 4243 1129 4308 ecclesie
1152 4243 1192 4306 dc
1216 4243 1372 4308 dictorum
1402 4240 1536 4306 fratrum
1567 4240 1698 4305 consilio
1730 4241 1924 4304 auctoritate

419 4343 597 4424 apostolica
620 4347 820 4427 providemus
843 4353 939 4429 toque
962 4348 1008 4412 illi
1031 4345 1213 4430 preficimus
1236 4349 1269 4411 in
1292 4347 1475 4429 episcopum
1498 4349 1531 4409 et
1553 4350 1723 4425 pastorem,
1759 4363 1867 4408 curam
1891 4350 1924 4408 et

420 4445 731 4512 arbirinistraeionem
755 4451 856 4532 ipsius
884 4451 1020 4516 ecclesie
1042 4452 1102 4516 tibi
1124 4456 1190 4514 tam
1215 4452 1246 4514 in
1269 4448 1492 4532 spiritualibus
1523 4465 1616 4528 quam
1641 4447 1671 4510 in
1695 4447 1923 4528 temporalibus

421 4550 563 4630 plenarie
593 4555 825 4631 committendo,
861 4555 892 4619 in
923 4555 986 4633 illo,
1021 4557 1075 4637 qui
1099 4556 1158 4619 (lat
1187 4556 1313 4636 gracias
1336 4560 1368 4619 et
1390 4553 1526 4635 largitur
1554 4552 1686 4632 premia,
1721 4551 1924 4628 confidentes,

421 4656 504 4735 quod
528 4657 640 4721 eadem
663 4658 832 4741 Pragensis
855 4660 989 4724 ecclesia
1012 4662 1119 4742 gracia
1141 4661 1200 4724 tibi
1224 4658 1420 4740 suffragante
1442 4657 1550 4720 diviua
1573 4675 1630 4737 per
1652 4661 1707 4719 tue
1722 4655 1924 4737 providencia

422 4760 561 4825 studium
584 4765 823 4842 preservabitur·
845 4765 983 4828 anoxiis
999 4770 1032 4829 et
1048 4764 1191 4829 adversis
1214 4768 1247 4828 et
1269 4765 1301 4827 in
1324 4762 1445 4827 eisdem
1468 4760 1690 4841 spiritualibus
1713 4765 1745 4823 et
1767 4765 1926 4840 tempora-

421 4864 504 4928 libus
529 4872 635 4930 actore
658 4867 783 4932 domino
806 4867 951 4949 proficiet
975 4869 1186 4932 incrementis
1213 4868 1368 4946 Quocirca
1380 4863 1407 4946 b)
1431 4864 1618 4929 discrecioni
1642 4869 1697 4928 tne
1720 4883 1777 4944 per
1799 4868 1926 4945 aposto-

423 4967 482 5033 lica
505 4970 626 5049 scripta
648 4971 843 5049 mandamus,
868 4977 1026 5052 quatenus
1049 4973 1232 5053 impositum
1254 4970 1395 5035 humeris
1417 4970 1481 5035 tuis
1504 4968 1684 5033 huiusmodi
1709 4969 1851 5048 iuguma
1871 4968 1925 5031 do-

424 5075 506 5138 mino
529 5074 643 5138 devote
666 5082 858 5156 supportans
874 5095 981 5140 curam
997 5081 1030 5140 et
1044 5077 1355 5140 administracionem
1380 5074 1541 5155 predictas
1557 5073 1603 5138 sic
1622 5090 1771 5137 exercere
1794 5072 1925 5135 studeas

426 5179 557 5256 solicite,
582 5178 721 5242 fideliter
742 5186 775 5243 et
797 5180 980 5260 prudenter,
1004 5180 1087 5260 quod
1111 5180 1223 5244 eadem
1245 5180 1382 5243 ecclesia
1406 5177 1611 5260 gubernatori
1635 5176 1765 5259 provido
1788 5184 1821 5239 et
1842 5174 1926 5239 fruc·

425 5286 515 5347 tuoso
539 5282 788 5346 administratori
821 5284 960 5365 gaudeat
983 5302 1017 5348 se
1041 5285 1248 5362 commissam,
1283 5290 1383 5363 tuque
1405 5281 1537 5363 proinde
1560 5286 1668 5362 preter·
1701 5284 1810 5343 eterne
1832 5280 1926 5343 retri-

426 5385 568 5450 bucionis
602 5387 754 5468 premium
788 5392 929 5451 nostram
963 5406 999 5451 ac
1033 5387 1119 5451 dicte
1153 5388 1239 5452 sedis
1271 5386 1529 5452 benediccionem
1560 5390 1592 5448 et
1621 5385 1763 5466 graciam
1796 5383 1927 5447 uberius
1963 5404 1967 5412 ·

427 5491 575 5570 consequi
597 5491 758 5554 merearis.
794 5492 832 5554 b.
856 5492 940 5574 apud
963 5492 1079 5556 Villam
1103 5511 1227 5570 nouam,
1252 5492 1288 5555 Α.
1313 5490 1353 5568 d,
1377 5490 1405 5554 V
1428 5509 1498 5554 non.
1524 5489 1637 5553 Marcii
1660 5506 1688 5551 a.
1712 5488 1823 5568 primo.

524 5596 562 5660 In
585 5614 612 5659 e.
635 5614 675 5659 m.
700 5595 751 5659 dd.
774 5594 805 5659 ff.
830 5596 969 5678 capitulo
1000 5596 1134 5661 ecclesie
1165 5597 1336 5679 Pragensis
1358 5613 1383 5660 s.
1408 5600 1468 5660 etc.
1514 5594 1550 5658 In
1581 5611 1726 5676 supreme
1757 5592 1925 5674 dignitatis

429 5700 555 5783 specula
578 5707 638 5764 etc.
662 5719 763 5781 usque
792 5699 937 5781 proficiet
967 5701 1179 5767 incrementis.
1225 5702 1382 5779 Quocirca
1405 5700 1434 5764 d.
1459 5719 1486 5762 v.
1512 5717 1569 5779 per
1598 5696 1775 5778 apostolica
1808 5696 1929 5777 scripta

427 5805 621 5882 mandamus,
644 5809 802 5885 quatenus
825 5806 927 5868 eidem
951 5806 1052 5869 electo
1076 5810 1226 5885 tanquam
1249 5805 1334 5886 patri
1358 5809 1391 5867 et
1414 5804 1533 5885 pastori
1558 5802 1733 5865 animarum
1750 5804 1928 5863 vestrarum
