5184 7050
1811 833 1812 836 ‘
1861 874 1922 939 rar

422 1073 516 1141 224.
542 1073 696 1138 Nicotaus
711 1074 852 1139 Araaldi
867 1075 905 1139 ce
920 1073 1056 1139 §tractae
1069 1074 1241 1159 supplicat,
1257 1082 1412 1160 quatenns
1435 1077 1496 1142 sibi
1517 1078 1555 1142 dc
1570 1076 1760 1142 canonicatu
1780 1078 1929 1144 ecclcsiae

702 1177 868 1259 Apricasis
890 1178 947 1243 sub
969 1182 1184 1264 expectatione
1204 1182 1411 1262 praebendae.
1419 1182 1636 1266 provideatur.

1319 1336 1323 1344 '
1425 1356 1587 1432 avenam,
1610 1358 1697 1421 1343
1720 1355 1804 1423 Jaa
1828 1359 1879 1422 ιι.

527 1525 695 1608 Supplicat
717 1527 747 1594 S.
771 1527 809 1592 V.
833 1526 967 1594 devotas
990 1547 1018 1592 v.
1035 1528 1056 1593 f.
1073 1533 1106 1593 et
1122 1535 1231 1596 orator
1252 1529 1405 1594 Nicolaus
1427 1529 1561 1594 Arnaldi
1577 1530 1617 1594 de
1632 1530 1776 1609 Strelica
1793 1530 1928 1596 clericus

420 1628 697 1695 Wratislauiensis
720 1630 866 1710 diocesis,
890 1650 981 1712 quem
1005 1634 1161 1697 sanctitas
1184 1634 1305 1710 eadem,
1323 1632 1396 1697 dum
1416 1637 1486 1697 erat
1501 1634 1533 1697 in
1548 1634 1725 1698 minoribns
1741 1634 1926 1713 constituta,

420 1732 451 1794 in
475 1731 625 1799 clericum
648 1740 814 1817 receperat
836 1737 1088 1815 commensalem,
1112 1741 1270 1818 quatenns
1293 1737 1355 1801 sibi
1386 1735 1556 1818 specialem
1587 1738 1728 1819 graciam
1760 1736 1925 1816 fatientes,

419 1836 448 1899 ei
473 1835 513 1901 de
536 1839 725 1904 canonicatu
748 1839 884 1905 ecclesie
906 1841 1071 1922 Agriensis
1095 1842 1265 1924 dignemini
1288 1840 1465 1922 providere,
1488 1840 1682 1922 prebendam
1705 1860 1790 1920 vero,
1815 1842 1842 1905 si
1863 1860 1926 1923 qua

409 1940 452 2002 in
475 1939 562 2004 dicta
585 1942 722 2008 ecclesia
744 1944 795 2007 vel
818 1949 910 2010 extra
933 1963 1003 2008 eam
1026 1950 1120 2010 vacat
1143 1944 1183 2009 ad
1207 1962 1348 2026 presens,
1374 1944 1422 2008 vel
1446 1962 1518 2008 cum
1540 1947 1711 2024 vacaverit,
1729 1949 1926 2028 spectantem

420 2043 460 2107 ad
485 2031 691 2110 collationem
714 2047 763 2112 vel
787 2066 925 2129 prov...
950 2049 1090 2130 episcopi
1115 2049 1289 2131 Agriensis,
1315 2047 1416 2112 eidem
1440 2047 1573 2111 Nicolae
1592 2047 1813 2112 conferendam
1830 2049 1926 2113 dena·

419 2146 503 2212 ciani
526 2149 702 2229 apostolice
726 2150 896 2232 dignemini
927 2169 1102 2229 reservare,
1126 2171 1196 2217 cum
1221 2151 1444 2232 acceptatione
1468 2155 1538 2230 ete,
1562 2169 1624 2216 nan
1659 2151 1817 2231 obstante,
1841 2151 1925 2233 qnod

420 2249 503 2315 idem
534 2251 688 2319 Nicotaus
720 2254 751 2317 in
781 2254 919 2320 ecclesia
941 2254 1183 2337 Wesprimiensi
1213 2273 1271 2337 per
1301 2254 1486 2335 episcopum
1516 2260 1549 2318 et
1579 2255 1753 2336 capitulum
1784 2253 1925 2319 eiusdem

418 2353 556 2418 ecclesie
580 2357 773 2422 auctoritate
795 2357 957 2422 ordinaria
981 2359 1013 2423 in
1036 2359 1221 2424 canonicum
1246 2361 1295 2422 est
1324 2363 1482 2439 receptus,
1514 2375 1571 2422 sen
1601 2359 1683 2440 quod
1703 2410 1733 2423 ..
1758 2359 1926 2440 episcopus

420 2458 595 2539 agriensis,
619 2462 672 2542 qui
696 2446 780 2527 nune
803 2467 862 2540 est,
886 2462 947 2526 sibi
974 2467 1094 2526 certam
1129 2480 1264 2526 annuam
1289 2462 1474 2543 pensionem
1504 2461 1544 2525 ad
1576 2462 1714 2528 valorem
1743 2461 1925 2527 reddituum

419 2563 581 2641 prebende
615 2566 810 2632 canonicalis
843 2567 987 2647 predicte
1020 2565 1155 2630 ecclesie
1188 2566 1363 2647 Agriensis,
1398 2583 1562 2648 quousque
1596 2567 1628 2629 in
1665 2566 1751 2630 dicta
1789 2565 1925 2631 ecclesia

419 2665 567 2747 Agriensi
589 2686 648 2750 per
670 2670 874 2735 collacionem
897 2688 954 2736 aen
976 2671 1189 2752 provisionem
1211 2671 1313 2752 ipsius
1337 2670 1557 2736 canonicatum
1573 2676 1605 2735 et
1620 2671 1813 2752 prebendam
1829 2668 1926 2734 luerit

418 2777 595 2849 assecutus,
619 2772 658 2837 de
680 2774 772 2838 bonis
794 2774 1029 2856 episcopalibus
1049 2775 1210 2839 ministrat
1231 2780 1264 2839 et
1286 2773 1449 2856 persolvit,
1466 2791 1561 2853 qnam
1584 2773 1712 2854 quidem
1734 2775 1919 2856 pensionem

420 2879 492 2955 post
515 2877 752 2941 assecutionem
776 2879 912 2945 alicuius
936 2878 1095 2960 prebende
1118 2879 1150 2941 in
1173 2878 1259 2942 dicta
1283 2878 1420 2943 ecclesia
1442 2877 1589 2958 Agriensi
1613 2877 1774 2942 dimittere
1796 2884 1846 2942 est
1867 2896 1924 2959 pa-

423 2985 521 3057 ratus,
546 2984 674 3044 etcum
698 2981 770 3046 abis
794 3001 855 3047 non
878 2983 1079 3048 obstantibus
1101 2988 1134 3046 et
1157 2981 1311 3048 clausulis
1333 2981 1498 3064 oportunis
1521 2987 1553 3045 et
1576 2982 1807 3046 executoribus.

524 3083 599 3148 Fiat
621 3083 658 3148 R.
702 3085 744 3150 Et
767 3105 795 3166 q.
819 3092 843 3151 t.
867 3105 892 3150 s.
915 3105 943 3150 a.
968 3086 987 3151 l.
1027 3086 1100 3150 Fiat
1122 3086 1158 3150 R.
1173 3085 1195 3165 ¹)
1235 3087 1273 3150 D.
1298 3086 1455 3150 Aninioae
1479 3086 1528 3151 111
1552 3085 1592 3149 id.
1617 3085 1696 3149 Julii
1721 3104 1749 3148 a.
1773 3083 1922 3149 secunda.
2024 3111 2026 3116 ι

525 3271 676 3326 Clementis
695 3273 732 3326 vl
752 3272 770 3325 S
789 3274 844 3341 Ille
864 3278 902 3343 (a)
921 3274 940 3331 l.
959 3280 1001 3328 90.
1021 3306 1052 3313 -
1075 3276 1092 3339 ¹)
1112 3273 1204 3329 littera
1222 3274 1284 3342 ipsa
1303 3290 1357 3327 uon
1377 3281 1419 3327 est
1438 3278 1567 3342 roperta

418 3811 512 3876 226.
538 3808 752 3893 &infirmatur
768 3832 840 3895 pac
854 3816 884 3875 et
900 3812 1065 3877 concordia
1083 3819 1181 3894 facta
1197 3814 1279 3877 iuter
1293 3814 1472 3897 maumam
1487 3816 1517 3875 ct
1531 3811 1705 3896 capitulam
1720 3816 1751 3877 ct
1766 3787 1924 3877 civitatem

424 3916 630 3981 l'asotcascm
650 3936 747 4001 saper
767 3917 914 3981 exercitio
936 3916 1022 3981 ottae
1044 3921 1074 3981 ct
1095 3917 1211 3982 bassae
1231 3917 1461 3982 iurisdictionis
1483 3915 1667 4001 temporalis
1696 3917 1731 3980 ia
1759 3915 1925 3980 medietate

1023 4021 1161 4086 ciasdm
1181 4022 1331 4087 deitatis.

470 4191 577 4246 .CXL.
1223 4193 1321 4279 Apud
1349 4194 1589 4268 Villamuooam,
1611 4196 1698 4258 1343
1720 4192 1806 4259 Julii
1826 4196 1879 4258 18.

522 4402 572 4466 Ad
605 4407 793 4485 perpetuam
828 4404 872 4467 rei
907 4403 1099 4467 mernonam.
1145 4403 1239 4468 Pacis
1272 4403 1388 4467 bonum
1422 4408 1455 4467 et
1478 4401 1643 4466 concordie
1667 4402 1845 4466 unitatem.
1864 4452 1871 4466 .
1889 4453 1921 4467 ..

412 4508 572 4573 Exhibita
595 4506 751 4589 siquidem
775 4507 865 4571 trabis
889 4526 916 4570 v.
941 4507 962 4571 f.
987 4527 1065 4571 ιι...
1090 4508 1231 4588 episcopi
1254 4512 1287 4573 et
1311 4505 1361 4571 dd.
1386 4504 1417 4570 ff.
1442 4505 1573 4588 capituli
1590 4506 1779 4569 Vasatensis
1802 4524 1922 4569 necnon

413 4612 640 4678 universitatis
670 4611 811 4677 civitatis
835 4610 1022 4675 Vasatensis
1052 4611 1170 4694 peticio
1201 4610 1393 4687 continebat,
1419 4608 1501 4690 qued
1525 4608 1599 4673 olim
1623 4610 1705 4672 inter
1739 4610 1922 4690 episcopum

412 4736 454 4780 ex
480 4720 573 4797 parte
597 4733 660 4779 una
683 4721 716 4780 et
738 4714 912 4797 capitulum
935 4714 1095 4796 predictas
1119 4733 1216 4795 super
1238 4714 1393 4777 exercicia
1416 4713 1483 4777 alte
1506 4717 1538 4776 et
1563 4711 1658 4776 basse
1690 4710 1922 4775 iurisdictionis

413 4819 604 4901 temporalis
627 4819 659 4883 in
682 4818 854 4882 medietate
877 4817 1018 4881 civitatis
1041 4817 1182 4882 eiusdem
1212 4836 1269 4898 pro
1300 4816 1446 4895 indivisa,
1481 4835 1574 4898 qnam
1609 4816 1778 4898 episcopus
1813 4814 1852 4878 ad
1888 4833 1922 4878 se

409 4923 518 4989 solum
542 4929 575 4988 et
597 4922 772 5004 capitulum
793 4920 911 5001 prefati
934 4920 975 4984 ad
999 4920 1085 5003 ipsos
1109 4926 1142 4985 et
1164 4921 1297 4985 eundern
1321 4922 1505 5002 episcopum
1528 4921 1735 4984 communiter
1760 4919 1922 5001 pertinere

415 5027 577 5104 dicebant,
601 5044 639 5089 ex
664 5024 766 5089 altera
789 5029 859 5087 orta
881 5023 1016 5087 materia
1039 5023 1225 5104 questionis,
1248 5024 1387 5102 tandem,
1405 5025 1480 5106 quia
1495 5044 1554 5106 per
1576 5030 1697 5088 eertum
1721 5023 1923 5103 compromis-

416 5132 538 5196 sariam
569 5147 667 5211 snper
696 5128 755 5193 boc
786 5128 993 5192 cevnmuniter
1015 5146 1035 5191 a
1057 5128 1203 5209 partibus
1234 5128 1313 5208 ipsis
1343 5133 1540 5209 assumptum
1575 5126 1771 5191 declaratum
1805 5126 1922 5207 extitit,

416 5235 501 5316 quod
524 5232 705 5298 huiusmodi
728 5231 908 5297 iurisdictio
932 5231 972 5295 ad
996 5232 1082 5312 ipsos
1105 5231 1288 5312 episcopum
1320 5236 1353 5297 et
1382 5231 1557 5312 capitulam
1588 5231 1795 5295 conunnniter
1824 5229 1921 5311 perti-

415 5344 516 5417 neret,
540 5337 618 5401 dicti
641 5336 832 5400 universitas
856 5341 1037 5400 asserentes
1060 5353 1095 5401 se
1116 5353 1278 5416 nunqnam
1302 5334 1402 5400 luisse
1425 5336 1482 5400 sub
1515 5334 1652 5399 dominio
1684 5332 1818 5414 capituli
1851 5351 1922 5413 pre·

417 5443 574 5507 dictorum
608 5459 666 5503 nec
699 5457 770 5503 esse
804 5438 886 5503 velle
920 5438 1132 5503 declaracieni
1157 5456 1191 5503 se
1215 5445 1433 5520 opposuerant
1455 5439 1558 5503 eidem
1582 5444 1615 5502 et
1637 5436 1864 5521 pretendentes
1887 5454 1922 5501 se

416 5546 569 5612 habuisse
599 5543 755 5608 inradiam
786 5549 818 5607 et
848 5542 1047 5609 consulatum
1079 5562 1116 5607 ac
1145 5543 1193 5608 eis
1224 5561 1258 5606 se
1280 5544 1424 5624 privatos
1446 5544 1566 5608 iniuste
1588 5541 1689 5605 fuisse
1711 5546 1923 5622 procurarunt

418 5670 474 5733 per
497 5648 697 5713 carissimum
720 5648 752 5711 in
776 5645 902 5711 (iluisto
926 5647 947 5711 f.
971 5665 1000 5710 n.
1024 5644 1213 5725 Jolrannem,
1236 5665 1343 5728 regem
1367 5646 1496 5712 Boemie
1519 5646 1685 5723 illustrem,
1706 5648 1781 5707 tnnc
1803 5641 1921 5706 locum-

418 5760 578 5820 tenentem
603 5753 636 5816 in
659 5751 817 5817 Vasconis
841 5750 997 5814 carissimi
1020 5750 1052 5814 in
1077 5749 1203 5814 Christo
1226 5750 1247 5815 f.
1272 5768 1301 5813 ιι.
1326 5749 1475 5832 Philippi,
1499 5750 1583 5831 regis
1612 5747 1746 5812 Francia
1776 5745 1920 5824 illustris,
