<?xml version="1.0" encoding="UTF-8"?>
<!DOCTYPE html PUBLIC "-//W3C//DTD XHTML 1.0 Transitional//EN"
    "http://www.w3.org/TR/xhtml1/DTD/xhtml1-transitional.dtd">
<html xmlns="http://www.w3.org/1999/xhtml" xml:lang="en" lang="en">
 <head>
  <title>
</title>
<meta http-equiv="Content-Type" content="text/html;charset=utf-8" />
  <meta name='ocr-system' content='tesseract 3.04.00' />
  <meta name='ocr-capabilities' content='ocr_page ocr_carea ocr_par ocr_line ocrx_word'/>
</head>
<body>
  <div class='ocr_page' id='page_1' title='image "./monumentavatica01vatigoog_0422.png"; bbox 0 0 5184 7050; ppageno 0'>
   <div class='ocr_carea' id='block_1_1' title="bbox 543 825 606 891">
    <p class='ocr_par' dir='ltr' id='par_1_1' title="bbox 543 825 606 891">
     <span class='ocr_line' id='line_1_1' title="bbox 543 825 606 891; baseline 0 0"><span class='ocrx_word' id='word_1_1' title='bbox 543 825 606 891; x_wconf 84' lang='lat'>398</span> 
     </span>
    </p>
   </div>
   <div class='ocr_carea' id='block_1_2' title="bbox 541 1031 2034 1323">
    <p class='ocr_par' dir='ltr' id='par_1_2' title="bbox 541 1031 2034 1323">
     <span class='ocr_line' id='line_1_2' title="bbox 544 1031 2034 1115; baseline 0.002 -19"><span class='ocrx_word' id='word_1_2' title='bbox 544 1032 637 1097; x_wconf 73' lang='lat'><strong><em>671.</em></strong></span> <span class='ocrx_word' id='word_1_3' title='bbox 662 1031 851 1110; x_wconf 66' lang='lat' dir='ltr'>salvabas,</span> <span class='ocrx_word' id='word_1_4' title='bbox 872 1053 928 1097; x_wconf 78' lang='lat' dir='ltr'>rea</span> <span class='ocrx_word' id='word_1_5' title='bbox 952 1032 1111 1108; x_wconf 81' lang='lat' dir='ltr'>Poloaioe,</span> <span class='ocrx_word' id='word_1_6' title='bbox 1141 1037 1282 1113; x_wconf 75' lang='lat' dir='ltr'>reputor,</span> <span class='ocrx_word' id='word_1_7' title='bbox 1314 1038 1469 1115; x_wconf 71' lang='lat' dir='ltr'>gauterius</span> <span class='ocrx_word' id='word_1_8' title='bbox 1498 1035 1626 1099; x_wconf 78' lang='lat' dir='ltr'>nuntios</span> <span class='ocrx_word' id='word_1_9' title='bbox 1649 1033 1693 1098; x_wconf 84' lang='lat' dir='ltr'>od</span> <span class='ocrx_word' id='word_1_10' title='bbox 1723 1034 1847 1098; x_wconf 76' lang='lat' dir='ltr'>curiam</span> <span class='ocrx_word' id='word_1_11' title='bbox 1873 1036 2034 1099; x_wconf 76' lang='lat' dir='ltr'><em>Romanam</em></span> 
     </span>
     <span class='ocr_line' id='line_1_3' title="bbox 541 1135 2034 1221; baseline 0.002 -24"><span class='ocrx_word' id='word_1_12' title='bbox 541 1136 660 1213; x_wconf 63' lang='lat' dir='ltr'>armat,</span> <span class='ocrx_word' id='word_1_13' title='bbox 683 1136 738 1216; x_wconf 75' lang='lat' dir='ltr'>qui</span> <span class='ocrx_word' id='word_1_14' title='bbox 762 1135 800 1199; x_wconf 85' lang='lat' dir='ltr'>do</span> <span class='ocrx_word' id='word_1_15' title='bbox 822 1137 1047 1214; x_wconf 78' lang='lat' dir='ltr'>reformatione</span> <span class='ocrx_word' id='word_1_16' title='bbox 1064 1139 1159 1220; x_wconf 80' lang='lat' dir='ltr'>prucis</span> <span class='ocrx_word' id='word_1_17' title='bbox 1181 1140 1265 1203; x_wconf 45' lang='lat' dir='ltr'>‘itote-r</span> <span class='ocrx_word' id='word_1_18' title='bbox 1286 1160 1355 1201; x_wconf 83' lang='lat' dir='ltr'>eum</span> <span class='ocrx_word' id='word_1_19' title='bbox 1378 1142 1408 1200; x_wconf 80' lang='lat' dir='ltr'>ot</span> <span class='ocrx_word' id='word_1_20' title='bbox 1430 1160 1532 1220; x_wconf 70' lang='lat' dir='ltr'>rogem</span> <span class='ocrx_word' id='word_1_21' title='bbox 1556 1138 1727 1202; x_wconf 78' lang='lat' dir='ltr'>Robonu&#39;oe</span> <span class='ocrx_word' id='word_1_22' title='bbox 1749 1160 1844 1219; x_wconf 77' lang='lat' dir='ltr'>oyere</span> <span class='ocrx_word' id='word_1_23' title='bbox 1862 1138 1994 1221; x_wconf 72' lang='lat' dir='ltr'>possint,</span> <span class='ocrx_word' id='word_1_24' title='bbox 2010 1143 2034 1202; x_wconf 85' lang='lat' dir='ltr'>el</span> 
     </span>
     <span class='ocr_line' id='line_1_4' title="bbox 822 1242 1778 1323; baseline 0.004 -21"><span class='ocrx_word' id='word_1_25' title='bbox 822 1245 859 1302; x_wconf 80' lang='lat' dir='ltr'>at</span> <span class='ocrx_word' id='word_1_26' title='bbox 882 1261 952 1304; x_wconf 80' lang='lat' dir='ltr'>curn</span> <span class='ocrx_word' id='word_1_27' title='bbox 974 1242 1079 1306; x_wconf 81' lang='lat' dir='ltr'>eodem</span> <span class='ocrx_word' id='word_1_28' title='bbox 1102 1264 1173 1322; x_wconf 72' lang='lat' dir='ltr'>repe</span> <span class='ocrx_word' id='word_1_29' title='bbox 1195 1242 1367 1307; x_wconf 74' lang='lat' dir='ltr'>Bodobrica</span> <span class='ocrx_word' id='word_1_30' title='bbox 1389 1242 1510 1306; x_wconf 72' lang='lat' dir='ltr'>tartareo</span> <span class='ocrx_word' id='word_1_31' title='bbox 1532 1247 1660 1323; x_wconf 76' lang='lat' dir='ltr'>trcmyos</span> <span class='ocrx_word' id='word_1_32' title='bbox 1683 1243 1778 1307; x_wconf 70' lang='lat' dir='ltr'>isreal.</span> 
     </span>
    </p>
   </div>
   <div class='ocr_carea' id='block_1_3' title="bbox 1545 1431 1999 1513">
    <p class='ocr_par' dir='ltr' id='par_1_3' title="bbox 1545 1431 1999 1513">
     <span class='ocr_line' id='line_1_5' title="bbox 1545 1431 1999 1513; baseline 0.002 -16"><span class='ocrx_word' id='word_1_33' title='bbox 1545 1431 1707 1513; x_wconf 67' lang='lat' dir='ltr'>Asinam,</span> <span class='ocrx_word' id='word_1_34' title='bbox 1732 1434 1820 1497; x_wconf 81' lang='lat'><em>1346</em></span> <span class='ocrx_word' id='word_1_35' title='bbox 1843 1433 1927 1497; x_wconf 75' lang='lat' dir='ltr'>Mob⁸</span> <span class='ocrx_word' id='word_1_36' title='bbox 1950 1438 1999 1498; x_wconf 80' lang='lat'>22.</span> 
     </span>
    </p>
   </div>
   <div class='ocr_carea' id='block_1_4' title="bbox 543 1656 2054 5809">
    <p class='ocr_par' dir='ltr' id='par_1_4' title="bbox 543 1656 2054 5809">
     <span class='ocr_line' id='line_1_6' title="bbox 650 1656 2039 1740; baseline -0.001 -19"><span class='ocrx_word' id='word_1_37' title='bbox 650 1657 684 1721; x_wconf 86' lang='lat' dir='ltr'>C.</span> <span class='ocrx_word' id='word_1_38' title='bbox 709 1656 740 1720; x_wconf 91' lang='lat' dir='ltr'>in</span> <span class='ocrx_word' id='word_1_39' title='bbox 766 1656 822 1722; x_wconf 85' lang='lat' dir='ltr'>ch.</span> <span class='ocrx_word' id='word_1_40' title='bbox 846 1657 867 1721; x_wconf 88' lang='lat' dir='ltr'>f.</span> <span class='ocrx_word' id='word_1_41' title='bbox 892 1658 1060 1736; x_wconf 83' lang='lat' dir='ltr'>llaslmiro,</span> <span class='ocrx_word' id='word_1_42' title='bbox 1084 1658 1150 1740; x_wconf 90' lang='lat' dir='ltr'>regi</span> <span class='ocrx_word' id='word_1_43' title='bbox 1174 1658 1304 1722; x_wconf 84' lang='lat' dir='ltr'>Polonie</span> <span class='ocrx_word' id='word_1_44' title='bbox 1328 1657 1454 1721; x_wconf 84' lang='lat' dir='ltr'><strong>illustri.</strong></span> <span class='ocrx_word' id='word_1_45' title='bbox 1490 1658 1702 1722; x_wconf 82' lang='lat' dir='ltr'>Attendentes</span> <span class='ocrx_word' id='word_1_46' title='bbox 1733 1658 1821 1723; x_wconf 84' lang='lat' dir='ltr'>varia</span> <span class='ocrx_word' id='word_1_47' title='bbox 1844 1676 2039 1738; x_wconf 88' lang='lat' dir='ltr'>personarum</span> 
     </span>
     <span class='ocr_line' id='line_1_7' title="bbox 544 1760 2041 1844; baseline 0 -19"><span class='ocrx_word' id='word_1_48' title='bbox 544 1766 577 1825; x_wconf 91' lang='lat' dir='ltr'>et</span> <span class='ocrx_word' id='word_1_49' title='bbox 599 1781 705 1826; x_wconf 89' lang='lat' dir='ltr'>rerum</span> <span class='ocrx_word' id='word_1_50' title='bbox 728 1760 895 1843; x_wconf 87' lang='lat' dir='ltr'>dispendia</span> <span class='ocrx_word' id='word_1_51' title='bbox 918 1767 951 1827; x_wconf 89' lang='lat' dir='ltr'>et</span> <span class='ocrx_word' id='word_1_52' title='bbox 981 1763 1156 1827; x_wconf 89' lang='lat' dir='ltr'>animarum</span> <span class='ocrx_word' id='word_1_53' title='bbox 1187 1762 1326 1826; x_wconf 80' lang='lat' dir='ltr'>aunarius</span> <span class='ocrx_word' id='word_1_54' title='bbox 1356 1762 1534 1844; x_wconf 87' lang='lat' dir='ltr'>plangenda</span> <span class='ocrx_word' id='word_1_55' title='bbox 1563 1762 1715 1844; x_wconf 86' lang='lat' dir='ltr'>pericula,</span> <span class='ocrx_word' id='word_1_56' title='bbox 1747 1780 1810 1843; x_wconf 90' lang='lat' dir='ltr'>quo</span> <span class='ocrx_word' id='word_1_57' title='bbox 1837 1761 2041 1825; x_wconf 88' lang='lat' dir='ltr'>dissensiones</span> 
     </span>
     <span class='ocr_line' id='line_1_8' title="bbox 543 1865 2041 1947; baseline 0.001 -20"><span class='ocrx_word' id='word_1_58' title='bbox 543 1868 577 1928; x_wconf 90' lang='lat' dir='ltr'>et</span> <span class='ocrx_word' id='word_1_59' title='bbox 598 1884 722 1945; x_wconf 81' lang='lat' dir='ltr'>guerro,</span> <span class='ocrx_word' id='word_1_60' title='bbox 746 1883 824 1946; x_wconf 84' lang='lat' dir='ltr'>quas</span> <span class='ocrx_word' id='word_1_61' title='bbox 847 1865 947 1929; x_wconf 88' lang='lat' dir='ltr'>lrostis</span> <span class='ocrx_word' id='word_1_62' title='bbox 969 1867 1119 1947; x_wconf 86' lang='lat' dir='ltr'>antiquus</span> <span class='ocrx_word' id='word_1_63' title='bbox 1142 1866 1271 1930; x_wconf 90' lang='lat' dir='ltr'>humani</span> <span class='ocrx_word' id='word_1_64' title='bbox 1294 1866 1420 1947; x_wconf 89' lang='lat' dir='ltr'>generis</span> <span class='ocrx_word' id='word_1_65' title='bbox 1452 1866 1534 1929; x_wconf 90' lang='lat' dir='ltr'>iuter</span> <span class='ocrx_word' id='word_1_66' title='bbox 1556 1869 1598 1942; x_wconf 90' lang='lat' dir='ltr'>to,</span> <span class='ocrx_word' id='word_1_67' title='bbox 1630 1865 1792 1930; x_wconf 77' lang='lat' dir='ltr'><strong>carissime</strong></span> <span class='ocrx_word' id='word_1_68' title='bbox 1816 1865 1872 1944; x_wconf 87' lang='lat' dir='ltr'>lili,</span> <span class='ocrx_word' id='word_1_69' title='bbox 1901 1885 1939 1929; x_wconf 85' lang='lat' dir='ltr'>ox</span> <span class='ocrx_word' id='word_1_70' title='bbox 1964 1870 2041 1947; x_wconf 82' lang='lat' dir='ltr'>parte</span> 
     </span>
     <span class='ocr_line' id='line_1_9' title="bbox 544 1957 2040 2050; baseline 0.001 -20"><span class='ocrx_word' id='word_1_71' title='bbox 544 1987 615 2046; x_wconf 85' lang='lat' dir='ltr'>uria,</span> <span class='ocrx_word' id='word_1_72' title='bbox 639 1974 671 2032; x_wconf 91' lang='lat' dir='ltr'>et</span> <span class='ocrx_word' id='word_1_73' title='bbox 695 1989 720 2032; x_wconf 91' lang='lat' dir='ltr'>c.</span> <span class='ocrx_word' id='word_1_74' title='bbox 745 1969 776 2032; x_wconf 93' lang='lat' dir='ltr'>iu</span> <span class='ocrx_word' id='word_1_75' title='bbox 801 1968 927 2033; x_wconf 85' lang='lat' dir='ltr'>Christo</span> <span class='ocrx_word' id='word_1_76' title='bbox 951 1970 972 2034; x_wconf 88' lang='lat' dir='ltr'>f.</span> <span class='ocrx_word' id='word_1_77' title='bbox 996 1989 1026 2033; x_wconf 93' lang='lat' dir='ltr'>n.</span> <span class='ocrx_word' id='word_1_78' title='bbox 1040 1957 1240 2048; x_wconf 58' lang='lat' dir='ltr'>&#39;valronnom</span> <span class='ocrx_word' id='word_1_79' title='bbox 1264 1988 1371 2049; x_wconf 84' lang='lat' dir='ltr'>regern</span> <span class='ocrx_word' id='word_1_80' title='bbox 1395 1970 1524 2033; x_wconf 86' lang='lat' dir='ltr'>Boenrio</span> <span class='ocrx_word' id='word_1_81' title='bbox 1547 1968 1712 2047; x_wconf 90' lang='lat' dir='ltr'>illustrem,</span> <span class='ocrx_word' id='word_1_82' title='bbox 1741 1969 1876 2050; x_wconf 87' lang='lat' dir='ltr'>eiusque</span> <span class='ocrx_word' id='word_1_83' title='bbox 1899 1974 1990 2032; x_wconf 86' lang='lat' dir='ltr'>natos</span> <span class='ocrx_word' id='word_1_84' title='bbox 2009 1989 2040 2031; x_wconf 59' lang='lat' dir='ltr'>rix</span> 
     </span>
     <span class='ocr_line' id='line_1_10' title="bbox 543 2071 2041 2155; baseline 0.001 -20"><span class='ocrx_word' id='word_1_85' title='bbox 543 2071 646 2136; x_wconf 85' lang='lat' dir='ltr'>altera</span> <span class='ocrx_word' id='word_1_86' title='bbox 669 2073 823 2137; x_wconf 83' lang='lat' dir='ltr'>suscitare</span> <span class='ocrx_word' id='word_1_87' title='bbox 846 2073 978 2152; x_wconf 75' lang='lat' dir='ltr'>studuit,</span> <span class='ocrx_word' id='word_1_88' title='bbox 1003 2074 1220 2155; x_wconf 86' lang='lat' dir='ltr'>produxerunt</span> <span class='ocrx_word' id='word_1_89' title='bbox 1242 2079 1275 2138; x_wconf 90' lang='lat' dir='ltr'>et</span> <span class='ocrx_word' id='word_1_90' title='bbox 1297 2074 1518 2155; x_wconf 81' lang='lat' dir='ltr'>periculosius,</span> <span class='ocrx_word' id='word_1_91' title='bbox 1535 2074 1595 2137; x_wconf 91' lang='lat' dir='ltr'>nisi</span> <span class='ocrx_word' id='word_1_92' title='bbox 1615 2074 1838 2155; x_wconf 80' lang='lat' dir='ltr'>provideretur</span> <span class='ocrx_word' id='word_1_93' title='bbox 1861 2073 1965 2152; x_wconf 87' lang='lat' dir='ltr'>aliter,</span> <span class='ocrx_word' id='word_1_94' title='bbox 1980 2092 2041 2155; x_wconf 89' lang='lat' dir='ltr'>pro·</span> 
     </span>
     <span class='ocr_line' id='line_1_11' title="bbox 543 2176 2041 2260; baseline 0.001 -21"><span class='ocrx_word' id='word_1_95' title='bbox 543 2176 661 2240; x_wconf 88' lang='lat' dir='ltr'>ducere</span> <span class='ocrx_word' id='word_1_96' title='bbox 683 2179 921 2256; x_wconf 89' lang='lat' dir='ltr'>comminantur,</span> <span class='ocrx_word' id='word_1_97' title='bbox 946 2178 1183 2249; x_wconf 82' lang='lat' dir='ltr'>considerantes</span> <span class='ocrx_word' id='word_1_98' title='bbox 1214 2198 1339 2260; x_wconf 89' lang='lat' dir='ltr'>quoque</span> <span class='ocrx_word' id='word_1_99' title='bbox 1371 2180 1459 2243; x_wconf 89' lang='lat' dir='ltr'>varia</span> <span class='ocrx_word' id='word_1_100' title='bbox 1489 2178 1660 2256; x_wconf 88' lang='lat' dir='ltr'>commoda,</span> <span class='ocrx_word' id='word_1_101' title='bbox 1691 2197 1753 2259; x_wconf 86' lang='lat' dir='ltr'>que</span> <span class='ocrx_word' id='word_1_102' title='bbox 1783 2197 1845 2241; x_wconf 93' lang='lat' dir='ltr'>non</span> <span class='ocrx_word' id='word_1_103' title='bbox 1870 2177 1971 2241; x_wconf 90' lang='lat' dir='ltr'>solum</span> <span class='ocrx_word' id='word_1_104' title='bbox 1992 2177 2041 2240; x_wconf 90' lang='lat' dir='ltr'>tibi</span> 
     </span>
     <span class='ocr_line' id='line_1_12' title="bbox 546 2281 2041 2364; baseline 0.001 -21"><span class='ocrx_word' id='word_1_105' title='bbox 546 2300 582 2343; x_wconf 88' lang='lat' dir='ltr'>ac</span> <span class='ocrx_word' id='word_1_106' title='bbox 606 2281 708 2344; x_wconf 89' lang='lat' dir='ltr'>eidem</span> <span class='ocrx_word' id='word_1_107' title='bbox 732 2282 798 2362; x_wconf 88' lang='lat' dir='ltr'>regi</span> <span class='ocrx_word' id='word_1_108' title='bbox 823 2286 856 2345; x_wconf 88' lang='lat' dir='ltr'>et</span> <span class='ocrx_word' id='word_1_109' title='bbox 878 2284 972 2361; x_wconf 90' lang='lat' dir='ltr'>natis,</span> <span class='ocrx_word' id='word_1_110' title='bbox 996 2283 1052 2346; x_wconf 89' lang='lat' dir='ltr'>sed</span> <span class='ocrx_word' id='word_1_111' title='bbox 1075 2283 1134 2346; x_wconf 91' lang='lat' dir='ltr'>toti</span> <span class='ocrx_word' id='word_1_112' title='bbox 1159 2283 1262 2364; x_wconf 90' lang='lat' dir='ltr'>patrie</span> <span class='ocrx_word' id='word_1_113' title='bbox 1286 2283 1342 2360; x_wconf 87' lang='lat' dir='ltr'>illi,</span> <span class='ocrx_word' id='word_1_114' title='bbox 1374 2303 1435 2364; x_wconf 86' lang='lat' dir='ltr'>que</span> <span class='ocrx_word' id='word_1_115' title='bbox 1466 2284 1574 2347; x_wconf 87' lang='lat' dir='ltr'>hostes</span> <span class='ocrx_word' id='word_1_116' title='bbox 1598 2288 1631 2346; x_wconf 89' lang='lat' dir='ltr'>ot</span> <span class='ocrx_word' id='word_1_117' title='bbox 1654 2282 1774 2346; x_wconf 86' lang='lat' dir='ltr'>emulos</span> <span class='ocrx_word' id='word_1_118' title='bbox 1799 2282 1956 2347; x_wconf 83' lang='lat' dir='ltr'>catholice</span> <span class='ocrx_word' id='word_1_119' title='bbox 1979 2281 2041 2345; x_wconf 87' lang='lat' dir='ltr'>lidei</span> 
     </span>
     <span class='ocr_line' id='line_1_13' title="bbox 544 2383 2041 2468; baseline 0.001 -22"><span class='ocrx_word' id='word_1_120' title='bbox 544 2383 662 2447; x_wconf 89' lang='lat' dir='ltr'>habere</span> <span class='ocrx_word' id='word_1_121' title='bbox 685 2386 805 2449; x_wconf 93' lang='lat' dir='ltr'>vicinos</span> <span class='ocrx_word' id='word_1_122' title='bbox 828 2386 979 2464; x_wconf 90' lang='lat' dir='ltr'>noscitur,</span> <span class='ocrx_word' id='word_1_123' title='bbox 1002 2391 1110 2450; x_wconf 88' lang='lat' dir='ltr'>mutue</span> <span class='ocrx_word' id='word_1_124' title='bbox 1133 2388 1220 2468; x_wconf 87' lang='lat' dir='ltr'>pacis</span> <span class='ocrx_word' id='word_1_125' title='bbox 1252 2393 1284 2450; x_wconf 91' lang='lat' dir='ltr'>et</span> <span class='ocrx_word' id='word_1_126' title='bbox 1315 2387 1444 2450; x_wconf 87' lang='lat' dir='ltr'>unitatis</span> <span class='ocrx_word' id='word_1_127' title='bbox 1476 2386 1642 2451; x_wconf 87' lang='lat' dir='ltr'>concordia</span> <span class='ocrx_word' id='word_1_128' title='bbox 1667 2387 1879 2451; x_wconf 89' lang='lat' dir='ltr'>ministraret:</span> <span class='ocrx_word' id='word_1_129' title='bbox 1907 2387 2041 2467; x_wconf 73' lang='lat' dir='ltr'>eosqui</span> 
     </span>
     <span class='ocr_line' id='line_1_14' title="bbox 545 2487 2042 2572; baseline 0.001 -22"><span class='ocrx_word' id='word_1_130' title='bbox 545 2487 630 2551; x_wconf 91' lang='lat' dir='ltr'>vices</span> <span class='ocrx_word' id='word_1_131' title='bbox 654 2487 740 2551; x_wconf 91' lang='lat' dir='ltr'>illius</span> <span class='ocrx_word' id='word_1_132' title='bbox 763 2489 794 2551; x_wconf 95' lang='lat' dir='ltr'>iu</span> <span class='ocrx_word' id='word_1_133' title='bbox 817 2491 946 2571; x_wconf 87' lang='lat' dir='ltr'>terris·)</span> <span class='ocrx_word' id='word_1_134' title='bbox 972 2488 1236 2554; x_wconf 85' lang='lat' dir='ltr'>insufficientibus</span> <span class='ocrx_word' id='word_1_135' title='bbox 1259 2489 1381 2554; x_wconf 88' lang='lat' dir='ltr'>meritis</span> <span class='ocrx_word' id='word_1_136' title='bbox 1404 2492 1552 2572; x_wconf 88' lang='lat' dir='ltr'>gerinrus,</span> <span class='ocrx_word' id='word_1_137' title='bbox 1587 2490 1641 2570; x_wconf 86' lang='lat' dir='ltr'>qui</span> <span class='ocrx_word' id='word_1_138' title='bbox 1672 2489 1886 2571; x_wconf 86' lang='lat' dir='ltr'>cogitaciones</span> <span class='ocrx_word' id='word_1_139' title='bbox 1909 2490 1996 2570; x_wconf 74' lang='lat' dir='ltr'>paris</span> <span class='ocrx_word' id='word_1_140' title='bbox 2015 2495 2042 2553; x_wconf 90' lang='lat' dir='ltr'>et</span> 
     </span>
     <span class='ocr_line' id='line_1_15' title="bbox 549 2591 2043 2675; baseline 0.001 -22"><span class='ocrx_word' id='word_1_141' title='bbox 549 2610 614 2654; x_wconf 92' lang='lat' dir='ltr'>non</span> <span class='ocrx_word' id='word_1_142' title='bbox 639 2591 826 2657; x_wconf 74' lang='lat' dir='ltr'>afflictionis</span> <span class='ocrx_word' id='word_1_143' title='bbox 849 2611 884 2656; x_wconf 89' lang='lat' dir='ltr'>se</span> <span class='ocrx_word' id='word_1_144' title='bbox 908 2595 1047 2675; x_wconf 86' lang='lat' dir='ltr'>cogitare</span> <span class='ocrx_word' id='word_1_145' title='bbox 1070 2597 1216 2671; x_wconf 86' lang='lat' dir='ltr'>testatur,</span> <span class='ocrx_word' id='word_1_146' title='bbox 1240 2594 1371 2657; x_wconf 90' lang='lat' dir='ltr'>summis</span> <span class='ocrx_word' id='word_1_147' title='bbox 1387 2592 1554 2657; x_wconf 86' lang='lat' dir='ltr'>desideriis</span> <span class='ocrx_word' id='word_1_148' title='bbox 1569 2592 1763 2671; x_wconf 73' lang='lat' dir='ltr'>affectamus</span> <span class='ocrx_word' id='word_1_149' title='bbox 1788 2599 1823 2658; x_wconf 93' lang='lat' dir='ltr'>ut</span> <span class='ocrx_word' id='word_1_150' title='bbox 1841 2593 1956 2675; x_wconf 90' lang='lat' dir='ltr'>sopitis</span> <span class='ocrx_word' id='word_1_151' title='bbox 1978 2593 2043 2657; x_wconf 89' lang='lat' dir='ltr'>ami·</span> 
     </span>
     <span class='ocr_line' id='line_1_16' title="bbox 545 2695 2042 2780; baseline -0.001 -20"><span class='ocrx_word' id='word_1_152' title='bbox 545 2695 691 2760; x_wconf 87' lang='lat' dir='ltr'>cabiliter</span> <span class='ocrx_word' id='word_1_153' title='bbox 714 2696 964 2762; x_wconf 83' lang='lat' dir='ltr'>dissensionibus</span> <span class='ocrx_word' id='word_1_154' title='bbox 987 2698 1165 2762; x_wconf 90' lang='lat' dir='ltr'>huiusmodi</span> <span class='ocrx_word' id='word_1_155' title='bbox 1197 2703 1229 2761; x_wconf 92' lang='lat' dir='ltr'>et</span> <span class='ocrx_word' id='word_1_156' title='bbox 1258 2698 1383 2762; x_wconf 91' lang='lat' dir='ltr'>omissis</span> <span class='ocrx_word' id='word_1_157' title='bbox 1411 2717 1598 2780; x_wconf 80' lang='lat' dir='ltr'>guerrarum</span> <span class='ocrx_word' id='word_1_158' title='bbox 1621 2698 1808 2775; x_wconf 79' lang='lat' dir='ltr'>fremitibus,</span> <span class='ocrx_word' id='word_1_159' title='bbox 1833 2699 1950 2779; x_wconf 90' lang='lat' dir='ltr'>quibus</span> <span class='ocrx_word' id='word_1_160' title='bbox 1973 2697 2042 2760; x_wconf 86' lang='lat' dir='ltr'>dens</span> 
     </span>
     <span class='ocr_line' id='line_1_17' title="bbox 545 2801 2041 2884; baseline -0.001 -21"><span class='ocrx_word' id='word_1_161' title='bbox 545 2801 632 2881; x_wconf 70' lang='lat' dir='ltr'>praeis</span> <span class='ocrx_word' id='word_1_162' title='bbox 654 2803 793 2882; x_wconf 77' lang='lat' dir='ltr'>gnaviter</span> <span class='ocrx_word' id='word_1_163' title='bbox 815 2806 1014 2884; x_wconf 87' lang='lat' dir='ltr'>provocatur,</span> <span class='ocrx_word' id='word_1_164' title='bbox 1037 2802 1217 2867; x_wconf 90' lang='lat' dir='ltr'>huiusmodi</span> <span class='ocrx_word' id='word_1_165' title='bbox 1239 2802 1328 2883; x_wconf 88' lang='lat' dir='ltr'>pacis</span> <span class='ocrx_word' id='word_1_166' title='bbox 1352 2807 1385 2865; x_wconf 90' lang='lat' dir='ltr'>et</span> <span class='ocrx_word' id='word_1_167' title='bbox 1408 2802 1573 2866; x_wconf 90' lang='lat' dir='ltr'>concordio</span> <span class='ocrx_word' id='word_1_168' title='bbox 1597 2803 1702 2866; x_wconf 86' lang='lat' dir='ltr'>unitas</span> <span class='ocrx_word' id='word_1_169' title='bbox 1725 2802 1808 2865; x_wconf 89' lang='lat' dir='ltr'>inter</span> <span class='ocrx_word' id='word_1_170' title='bbox 1829 2805 1864 2865; x_wconf 89' lang='lat' dir='ltr'>te</span> <span class='ocrx_word' id='word_1_171' title='bbox 1884 2801 2041 2882; x_wconf 85' lang='lat' dir='ltr'>dictosque</span> 
     </span>
     <span class='ocr_line' id='line_1_18' title="bbox 545 2905 2044 2988; baseline -0.001 -20"><span class='ocrx_word' id='word_1_172' title='bbox 545 2923 651 2985; x_wconf 88' lang='lat' dir='ltr'>regern</span> <span class='ocrx_word' id='word_1_173' title='bbox 675 2908 708 2968; x_wconf 91' lang='lat' dir='ltr'>et</span> <span class='ocrx_word' id='word_1_174' title='bbox 729 2910 823 2969; x_wconf 90' lang='lat' dir='ltr'>natos</span> <span class='ocrx_word' id='word_1_175' title='bbox 846 2907 941 2971; x_wconf 85' lang='lat' dir='ltr'>dante</span> <span class='ocrx_word' id='word_1_176' title='bbox 965 2907 1089 2971; x_wconf 88' lang='lat' dir='ltr'>domino</span> <span class='ocrx_word' id='word_1_177' title='bbox 1120 2907 1311 2988; x_wconf 88' lang='lat' dir='ltr'>proveniret,</span> <span class='ocrx_word' id='word_1_178' title='bbox 1342 2911 1473 2987; x_wconf 91' lang='lat' dir='ltr'>propter</span> <span class='ocrx_word' id='word_1_179' title='bbox 1503 2907 1587 2987; x_wconf 88' lang='lat' dir='ltr'>quod</span> <span class='ocrx_word' id='word_1_180' title='bbox 1617 2905 1738 2988; x_wconf 89' lang='lat' dir='ltr'>pridem</span> <span class='ocrx_word' id='word_1_181' title='bbox 1770 2906 1897 2971; x_wconf 86' lang='lat' dir='ltr'>litteras</span> <span class='ocrx_word' id='word_1_182' title='bbox 1928 2910 2044 2970; x_wconf 86' lang='lat' dir='ltr'>nostras</span> 
     </span>
     <span class='ocr_line' id='line_1_19' title="bbox 546 3009 2044 3092; baseline -0.001 -20"><span class='ocrx_word' id='word_1_183' title='bbox 546 3009 728 3089; x_wconf 88' lang='lat' dir='ltr'>specialiter·</span> <span class='ocrx_word' id='word_1_184' title='bbox 751 3029 847 3092; x_wconf 90' lang='lat' dir='ltr'>super</span> <span class='ocrx_word' id='word_1_185' title='bbox 868 3011 928 3075; x_wconf 91' lang='lat' dir='ltr'>hoc</span> <span class='ocrx_word' id='word_1_186' title='bbox 951 3017 1006 3076; x_wconf 88' lang='lat' dir='ltr'>tue</span> <span class='ocrx_word' id='word_1_187' title='bbox 1030 3011 1211 3076; x_wconf 88' lang='lat' dir='ltr'>celsitudini</span> <span class='ocrx_word' id='word_1_188' title='bbox 1235 3011 1417 3087; x_wconf 78' lang='lat' dir='ltr'>direximus</span> <span class='ocrx_word' id='word_1_189' title='bbox 1434 3016 1465 3074; x_wconf 91' lang='lat' dir='ltr'>te</span> <span class='ocrx_word' id='word_1_190' title='bbox 1485 3011 1525 3074; x_wconf 93' lang='lat' dir='ltr'>ad</span> <span class='ocrx_word' id='word_1_191' title='bbox 1547 3010 1807 3074; x_wconf 87' lang='lat' dir='ltr'>relorrnacionem</span> <span class='ocrx_word' id='word_1_192' title='bbox 1831 3010 1922 3090; x_wconf 84' lang='lat' dir='ltr'>paris</span> <span class='ocrx_word' id='word_1_193' title='bbox 1945 3010 2044 3074; x_wconf 86' lang='lat' dir='ltr'>lrvvius·</span> 
     </span>
     <span class='ocr_line' id='line_1_20' title="bbox 545 3112 2045 3194; baseline 0 -19"><span class='ocrx_word' id='word_1_194' title='bbox 545 3112 630 3176; x_wconf 90' lang='lat' dir='ltr'>modi</span> <span class='ocrx_word' id='word_1_195' title='bbox 652 3115 795 3194; x_wconf 86' lang='lat' dir='ltr'>paternis</span> <span class='ocrx_word' id='word_1_196' title='bbox 817 3115 945 3182; x_wconf 90' lang='lat' dir='ltr'>monitis</span> <span class='ocrx_word' id='word_1_197' title='bbox 968 3121 1000 3179; x_wconf 90' lang='lat' dir='ltr'>et</span> <span class='ocrx_word' id='word_1_198' title='bbox 1022 3115 1298 3180; x_wconf 80' lang='lat' dir='ltr'>exliortacionibus</span> <span class='ocrx_word' id='word_1_199' title='bbox 1329 3115 1525 3179; x_wconf 85' lang='lat' dir='ltr'>inducentes.</span> <span class='ocrx_word' id='word_1_200' title='bbox 1564 3115 1655 3193; x_wconf 87' lang='lat' dir='ltr'>Saue,</span> <span class='ocrx_word' id='word_1_201' title='bbox 1680 3112 1723 3178; x_wconf 88' lang='lat' dir='ltr'>lili</span> <span class='ocrx_word' id='word_1_202' title='bbox 1747 3113 1966 3191; x_wconf 82' lang='lat' dir='ltr'>dilectissime,</span> <span class='ocrx_word' id='word_1_203' title='bbox 1988 3115 2045 3177; x_wconf 89' lang='lat' dir='ltr'>tuis</span> 
     </span>
     <span class='ocr_line' id='line_1_21' title="bbox 546 3217 2044 3301; baseline 0.001 -23"><span class='ocrx_word' id='word_1_204' title='bbox 546 3217 685 3298; x_wconf 85' lang='lat' dir='ltr'>receptis</span> <span class='ocrx_word' id='word_1_205' title='bbox 708 3218 824 3282; x_wconf 89' lang='lat' dir='ltr'>litteris</span> <span class='ocrx_word' id='word_1_206' title='bbox 848 3220 1094 3301; x_wconf 78' lang='lat' dir='ltr'>responsalibus</span> <span class='ocrx_word' id='word_1_207' title='bbox 1117 3221 1208 3284; x_wconf 91' lang='lat' dir='ltr'>uobis</span> <span class='ocrx_word' id='word_1_208' title='bbox 1232 3239 1329 3300; x_wconf 91' lang='lat' dir='ltr'>super</span> <span class='ocrx_word' id='word_1_209' title='bbox 1351 3220 1409 3283; x_wconf 87' lang='lat' dir='ltr'>lroc</span> <span class='ocrx_word' id='word_1_210' title='bbox 1433 3219 1611 3297; x_wconf 71' lang='lat' dir='ltr'>deminutis,</span> <span class='ocrx_word' id='word_1_211' title='bbox 1634 3238 1692 3300; x_wconf 90' lang='lat' dir='ltr'>per</span> <span class='ocrx_word' id='word_1_212' title='bbox 1714 3235 1793 3299; x_wconf 80' lang='lat' dir='ltr'>urias</span> <span class='ocrx_word' id='word_1_213' title='bbox 1815 3222 1850 3281; x_wconf 86' lang='lat' dir='ltr'>te</span> <span class='ocrx_word' id='word_1_214' title='bbox 1873 3225 2044 3299; x_wconf 89' lang='lat' dir='ltr'>promptum</span> 
     </span>
     <span class='ocr_line' id='line_1_22' title="bbox 546 3321 2044 3404; baseline 0.001 -21"><span class='ocrx_word' id='word_1_215' title='bbox 546 3321 585 3384; x_wconf 87' lang='lat' dir='ltr'>ad</span> <span class='ocrx_word' id='word_1_216' title='bbox 609 3341 719 3402; x_wconf 74' lang='lat' dir='ltr'>luccam</span> <span class='ocrx_word' id='word_1_217' title='bbox 742 3324 972 3389; x_wconf 73' lang='lat' dir='ltr'>remuneramur</span> <span class='ocrx_word' id='word_1_218' title='bbox 996 3325 1184 3402; x_wconf 89' lang='lat' dir='ltr'>luriusmodi,</span> <span class='ocrx_word' id='word_1_219' title='bbox 1208 3345 1277 3389; x_wconf 26' lang='lat' dir='ltr'>evum</span> <span class='ocrx_word' id='word_1_220' title='bbox 1304 3376 1310 3388; x_wconf 95' lang='lat'><strong><em>.</em></strong></span> <span class='ocrx_word' id='word_1_221' title='bbox 1336 3375 1342 3388; x_wconf 94' lang='lat'><strong>.</strong></span> <span class='ocrx_word' id='word_1_222' title='bbox 1366 3326 1500 3389; x_wconf 91' lang='lat' dir='ltr'>nuncius</span> <span class='ocrx_word' id='word_1_223' title='bbox 1524 3330 1641 3401; x_wconf 84' lang='lat' dir='ltr'>rioster,</span> <span class='ocrx_word' id='word_1_224' title='bbox 1665 3342 1758 3404; x_wconf 87' lang='lat' dir='ltr'>quern</span> <span class='ocrx_word' id='word_1_225' title='bbox 1782 3322 1824 3385; x_wconf 88' lang='lat' dir='ltr'>ad</span> <span class='ocrx_word' id='word_1_226' title='bbox 1848 3328 1959 3404; x_wconf 85' lang='lat' dir='ltr'>partos</span> <span class='ocrx_word' id='word_1_227' title='bbox 1980 3342 2044 3403; x_wconf 89' lang='lat' dir='ltr'>pre·</span> 
     </span>
     <span class='ocr_line' id='line_1_23' title="bbox 547 3426 2045 3510; baseline -0.001 -21"><span class='ocrx_word' id='word_1_228' title='bbox 547 3426 651 3490; x_wconf 88' lang='lat' dir='ltr'>dictas</span> <span class='ocrx_word' id='word_1_229' title='bbox 666 3447 724 3491; x_wconf 89' lang='lat' dir='ltr'>nos</span> <span class='ocrx_word' id='word_1_230' title='bbox 741 3448 798 3510; x_wconf 87' lang='lat' dir='ltr'>per</span> <span class='ocrx_word' id='word_1_231' title='bbox 813 3429 915 3493; x_wconf 86' lang='lat' dir='ltr'>dictas</span> <span class='ocrx_word' id='word_1_232' title='bbox 939 3429 1061 3494; x_wconf 85' lang='lat' dir='ltr'>litteras</span> <span class='ocrx_word' id='word_1_233' title='bbox 1085 3434 1208 3493; x_wconf 89' lang='lat' dir='ltr'>uestras</span> <span class='ocrx_word' id='word_1_234' title='bbox 1231 3430 1384 3494; x_wconf 89' lang='lat' dir='ltr'>missuros</span> <span class='ocrx_word' id='word_1_235' title='bbox 1400 3429 1593 3510; x_wconf 90' lang='lat' dir='ltr'>scripsimus,</span> <span class='ocrx_word' id='word_1_236' title='bbox 1612 3427 1744 3505; x_wconf 86' lang='lat' dir='ltr'>venerit,</span> <span class='ocrx_word' id='word_1_237' title='bbox 1761 3426 1917 3504; x_wconf 89' lang='lat' dir='ltr'>obtulisti,</span> <span class='ocrx_word' id='word_1_238' title='bbox 1934 3426 2045 3505; x_wconf 84' lang='lat' dir='ltr'>magni·</span> 
     </span>
     <span class='ocr_line' id='line_1_24' title="bbox 547 3530 2042 3615; baseline -0.002 -20"><span class='ocrx_word' id='word_1_239' title='bbox 547 3530 707 3596; x_wconf 81' lang='lat' dir='ltr'>ficenciam</span> <span class='ocrx_word' id='word_1_240' title='bbox 731 3540 817 3598; x_wconf 86' lang='lat' dir='ltr'>tunm</span> <span class='ocrx_word' id='word_1_241' title='bbox 839 3535 959 3615; x_wconf 84' lang='lat' dir='ltr'>regiain</span> <span class='ocrx_word' id='word_1_242' title='bbox 982 3534 1095 3597; x_wconf 82' lang='lat' dir='ltr'>exinde</span> <span class='ocrx_word' id='word_1_243' title='bbox 1118 3554 1188 3598; x_wconf 87' lang='lat' dir='ltr'>cum</span> <span class='ocrx_word' id='word_1_244' title='bbox 1211 3536 1387 3615; x_wconf 69' lang='lat' dir='ltr'>graeciarum</span> <span class='ocrx_word' id='word_1_245' title='bbox 1418 3534 1599 3598; x_wconf 84' lang='lat' dir='ltr'>accionibus</span> <span class='ocrx_word' id='word_1_246' title='bbox 1622 3531 1842 3613; x_wconf 90' lang='lat' dir='ltr'>multipliciter</span> <span class='ocrx_word' id='word_1_247' title='bbox 1869 3532 1900 3596; x_wconf 91' lang='lat' dir='ltr'>in</span> <span class='ocrx_word' id='word_1_248' title='bbox 1926 3532 2042 3595; x_wconf 80' lang='lat' dir='ltr'>‹lornino</span> 
     </span>
     <span class='ocr_line' id='line_1_25' title="bbox 546 3635 2044 3718; baseline -0.002 -19"><span class='ocrx_word' id='word_1_249' title='bbox 546 3638 810 3716; x_wconf 73' lang='lat' dir='ltr'>conmendantes,</span> <span class='ocrx_word' id='word_1_250' title='bbox 834 3639 1036 3702; x_wconf 84' lang='lat' dir='ltr'>serenitatem</span> <span class='ocrx_word' id='word_1_251' title='bbox 1060 3645 1146 3703; x_wconf 89' lang='lat' dir='ltr'>tuam</span> <span class='ocrx_word' id='word_1_252' title='bbox 1169 3638 1314 3702; x_wconf 92' lang='lat' dir='ltr'>volumus</span> <span class='ocrx_word' id='word_1_253' title='bbox 1344 3657 1405 3701; x_wconf 87' lang='lat' dir='ltr'>rron</span> <span class='ocrx_word' id='word_1_254' title='bbox 1428 3637 1537 3713; x_wconf 87' lang='lat' dir='ltr'>latero,</span> <span class='ocrx_word' id='word_1_255' title='bbox 1570 3637 1653 3718; x_wconf 90' lang='lat' dir='ltr'>quod</span> <span class='ocrx_word' id='word_1_256' title='bbox 1684 3655 1786 3717; x_wconf 90' lang='lat' dir='ltr'>nuper</span> <span class='ocrx_word' id='word_1_257' title='bbox 1808 3655 1885 3717; x_wconf 90' lang='lat' dir='ltr'>rege</span> <span class='ocrx_word' id='word_1_258' title='bbox 1910 3635 2044 3718; x_wconf 89' lang='lat' dir='ltr'>predicto</span> 
     </span>
     <span class='ocr_line' id='line_1_26' title="bbox 548 3739 2044 3823; baseline -0.001 -21"><span class='ocrx_word' id='word_1_259' title='bbox 548 3758 585 3802; x_wconf 87' lang='lat' dir='ltr'>ac</span> <span class='ocrx_word' id='word_1_260' title='bbox 609 3740 637 3803; x_wconf 92' lang='lat' dir='ltr'>d.</span> <span class='ocrx_word' id='word_1_261' title='bbox 662 3741 683 3804; x_wconf 89' lang='lat' dir='ltr'>l.</span> <span class='ocrx_word' id='word_1_262' title='bbox 707 3741 804 3806; x_wconf 89' lang='lat' dir='ltr'>nobili</span> <span class='ocrx_word' id='word_1_263' title='bbox 827 3744 894 3807; x_wconf 90' lang='lat' dir='ltr'>viro</span> <span class='ocrx_word' id='word_1_264' title='bbox 919 3743 1042 3820; x_wconf 88' lang='lat' dir='ltr'>Carolo,</span> <span class='ocrx_word' id='word_1_265' title='bbox 1077 3745 1147 3806; x_wconf 90' lang='lat' dir='ltr'>eius</span> <span class='ocrx_word' id='word_1_266' title='bbox 1178 3743 1396 3823; x_wconf 88' lang='lat' dir='ltr'>primogenito,</span> <span class='ocrx_word' id='word_1_267' title='bbox 1431 3741 1610 3806; x_wconf 83' lang='lat' dir='ltr'>rriarclrionc</span> <span class='ocrx_word' id='word_1_268' title='bbox 1640 3740 1794 3819; x_wconf 88' lang='lat' dir='ltr'>Morauie,</span> <span class='ocrx_word' id='word_1_269' title='bbox 1828 3741 1916 3822; x_wconf 86' lang='lat' dir='ltr'>npml</span> <span class='ocrx_word' id='word_1_270' title='bbox 1946 3739 2044 3803; x_wconf 72' lang='lat' dir='ltr'>selem</span> 
     </span>
     <span class='ocr_line' id='line_1_27' title="bbox 547 3844 2044 3929; baseline 0.001 -25"><span class='ocrx_word' id='word_1_271' title='bbox 547 3844 755 3924; x_wconf 85' lang='lat' dir='ltr'>apostolicam</span> <span class='ocrx_word' id='word_1_272' title='bbox 778 3847 808 3908; x_wconf 95' lang='lat' dir='ltr'>in</span> <span class='ocrx_word' id='word_1_273' title='bbox 833 3852 940 3911; x_wconf 87' lang='lat' dir='ltr'>nostru</span> <span class='ocrx_word' id='word_1_274' title='bbox 964 3848 1128 3929; x_wconf 84' lang='lat' dir='ltr'>prosermia</span> <span class='ocrx_word' id='word_1_275' title='bbox 1151 3848 1343 3925; x_wconf 88' lang='lat' dir='ltr'>constitutis,</span> <span class='ocrx_word' id='word_1_276' title='bbox 1375 3867 1431 3911; x_wconf 92' lang='lat' dir='ltr'>uos</span> <span class='ocrx_word' id='word_1_277' title='bbox 1465 3848 1552 3928; x_wconf 91' lang='lat' dir='ltr'>ipsos</span> <span class='ocrx_word' id='word_1_278' title='bbox 1579 3865 1675 3928; x_wconf 89' lang='lat' dir='ltr'>super</span> <span class='ocrx_word' id='word_1_279' title='bbox 1697 3845 1878 3911; x_wconf 88' lang='lat' dir='ltr'>huiusmodi</span> <span class='ocrx_word' id='word_1_280' title='bbox 1902 3844 2044 3909; x_wconf 88' lang='lat' dir='ltr'>refonna·</span> 
     </span>
     <span class='ocr_line' id='line_1_28' title="bbox 548 3946 2044 4030; baseline 0.001 -21"><span class='ocrx_word' id='word_1_281' title='bbox 548 3946 637 4010; x_wconf 88' lang='lat' dir='ltr'>ciouo</span> <span class='ocrx_word' id='word_1_282' title='bbox 661 3950 747 4029; x_wconf 78' lang='lat' dir='ltr'>pacis</span> <span class='ocrx_word' id='word_1_283' title='bbox 771 3956 804 4013; x_wconf 86' lang='lat' dir='ltr'>et</span> <span class='ocrx_word' id='word_1_284' title='bbox 827 3951 994 4015; x_wconf 81' lang='lat' dir='ltr'>concordie</span> <span class='ocrx_word' id='word_1_285' title='bbox 1018 3952 1258 4015; x_wconf 77' lang='lat' dir='ltr'>clrmmoneudos</span> <span class='ocrx_word' id='word_1_286' title='bbox 1283 3951 1429 4015; x_wconf 89' lang='lat' dir='ltr'>duximus</span> <span class='ocrx_word' id='word_1_287' title='bbox 1453 3956 1485 4014; x_wconf 90' lang='lat' dir='ltr'>et</span> <span class='ocrx_word' id='word_1_288' title='bbox 1501 3949 1721 4028; x_wconf 63' lang='lat' dir='ltr'>rrxlrortandos,</span> <span class='ocrx_word' id='word_1_289' title='bbox 1738 3949 1792 4030; x_wconf 88' lang='lat' dir='ltr'>qui</span> <span class='ocrx_word' id='word_1_290' title='bbox 1813 3949 1946 4012; x_wconf 86' lang='lat' dir='ltr'>tandem</span> <span class='ocrx_word' id='word_1_291' title='bbox 1962 3948 2044 4012; x_wconf 80' lang='lat' dir='ltr'>nocis</span> 
     </span>
     <span class='ocr_line' id='line_1_29' title="bbox 547 4050 2044 4136; baseline 0.001 -24"><span class='ocrx_word' id='word_1_292' title='bbox 547 4050 690 4114; x_wconf 84' lang='lat' dir='ltr'>benivole</span> <span class='ocrx_word' id='word_1_293' title='bbox 714 4056 942 4135; x_wconf 89' lang='lat' dir='ltr'>respondentes</span> <span class='ocrx_word' id='word_1_294' title='bbox 972 4074 1007 4118; x_wconf 90' lang='lat' dir='ltr'>se</span> <span class='ocrx_word' id='word_1_295' title='bbox 1038 4075 1134 4136; x_wconf 71' lang='lat' dir='ltr'>semer</span> <span class='ocrx_word' id='word_1_296' title='bbox 1163 4056 1222 4119; x_wconf 89' lang='lat' dir='ltr'>lroc</span> <span class='ocrx_word' id='word_1_297' title='bbox 1253 4055 1448 4119; x_wconf 75' lang='lat' dir='ltr'>ordinationi</span> <span class='ocrx_word' id='word_1_298' title='bbox 1479 4059 1512 4118; x_wconf 85' lang='lat' dir='ltr'>et</span> <span class='ocrx_word' id='word_1_299' title='bbox 1541 4054 1698 4117; x_wconf 88' lang='lat' dir='ltr'>voluntati</span> <span class='ocrx_word' id='word_1_300' title='bbox 1727 4058 1836 4116; x_wconf 91' lang='lat' dir='ltr'>nostre</span> <span class='ocrx_word' id='word_1_301' title='bbox 1865 4072 1925 4134; x_wconf 92' lang='lat' dir='ltr'>pro</span> <span class='ocrx_word' id='word_1_302' title='bbox 1956 4072 1988 4116; x_wconf 86' lang='lat' dir='ltr'>se</span> <span class='ocrx_word' id='word_1_303' title='bbox 2012 4073 2044 4115; x_wconf 87' lang='lat' dir='ltr'>ac</span> 
     </span>
     <span class='ocr_line' id='line_1_30' title="bbox 546 4156 2040 4242; baseline 0.001 -25"><span class='ocrx_word' id='word_1_304' title='bbox 546 4156 690 4220; x_wconf 80' lang='lat' dir='ltr'>primibus</span> <span class='ocrx_word' id='word_1_305' title='bbox 713 4159 857 4222; x_wconf 77' lang='lat' dir='ltr'>vrmsallis</span> <span class='ocrx_word' id='word_1_306' title='bbox 880 4165 912 4223; x_wconf 85' lang='lat' dir='ltr'>et</span> <span class='ocrx_word' id='word_1_307' title='bbox 935 4159 1071 4224; x_wconf 86' lang='lat' dir='ltr'>sululitis</span> <span class='ocrx_word' id='word_1_308' title='bbox 1093 4161 1160 4224; x_wconf 88' lang='lat' dir='ltr'>suis</span> <span class='ocrx_word' id='word_1_309' title='bbox 1183 4166 1215 4223; x_wconf 91' lang='lat' dir='ltr'>et</span> <span class='ocrx_word' id='word_1_310' title='bbox 1239 4161 1377 4242; x_wconf 88' lang='lat' dir='ltr'>ipsorum</span> <span class='ocrx_word' id='word_1_311' title='bbox 1401 4158 1578 4236; x_wconf 86' lang='lat' dir='ltr'>cuivrslibot,</span> <span class='ocrx_word' id='word_1_312' title='bbox 1595 4176 1692 4238; x_wconf 91' lang='lat' dir='ltr'>super</span> <span class='ocrx_word' id='word_1_313' title='bbox 1706 4156 1950 4239; x_wconf 89' lang='lat' dir='ltr'>quibuscunque</span> <span class='ocrx_word' id='word_1_314' title='bbox 1972 4175 2040 4238; x_wconf 79' lang='lat' dir='ltr'>qure-</span> 
     </span>
     <span class='ocr_line' id='line_1_31' title="bbox 548 4259 2042 4344; baseline 0 -23"><span class='ocrx_word' id='word_1_315' title='bbox 548 4259 711 4338; x_wconf 87' lang='lat' dir='ltr'>stiouibus,</span> <span class='ocrx_word' id='word_1_316' title='bbox 736 4281 814 4341; x_wconf 78' lang='lat' dir='ltr'>qrrrts</span> <span class='ocrx_word' id='word_1_317' title='bbox 839 4263 900 4344; x_wconf 91' lang='lat' dir='ltr'>ipsi</span> <span class='ocrx_word' id='word_1_318' title='bbox 924 4264 1113 4328; x_wconf 89' lang='lat' dir='ltr'>coniunctim</span> <span class='ocrx_word' id='word_1_319' title='bbox 1137 4264 1187 4328; x_wconf 90' lang='lat' dir='ltr'>vel</span> <span class='ocrx_word' id='word_1_320' title='bbox 1211 4265 1335 4329; x_wconf 77' lang='lat' dir='ltr'>divisim</span> <span class='ocrx_word' id='word_1_321' title='bbox 1359 4269 1464 4327; x_wconf 83' lang='lat' dir='ltr'>tecrun</span> <span class='ocrx_word' id='word_1_322' title='bbox 1487 4262 1605 4326; x_wconf 87' lang='lat' dir='ltr'>habeut</span> <span class='ocrx_word' id='word_1_323' title='bbox 1636 4261 1685 4325; x_wconf 88' lang='lat' dir='ltr'>vel</span> <span class='ocrx_word' id='word_1_324' title='bbox 1712 4261 1832 4326; x_wconf 87' lang='lat' dir='ltr'>habore</span> <span class='ocrx_word' id='word_1_325' title='bbox 1854 4267 1990 4342; x_wconf 86' lang='lat' dir='ltr'>possunt</span> <span class='ocrx_word' id='word_1_326' title='bbox 2009 4278 2042 4322; x_wconf 79' lang='lat' dir='ltr'>er</span> 
     </span>
     <span class='ocr_line' id='line_1_32' title="bbox 548 4365 2042 4450; baseline 0.001 -25"><span class='ocrx_word' id='word_1_327' title='bbox 548 4365 788 4446; x_wconf 79' lang='lat' dir='ltr'>‹puluisrunquo</span> <span class='ocrx_word' id='word_1_328' title='bbox 812 4365 980 4450; x_wconf 50' lang='lat' dir='ltr'>{jvurvrsislb</span> <span class='ocrx_word' id='word_1_329' title='bbox 1003 4367 1053 4431; x_wconf 90' lang='lat' dir='ltr'>vel</span> <span class='ocrx_word' id='word_1_330' title='bbox 1077 4369 1304 4444; x_wconf 81' lang='lat' dir='ltr'>occasionibus,</span> <span class='ocrx_word' id='word_1_331' title='bbox 1329 4367 1470 4430; x_wconf 77' lang='lat' dir='ltr'>totaliter</span> <span class='ocrx_word' id='word_1_332' title='bbox 1501 4366 1725 4430; x_wconf 89' lang='lat' dir='ltr'>summiserunt</span> <span class='ocrx_word' id='word_1_333' title='bbox 1756 4366 1813 4428; x_wconf 92' lang='lat' dir='ltr'>sub</span> <span class='ocrx_word' id='word_1_334' title='bbox 1838 4384 1923 4446; x_wconf 88' lang='lat' dir='ltr'>pena</span> <span class='ocrx_word' id='word_1_335' title='bbox 1944 4365 2042 4428; x_wconf 87' lang='lat' dir='ltr'>decem</span> 
     </span>
     <span class='ocr_line' id='line_1_33' title="bbox 548 4467 2042 4553; baseline -0.001 -23"><span class='ocrx_word' id='word_1_336' title='bbox 548 4469 667 4532; x_wconf 90' lang='lat' dir='ltr'>milium</span> <span class='ocrx_word' id='word_1_337' title='bbox 702 4470 899 4535; x_wconf 77' lang='lat' dir='ltr'>rrrnrclrarruu</span> <span class='ocrx_word' id='word_1_338' title='bbox 924 4472 1004 4550; x_wconf 88' lang='lat' dir='ltr'>auri,</span> <span class='ocrx_word' id='word_1_339' title='bbox 1028 4473 1249 4536; x_wconf 87' lang='lat' dir='ltr'>nichilominus</span> <span class='ocrx_word' id='word_1_340' title='bbox 1280 4472 1502 4553; x_wconf 82' lang='lat' dir='ltr'>prounttentes</span> <span class='ocrx_word' id='word_1_341' title='bbox 1533 4470 1705 4534; x_wconf 54' lang='lat' dir='ltr'>‹efficacitor</span> <span class='ocrx_word' id='word_1_342' title='bbox 1736 4473 1768 4532; x_wconf 86' lang='lat' dir='ltr'>et</span> <span class='ocrx_word' id='word_1_343' title='bbox 1798 4470 1838 4532; x_wconf 89' lang='lat' dir='ltr'>ad</span> <span class='ocrx_word' id='word_1_344' title='bbox 1866 4475 1977 4533; x_wconf 87' lang='lat' dir='ltr'>sancta</span> <span class='ocrx_word' id='word_1_345' title='bbox 1999 4467 2042 4530; x_wconf 87' lang='lat' dir='ltr'>dei</span> 
     </span>
     <span class='ocr_line' id='line_1_34' title="bbox 547 4573 2043 4655; baseline -0.001 -18"><span class='ocrx_word' id='word_1_346' title='bbox 547 4573 711 4650; x_wconf 81' lang='lat' dir='ltr'>evumgelia</span> <span class='ocrx_word' id='word_1_347' title='bbox 734 4594 828 4638; x_wconf 85' lang='lat' dir='ltr'>uranu</span> <span class='ocrx_word' id='word_1_348' title='bbox 851 4581 936 4640; x_wconf 77' lang='lat' dir='ltr'>tacta</span> <span class='ocrx_word' id='word_1_349' title='bbox 959 4578 1102 4641; x_wconf 89' lang='lat' dir='ltr'>iurantes</span> <span class='ocrx_word' id='word_1_350' title='bbox 1126 4577 1226 4640; x_wconf 78' lang='lat' dir='ltr'>cirtem</span> <span class='ocrx_word' id='word_1_351' title='bbox 1250 4576 1444 4641; x_wconf 88' lang='lat' dir='ltr'>ouliuacioni</span> <span class='ocrx_word' id='word_1_352' title='bbox 1468 4581 1500 4639; x_wconf 89' lang='lat' dir='ltr'>ot</span> <span class='ocrx_word' id='word_1_353' title='bbox 1516 4575 1671 4638; x_wconf 87' lang='lat' dir='ltr'>voluntati</span> <span class='ocrx_word' id='word_1_354' title='bbox 1695 4580 1790 4652; x_wconf 89' lang='lat' dir='ltr'>stare,</span> <span class='ocrx_word' id='word_1_355' title='bbox 1814 4593 1930 4655; x_wconf 86' lang='lat' dir='ltr'>parere</span> <span class='ocrx_word' id='word_1_356' title='bbox 1953 4593 1988 4637; x_wconf 83' lang='lat' dir='ltr'>ac</span> <span class='ocrx_word' id='word_1_357' title='bbox 2003 4579 2043 4636; x_wconf 86' lang='lat' dir='ltr'>te-</span> 
     </span>
     <span class='ocr_line' id='line_1_35' title="bbox 548 4677 2044 4763; baseline -0.002 -22"><span class='ocrx_word' id='word_1_358' title='bbox 548 4697 633 4755; x_wconf 85' lang='lat' dir='ltr'>uere,</span> <span class='ocrx_word' id='word_1_359' title='bbox 658 4679 809 4759; x_wconf 71' lang='lat' dir='ltr'>perlicere</span> <span class='ocrx_word' id='word_1_360' title='bbox 833 4687 866 4745; x_wconf 88' lang='lat' dir='ltr'>et</span> <span class='ocrx_word' id='word_1_361' title='bbox 889 4681 1056 4763; x_wconf 88' lang='lat' dir='ltr'>cornplere,</span> <span class='ocrx_word' id='word_1_362' title='bbox 1081 4681 1229 4762; x_wconf 87' lang='lat' dir='ltr'>quicquid</span> <span class='ocrx_word' id='word_1_363' title='bbox 1254 4681 1437 4744; x_wconf 86' lang='lat' dir='ltr'>duxerimus</span> <span class='ocrx_word' id='word_1_364' title='bbox 1460 4699 1558 4760; x_wconf 89' lang='lat' dir='ltr'>super</span> <span class='ocrx_word' id='word_1_365' title='bbox 1579 4679 1641 4742; x_wconf 87' lang='lat' dir='ltr'>lriis</span> <span class='ocrx_word' id='word_1_366' title='bbox 1664 4678 1883 4756; x_wconf 89' lang='lat' dir='ltr'>ordinandum,</span> <span class='ocrx_word' id='word_1_367' title='bbox 1901 4677 2044 4743; x_wconf 82' lang='lat' dir='ltr'>confectis</span> 
     </span>
     <span class='ocr_line' id='line_1_36' title="bbox 548 4769 2044 4866; baseline -0.003 -19"><span class='ocrx_word' id='word_1_368' title='bbox 548 4783 769 4848; x_wconf 86' lang='lat' dir='ltr'>nichilominus</span> <span class='ocrx_word' id='word_1_369' title='bbox 799 4787 913 4850; x_wconf 84' lang='lat' dir='ltr'>exindo</span> <span class='ocrx_word' id='word_1_370' title='bbox 944 4786 1079 4866; x_wconf 88' lang='lat' dir='ltr'>publicis</span> <span class='ocrx_word' id='word_1_371' title='bbox 1110 4786 1336 4848; x_wconf 84' lang='lat' dir='ltr'>instrumentis.</span> <span class='ocrx_word' id='word_1_372' title='bbox 1376 4769 1647 4861; x_wconf 56' lang='lat' dir='ltr'>(luvociroa&#39;tuam</span> <span class='ocrx_word' id='word_1_373' title='bbox 1678 4782 1796 4862; x_wconf 87' lang='lat' dir='ltr'>regiam</span> <span class='ocrx_word' id='word_1_374' title='bbox 1827 4783 2044 4847; x_wconf 77' lang='lat' dir='ltr'>excellenciam</span> 
     </span>
     <span class='ocr_line' id='line_1_37' title="bbox 549 4886 2045 4970; baseline -0.004 -17"><span class='ocrx_word' id='word_1_375' title='bbox 549 4909 705 4969; x_wconf 86' lang='lat' dir='ltr'>rogamus,</span> <span class='ocrx_word' id='word_1_376' title='bbox 730 4891 919 4970; x_wconf 76' lang='lat' dir='ltr'>ruquirimus</span> <span class='ocrx_word' id='word_1_377' title='bbox 942 4895 975 4953; x_wconf 89' lang='lat' dir='ltr'>et</span> <span class='ocrx_word' id='word_1_378' title='bbox 997 4890 1161 4952; x_wconf 86' lang='lat' dir='ltr'>hortamur</span> <span class='ocrx_word' id='word_1_379' title='bbox 1183 4892 1313 4966; x_wconf 85' lang='lat' dir='ltr'>attente,</span> <span class='ocrx_word' id='word_1_380' title='bbox 1338 4892 1492 4969; x_wconf 73' lang='lat' dir='ltr'>quantenus</span> <span class='ocrx_word' id='word_1_381' title='bbox 1515 4886 1585 4962; x_wconf 82' lang='lat' dir='ltr'>lriis,</span> <span class='ocrx_word' id='word_1_382' title='bbox 1610 4905 1672 4966; x_wconf 82' lang='lat' dir='ltr'>que</span> <span class='ocrx_word' id='word_1_383' title='bbox 1695 4886 1849 4967; x_wconf 90' lang='lat' dir='ltr'>premissa</span> <span class='ocrx_word' id='word_1_384' title='bbox 1872 4893 1957 4964; x_wconf 89' lang='lat' dir='ltr'>sunt,</span> <span class='ocrx_word' id='word_1_385' title='bbox 1980 4904 2045 4949; x_wconf 86' lang='lat' dir='ltr'>ron·</span> 
     </span>
     <span class='ocr_line' id='line_1_38' title="bbox 548 4989 2045 5073; baseline -0.003 -16"><span class='ocrx_word' id='word_1_386' title='bbox 548 4994 726 5057; x_wconf 78' lang='lat' dir='ltr'>siderentur</span> <span class='ocrx_word' id='word_1_387' title='bbox 744 4995 885 5070; x_wconf 85' lang='lat' dir='ltr'>attentis,</span> <span class='ocrx_word' id='word_1_388' title='bbox 902 4994 1122 5057; x_wconf 79' lang='lat' dir='ltr'>reiorumcioni</span> <span class='ocrx_word' id='word_1_389' title='bbox 1147 4993 1235 5073; x_wconf 65' lang='lat' dir='ltr'>laricis</span> <span class='ocrx_word' id='word_1_390' title='bbox 1251 4998 1283 5056; x_wconf 90' lang='lat' dir='ltr'>et</span> <span class='ocrx_word' id='word_1_391' title='bbox 1300 4992 1430 5055; x_wconf 77' lang='lat' dir='ltr'>uuitrvtis</span> <span class='ocrx_word' id='word_1_392' title='bbox 1445 4990 1624 5053; x_wconf 89' lang='lat' dir='ltr'>luriusmodi</span> <span class='ocrx_word' id='word_1_393' title='bbox 1647 4996 1735 5053; x_wconf 91' lang='lat' dir='ltr'>tuum</span> <span class='ocrx_word' id='word_1_394' title='bbox 1759 4989 1900 5071; x_wconf 90' lang='lat' dir='ltr'>dirigens</span> <span class='ocrx_word' id='word_1_395' title='bbox 1917 4992 2045 5055; x_wconf 91' lang='lat' dir='ltr'>animum</span> 
     </span>
     <span class='ocr_line' id='line_1_39' title="bbox 548 5093 2046 5179; baseline -0.003 -18"><span class='ocrx_word' id='word_1_396' title='bbox 548 5107 580 5162; x_wconf 88' lang='lat' dir='ltr'>et</span> <span class='ocrx_word' id='word_1_397' title='bbox 603 5099 765 5176; x_wconf 86' lang='lat' dir='ltr'>inclinans,</span> <span class='ocrx_word' id='word_1_398' title='bbox 788 5102 1012 5179; x_wconf 87' lang='lat' dir='ltr'>procuratores</span> <span class='ocrx_word' id='word_1_399' title='bbox 1034 5101 1115 5174; x_wconf 91' lang='lat' dir='ltr'>tuos,</span> <span class='ocrx_word' id='word_1_400' title='bbox 1140 5097 1179 5159; x_wconf 89' lang='lat' dir='ltr'>ad</span> <span class='ocrx_word' id='word_1_401' title='bbox 1203 5096 1454 5159; x_wconf 90' lang='lat' dir='ltr'>summissionem</span> <span class='ocrx_word' id='word_1_402' title='bbox 1479 5100 1512 5157; x_wconf 87' lang='lat' dir='ltr'>et</span> <span class='ocrx_word' id='word_1_403' title='bbox 1534 5093 1760 5174; x_wconf 86' lang='lat' dir='ltr'>obligaciouem</span> <span class='ocrx_word' id='word_1_404' title='bbox 1784 5094 1907 5158; x_wconf 87' lang='lat' dir='ltr'>similes</span> <span class='ocrx_word' id='word_1_405' title='bbox 1928 5101 1982 5159; x_wconf 91' lang='lat' dir='ltr'>tuo</span> <span class='ocrx_word' id='word_1_406' title='bbox 1997 5114 2046 5157; x_wconf 94' lang='lat' dir='ltr'>no·</span> 
     </span>
     <span class='ocr_line' id='line_1_40' title="bbox 548 5198 2046 5280; baseline -0.003 -14"><span class='ocrx_word' id='word_1_407' title='bbox 548 5205 631 5268; x_wconf 85' lang='lat' dir='ltr'>ruine</span> <span class='ocrx_word' id='word_1_408' title='bbox 654 5203 814 5267; x_wconf 72' lang='lat' dir='ltr'>farciendus</span> <span class='ocrx_word' id='word_1_409' title='bbox 838 5202 949 5265; x_wconf 83' lang='lat' dir='ltr'>idoneo</span> <span class='ocrx_word' id='word_1_410' title='bbox 973 5201 1121 5264; x_wconf 84' lang='lat' dir='ltr'>mandato</span> <span class='ocrx_word' id='word_1_411' title='bbox 1145 5200 1299 5277; x_wconf 87' lang='lat' dir='ltr'>sull&#39;ultos,</span> <span class='ocrx_word' id='word_1_412' title='bbox 1316 5200 1355 5263; x_wconf 87' lang='lat' dir='ltr'>ad</span> <span class='ocrx_word' id='word_1_413' title='bbox 1372 5205 1511 5263; x_wconf 86' lang='lat' dir='ltr'>nostram</span> <span class='ocrx_word' id='word_1_414' title='bbox 1535 5198 1732 5279; x_wconf 84' lang='lat' dir='ltr'>presenciam</span> <span class='ocrx_word' id='word_1_415' title='bbox 1760 5200 1940 5280; x_wconf 81' lang='lat' dir='ltr'>evestigio</span> <span class='ocrx_word' id='word_1_416' title='bbox 1957 5199 2046 5264; x_wconf 87' lang='lat' dir='ltr'>desti·</span> 
     </span>
     <span class='ocr_line' id='line_1_41' title="bbox 549 5300 2048 5390; baseline -0.005 -17"><span class='ocrx_word' id='word_1_417' title='bbox 549 5329 624 5373; x_wconf 86' lang='lat' dir='ltr'>nare</span> <span class='ocrx_word' id='word_1_418' title='bbox 659 5328 818 5390; x_wconf 75' lang='lat' dir='ltr'>mounes,</span> <span class='ocrx_word' id='word_1_419' title='bbox 861 5313 893 5370; x_wconf 86' lang='lat' dir='ltr'>et</span> <span class='ocrx_word' id='word_1_420' title='bbox 926 5306 1155 5382; x_wconf 87' lang='lat' dir='ltr'>nichilominus,</span> <span class='ocrx_word' id='word_1_421' title='bbox 1197 5324 1236 5367; x_wconf 85' lang='lat' dir='ltr'>ue</span> <span class='ocrx_word' id='word_1_422' title='bbox 1272 5323 1460 5384; x_wconf 68' lang='lat' dir='ltr'>congressus</span> <span class='ocrx_word' id='word_1_423' title='bbox 1494 5302 1599 5365; x_wconf 86' lang='lat' dir='ltr'>bellici</span> <span class='ocrx_word' id='word_1_424' title='bbox 1637 5301 1687 5364; x_wconf 87' lang='lat' dir='ltr'>vel</span> <span class='ocrx_word' id='word_1_425' title='bbox 1721 5300 1913 5367; x_wconf 85' lang='lat' dir='ltr'>offensiones</span> <span class='ocrx_word' id='word_1_426' title='bbox 1946 5311 2048 5367; x_wconf 86' lang='lat' dir='ltr'>mutue</span> 
     </span>
     <span class='ocr_line' id='line_1_42' title="bbox 549 5405 2050 5493; baseline -0.005 -15"><span class='ocrx_word' id='word_1_427' title='bbox 549 5413 788 5479; x_wconf 77' lang='lat' dir='ltr'>rolorrnariouis</span> <span class='ocrx_word' id='word_1_428' title='bbox 818 5412 905 5493; x_wconf 70' lang='lat' dir='ltr'>procis</span> <span class='ocrx_word' id='word_1_429' title='bbox 936 5410 1110 5492; x_wconf 87' lang='lat' dir='ltr'>negocium,</span> <span class='ocrx_word' id='word_1_430' title='bbox 1142 5409 1224 5472; x_wconf 87' lang='lat' dir='ltr'>circa</span> <span class='ocrx_word' id='word_1_431' title='bbox 1258 5409 1340 5489; x_wconf 79' lang='lat' dir='ltr'>qrrvrd</span> <span class='ocrx_word' id='word_1_432' title='bbox 1374 5408 1554 5476; x_wconf 78' lang='lat' dir='ltr'>lalmrare⁰l</span> <span class='ocrx_word' id='word_1_433' title='bbox 1590 5405 1781 5469; x_wconf 89' lang='lat' dir='ltr'>intendimus</span> <span class='ocrx_word' id='word_1_434' title='bbox 1815 5411 1851 5470; x_wconf 91' lang='lat' dir='ltr'>ut</span> <span class='ocrx_word' id='word_1_435' title='bbox 1885 5407 2050 5488; x_wconf 85' lang='lat' dir='ltr'>prefertur,</span> 
     </span>
     <span class='ocr_line' id='line_1_43' title="bbox 550 5509 2052 5599; baseline -0.006 -17"><span class='ocrx_word' id='word_1_436' title='bbox 550 5519 703 5599; x_wconf 87' lang='lat' dir='ltr'>impedire</span> <span class='ocrx_word' id='word_1_437' title='bbox 727 5517 852 5580; x_wconf 79' lang='lat' dir='ltr'>valmrut</span> <span class='ocrx_word' id='word_1_438' title='bbox 875 5515 924 5578; x_wconf 89' lang='lat' dir='ltr'>vel</span> <span class='ocrx_word' id='word_1_439' title='bbox 949 5514 1047 5577; x_wconf 67' lang='lat' dir='ltr'>licizen</span> <span class='ocrx_word' id='word_1_440' title='bbox 1072 5514 1267 5594; x_wconf 83' lang='lat' dir='ltr'>perturlmre,</span> <span class='ocrx_word' id='word_1_441' title='bbox 1300 5514 1339 5576; x_wconf 85' lang='lat' dir='ltr'>ad</span> <span class='ocrx_word' id='word_1_442' title='bbox 1363 5511 1582 5576; x_wconf 85' lang='lat' dir='ltr'>sull&#39;ercuriarn</span> <span class='ocrx_word' id='word_1_443' title='bbox 1614 5509 1662 5572; x_wconf 83' lang='lat' dir='ltr'>vel</span> <span class='ocrx_word' id='word_1_444' title='bbox 1686 5514 1816 5591; x_wconf 87' lang='lat' dir='ltr'>treugas</span> <span class='ocrx_word' id='word_1_445' title='bbox 1839 5530 1912 5575; x_wconf 89' lang='lat' dir='ltr'>cum</span> <span class='ocrx_word' id='word_1_446' title='bbox 1935 5511 2052 5575; x_wconf 87' lang='lat' dir='ltr'>eisdem</span> 
     </span>
     <span class='ocr_line' id='line_1_44' title="bbox 552 5614 2054 5705; baseline -0.007 -19"><span class='ocrx_word' id='word_1_447' title='bbox 552 5642 626 5705; x_wconf 83' lang='lat' dir='ltr'>rege</span> <span class='ocrx_word' id='word_1_448' title='bbox 650 5630 681 5686; x_wconf 88' lang='lat' dir='ltr'>et</span> <span class='ocrx_word' id='word_1_449' title='bbox 705 5622 883 5685; x_wconf 78' lang='lat' dir='ltr'>rrrarcldone</span> <span class='ocrx_word' id='word_1_450' title='bbox 914 5619 1074 5682; x_wconf 83' lang='lat' dir='ltr'>faciendus</span> <span class='ocrx_word' id='word_1_451' title='bbox 1106 5625 1138 5681; x_wconf 87' lang='lat' dir='ltr'>et</span> <span class='ocrx_word' id='word_1_452' title='bbox 1170 5617 1322 5680; x_wconf 86' lang='lat' dir='ltr'>ineundus</span> <span class='ocrx_word' id='word_1_453' title='bbox 1354 5636 1453 5696; x_wconf 82' lang='lat' dir='ltr'>usqrre</span> <span class='ocrx_word' id='word_1_454' title='bbox 1486 5615 1524 5677; x_wconf 90' lang='lat' dir='ltr'>ud</span> <span class='ocrx_word' id='word_1_455' title='bbox 1556 5615 1633 5678; x_wconf 83' lang='lat' dir='ltr'>certi</span> <span class='ocrx_word' id='word_1_456' title='bbox 1663 5614 1815 5694; x_wconf 88' lang='lat' dir='ltr'>temporis</span> <span class='ocrx_word' id='word_1_457' title='bbox 1847 5616 2054 5696; x_wconf 82' lang='lat' dir='ltr'>competentis</span> 
     </span>
     <span class='ocr_line' id='line_1_45' title="bbox 551 5719 2054 5809; baseline -0.006 -16"><span class='ocrx_word' id='word_1_458' title='bbox 551 5728 704 5809; x_wconf 83' lang='lat' dir='ltr'>spacium,</span> <span class='ocrx_word' id='word_1_459' title='bbox 721 5727 801 5789; x_wconf 88' lang='lat' dir='ltr'>iusra</span> <span class='ocrx_word' id='word_1_460' title='bbox 824 5724 910 5805; x_wconf 82' lang='lat' dir='ltr'>quod</span> <span class='ocrx_word' id='word_1_461' title='bbox 933 5724 1097 5805; x_wconf 86' lang='lat' dir='ltr'>negocium</span> <span class='ocrx_word' id='word_1_462' title='bbox 1122 5723 1224 5803; x_wconf 91' lang='lat' dir='ltr'>ipsum</span> <span class='ocrx_word' id='word_1_463' title='bbox 1247 5721 1356 5803; x_wconf 81' lang='lat' dir='ltr'>perlici</span> <span class='ocrx_word' id='word_1_464' title='bbox 1381 5721 1487 5784; x_wconf 78' lang='lat' dir='ltr'>‹liviua</span> <span class='ocrx_word' id='word_1_465' title='bbox 1509 5720 1701 5800; x_wconf 86' lang='lat' dir='ltr'>sulliagaute</span> <span class='ocrx_word' id='word_1_466' title='bbox 1724 5719 1831 5800; x_wconf 89' lang='lat' dir='ltr'>gracia</span> <span class='ocrx_word' id='word_1_467' title='bbox 1854 5719 1971 5798; x_wconf 83' lang='lat' dir='ltr'>valeat,</span> <span class='ocrx_word' id='word_1_468' title='bbox 1988 5740 2054 5785; x_wconf 84' lang='lat' dir='ltr'>cum</span> 
     </span>
    </p>
   </div>
   <div class='ocr_carea' id='block_1_5' title="bbox 0 0 2607 7044">
    <p class='ocr_par' dir='ltr' id='par_1_5' title="bbox 0 0 2607 7044">
     <span class='ocr_line' id='line_1_46' title="bbox 0 0 2607 7044; baseline 0 0"><span class='ocrx_word' id='word_1_469' title='bbox 0 0 2607 7044; x_wconf 95' lang='lat' dir='ltr'> </span> 
     </span>
    </p>
   </div>
  </div>
 </body>
</html>
