5184 7050
568 843 611 906 82

568 1048 680 1112 eadem
703 1049 840 1112 ecclesia
862 1052 956 1111 vacat
979 1047 1018 1112 ad
1042 1065 1184 1129 presens,
1207 1048 1258 1112 vel
1282 1067 1352 1113 cum
1376 1049 1538 1113 vacaverit
1555 1100 1561 1113 .
1579 1099 1585 1112 .
1604 1099 1637 1112 ..
1663 1048 1886 1112 conferendam
1914 1048 2048 1112 tibi...
2067 1099 2073 1113 .

570 1152 599 1217 d.
623 1171 652 1216 a.
676 1171 925 1217 reservamus..
944 1202 951 1216 .
968 1172 993 1230 .;
1017 1171 1080 1216 non
1103 1152 1352 1217 obstantibus..
1373 1203 1404 1216 ..
1430 1171 1487 1217 sen
1511 1153 1594 1233 qnod
1617 1154 1650 1217 in
1668 1152 1797 1236 prefata
1813 1152 1950 1217 ecclesia
1967 1151 2074 1217 Visse·

567 1256 715 1337 gradensi
746 1257 937 1321 auctoritate
966 1256 1122 1320 dictomm
1153 1256 1285 1335 capituli
1317 1257 1349 1319 in
1380 1257 1566 1321 canonicum
1596 1275 1631 1321 es
1663 1261 1811 1337 receptus
1842 1261 1874 1322 et
1906 1256 1937 1320 in
1962 1257 2074 1321 eadem

567 1362 719 1425 minorem
742 1360 945 1442 prebendam,
966 1359 1124 1424 valentem
1148 1361 1356 1425 communiter
1379 1361 1492 1443 viginti
1515 1362 1716 1426 Turonenses
1739 1378 1865 1443 grossos
1887 1361 2024 1443 argenti,
2043 1367 2075 1425 et

568 1465 774 1547 plebanatum
805 1483 860 1530 sen
891 1463 1123 1546 parrochialem
1152 1464 1321 1529 ecclesiam
1352 1466 1384 1528 in
1416 1464 1546 1545 Malyna
1576 1482 1634 1530 sen
1666 1463 1805 1530 Cutbina
1836 1465 1867 1528 in
1901 1464 2074 1543 Montibus

568 1571 652 1635 dicte
683 1570 829 1648 diocesis,
861 1589 899 1634 ac
932 1571 1153 1634 canonicatum
1187 1574 1220 1633 et
1253 1569 1447 1649 prebendam
1481 1568 1607 1650 capelle
1640 1569 1788 1634 Omnium
1821 1568 2010 1634 Sanctorum
2043 1570 2074 1633 in

569 1679 673 1738 castro
695 1674 848 1754 Prageusi
872 1674 1013 1738 nosceris
1035 1674 1189 1738 obtinere.
1213 1673 1367 1738 Volumus
1400 1678 1516 1749 autem,
1541 1673 1625 1754 qnod
1656 1673 1885 1750 canonicatum,
1909 1672 1950 1736 ad
1982 1692 2075 1753 quem

568 1785 604 1843 nt
636 1777 834 1860 premittitur
864 1778 1055 1841 auctoritate
1094 1776 1249 1841 dictorum
1284 1777 1417 1857 capituli
1452 1777 1483 1841 in
1519 1777 1630 1841 eadem
1662 1776 1798 1841 ecclesia
1828 1776 2074 1861 vissegradensi

568 1887 716 1963 receptus
738 1880 838 1959 fuisti,
862 1900 995 1960 exnunc,
1018 1882 1171 1945 minorem
1193 1899 1269 1944 vero
1284 1879 1480 1961 prebendam
1502 1881 1674 1961 predictos,
1706 1880 1937 1962 quamprimum
1967 1882 2074 1962 vigore

567 1985 727 2067 presentis
756 1985 863 2065 gracie
894 1983 1011 2048 ibidem
1040 1982 1234 2065 prebendam
1265 1983 1365 2047 fueris
1395 1983 1528 2065 pacifice
1563 1990 1740 2063 assecutus
1765 1985 1889 2049 omnino
1914 1985 2075 2049 dimittere

567 2089 781 2153 tenearis...
800 2138 806 2151 .
831 2089 870 2153 D.
894 2087 1052 2151 Aninione
1074 2087 1108 2152 Il
1131 2086 1173 2150 id.
1198 2087 1383 2151 Decembris
1407 2106 1435 2151 a.
1459 2088 1571 2168 primo.

669 2192 707 2257 Ιιι
730 2210 757 2255 e.
774 2211 813 2255 m.
828 2211 856 2255 v.
873 2192 929 2256 f...
954 2191 1104 2271 episcopo
1128 2190 1331 2255 Olomuoensi
1355 2196 1388 2254 et
1403 2191 1453 2255 dd.
1471 2190 1537 2256 ff...
1555 2192 1665 2255 abbati
1687 2193 1871 2257 monasterii
1891 2194 2072 2275 Auleregie,

568 2296 739 2379 Pragensis
763 2295 909 2373 diocesis,
933 2301 966 2358 et
987 2293 1126 2359 Johanni
1150 2295 1189 2359 de
1212 2294 1360 2373 Pistorio,
1385 2296 1536 2359 canonico
1559 2295 1766 2374 Traiectensi,
1790 2314 1814 2361 s.
1833 2346 1840 2360 .
1858 2346 1865 2359 .
1883 2346 1914 2360 ..
1940 2298 1980 2361 D.
1997 2301 2035 2360 nt
2050 2314 2072 2360 s.

671 2466 820 2522 Clementis
839 2466 878 2520 VI
896 2468 920 2519 A
939 2466 999 2537 Illo
1018 2470 1074 2532 (70)
1093 2465 1111 2519 t.
1131 2469 1190 2519 247⁹
1210 2481 1237 2518 ιι.
1253 2471 1329 2532 1221,
1348 2464 1382 2519 de
1400 2465 1567 2534 praebendis
1585 2467 1722 2521 vacaturis
1736 2484 1780 2536 qn.
1793 2472 1826 2520 56
1839 2487 1871 2520 :
1885 2468 1916 2520 V.
1931 2472 1982 2520 156
1995 2468 2013 2521 l.
2025 2473 2073 2520 274

570 2573 595 2609 n.
617 2560 691 2608 1221.
710 2584 744 2593 -
771 2557 794 2619 r)
814 2552 948 2620 ,ecclesie‘
967 2552 1113 2620 putredine
1132 2567 1273 2606 corrosum
1291 2552 1320 2605 in
1337 2554 1371 2606 A.

1219 2746 1422 2757 —-——⁴

567 2955 659 3021 146.
683 2956 775 3018 Pet-ro
798 2954 836 3017 de
859 2954 952 3018 Luna
970 2952 1155 3036 providetur
1177 2952 1215 3016 de
1238 2953 1427 3018 canonicatu
1449 2952 1598 3018 ecclcsiae
1616 2954 1830 3019 olomucensis
1852 2954 1910 3019 sab
1930 2961 2074 3039 expecto·

973 3056 1057 3120 tione
1074 3055 1284 3139 praebendae.
1331 3058 1447 3122 meaa
1476 3062 1512 3120 ut
1533 3058 1568 3122 ia
1590 3079 1620 3121 a.
1644 3060 1674 3124 6.

1475 3228 1639 3307 Aoinione,
1664 3234 1749 3298 1342
1771 3232 1955 3298 Decembris
1976 3236 2030 3300 12.

611 3192 723 3334 ‚la

670 3422 708 3485 D.
733 3421 753 3485 f.
778 3421 871 3485 Petro
896 3420 936 3485 de
959 3419 1060 3498 Luna,
1084 3421 1235 3485 canonico
1259 3421 1473 3500 Olomuoensi,
1498 3440 1523 3485 s.
1547 3422 1621 3487 Vite
1645 3443 1683 3487 ac
1705 3443 1826 3489 morum
1848 3424 2071 3490 honestas...

565 3526 718 3592 Volentes
740 3526 849 3606 itaque
872 3525 932 3589 tibi
954 3543 985 3605 p.
1009 3543 1048 3586 m.
1072 3525 1092 3588 i.
1117 3544 1145 3606 g.
1171 3526 1192 3590 l.
1213 3544 1249 3604 s.‚
1265 3527 1487 3591 canonicatum
1511 3527 1645 3594 ecclesie
1669 3528 1890 3594 Olomuoensis
1913 3550 1940 3594 c.
1960 3550 1991 3613 p.
2010 3533 2029 3595 i.
2046 3551 2072 3595 c.

567 3651 595 3695 a.
611 3636 633 3694 t.
652 3648 680 3693 a.
698 3627 888 3693 conserimus
911 3632 944 3692 ct
966 3627 1006 3691 de
1029 3627 1082 3691 illo
1107 3629 1207 3692 eciam
1230 3628 1443 3710 providemus,
1467 3632 1661 3712 prebendam
1685 3653 1769 3710 vero,
1786 3635 1813 3697 si
1830 3634 1941 3714 quain
1961 3634 2073 3700 eadem

566 3734 703 3799 ecclesia
732 3738 827 3796 vacat
857 3732 897 3795 ad
927 3750 1069 3813 presens,
1092 3732 1143 3796 vel
1174 3752 1243 3797 cnm
1273 3735 1510 3798 vacaverit...
1530 3785 1537 3798 .
1562 3735 1783 3802 conferendam
1805 3737 1913 3802 tibi..
1932 3788 1939 3802 .
1957 3788 1964 3802 .
1989 3739 2019 3803 d.
2044 3758 2072 3803 a.

566 3856 767 3902 reservamus
783 3856 862 3914 ....;
887 3837 1236 3901 nonobstantibus...
1254 3856 1311 3901 seu
1329 3837 1425 3921 [qnod
1443 3837 1487 3921 in]
1498 3841 1524 3917 ⁸)
1541 3840 1665 3920 capella
1678 3841 1825 3906 Omnium
1838 3842 2026 3906 Sanctorum
2042 3844 2072 3907 in

567 3947 672 4005 castro
695 3940 848 4021 Pragcnsi
869 3941 1088 4005 canonicatum
1105 3946 1138 4005 et
1152 3942 1348 4023 prebendam
1364 3960 1401 4004 ac
1417 3941 1585 4007 ecclesiam
1600 3945 1831 4027 parrochialem
1847 3947 1880 4010 in
1895 3946 2072 4024 Woduano‚

565 4044 737 4125 Prageusis
761 4042 905 4119 diocesis,
930 4046 1071 4109 nosceris
1095 4046 1287 4110 obtinere..
1306 4096 1312 4107 .
1331 4095 1337 4108 .
1363 4045 1400 4108 D.
1419 4046 1577 4112 Aninione
1592 4048 1625 4112 ll
1642 4049 1684 4112 id.
1702 4049 1888 4115 Decembris
1912 4069 1941 4115 a.
1958 4052 2071 4132 primo.

670 4148 707 4212 In
730 4166 757 4210 o.
781 4166 820 4210 m.
845 4146 896 4210 dd.
919 4146 950 4212 ff.
965 4199 993 4211 ..
1019 4149 1128 4213 abbati
1150 4150 1335 4214 monasterii
1360 4149 1566 4216 Gradiccnsis
1589 4158 1680 4217 extra
1713 4173 1820 4218 muros
1844 4154 2072 4221 Olomuoenses

566 4258 599 4317 et
615 4303 647 4317 ..
671 4252 833 4334 preposito
868 4253 969 4315 sancti
1003 4253 1090 4318 Petri
1124 4254 1156 4318 in
1186 4251 1362 4335 nidenan
1394 4252 1613 4320 Olomuoensis
1645 4256 1790 4336 diocesis,
1814 4263 1847 4321 et
1869 4258 2010 4323 Jolranni
2033 4261 2072 4324 de

568 4357 715 4434 Pistorio,
739 4356 891 4420 canonico
914 4356 1129 4422 Traiectensis
1152 4357 1361 4422 ecclesiarum
1388 4376 1412 4422 s.
1431 4408 1437 4421 .
1456 4410 1463 4423 .
1482 4410 1513 4422 ..
1560 4361 1598 4424 D.
1622 4366 1658 4424 ut
1682 4380 1705 4425 s.

669 4525 817 4579 (lenientis
837 4525 874 4578 Vl
895 4528 918 4578 Α
938 4526 997 4596 llll»
1017 4533 1072 4592 (70)
1091 4527 1108 4581 f.
1129 4533 1179 4581 ‘251
1199 4545 1224 4580 ιι.
1244 4534 1320 4594 1224,
1332 4528 1364 4583 de
1386 4530 1552 4596 praebendis
1571 4533 1708 4586 vacaturis
1727 4549 1771 4600 qn.
1792 4533 1903 4587 sc:V.
1925 4539 1973 4587 156
1989 4534 2008 4588 l.
2021 4542 2072 4589 276

565 4631 593 4670 n.
614 4620 689 4666 1224.
725 4611 776 4664 Ed.
795 4611 879 4665 CDM.
898 4613 950 4665 Vll
969 4630 994 4666 n.
1014 4620 1073 4682 451,
1092 4614 1177 4668 ΚΒΜ.
1196 4615 1234 4667 IV
1254 4631 1278 4667 n.
1299 4621 1373 4667 1196.
1393 4647 1426 4654 -
1453 4620 1475 4683 v)
1496 4618 1577 4685 ,qnod
1596 4618 1633 4671 in‘
1651 4619 1797 4687 putredine
1824 4636 1963 4674 corrosum
1990 4622 2018 4675 iu
2038 4625 2072 4680 ri.

567 4702 593 4767 b)
615 4698 739 4767 ,brumia‘
758 4699 791 4750 Α.

564 5086 656 5153 147.
687 5086 846 5151 lldlbelmo
871 5089 1038 5152 salaconis
1062 5087 1100 5150 de
1123 5084 1311 5165 Hoseoburp
1328 5089 1514 5169 providetur
1537 5087 1574 5150 ee
1597 5090 1787 5153 canonicatu
1809 5090 1958 5156 ecelesiae
1972 5094 2071 5157 Bam·

684 5239 692 5311 Ι
772 5189 928 5271 berpersais
951 5191 1008 5253 sub
1031 5192 1246 5275 expectatione
1262 5193 1475 5274 praebendae.
1522 5195 1636 5259 Formo
1659 5199 1695 5256 ab
1716 5196 1751 5258 in
1773 5217 1802 5259 a.
1827 5196 1857 5260 6.

606 5308 649 5449 dl
670 5329 719 5448 ῗ.
1473 5366 1636 5443 Aeiaioac,
1659 5371 1746 5433 1342
1769 5369 1951 5434 Decembris
1977 5373 2027 5437 12.

667 5537 705 5600 Ι).
728 5536 750 5600 f.
774 5535 942 5600 Wilhelmo
975 5537 1139 5603 Sbinconis
1171 5541 1209 5604 de
1240 5540 1460 5620 Hasenbnrch,
1493 5543 1644 5605 canonico
1678 5543 1916 5625 Bambergensi,
1948 5562 1972 5608 s.
2008 5550 2068 5609 etc.

561 5639 636 5704 Vite
660 5657 697 5702 ac
719 5658 840 5703 morum
862 5638 1062 5706 honestas..
1081 5693 1113 5705 ..
1137 5642 1289 5708 Volentos
1313 5645 1423 5726 itaque
1446 5646 1570 5730 [tibi]·)
1593 5665 1624 5726 p.
1664 5697 1671 5709 .
1695 5666 1734 5709 m.
1759 5646 1779 5710 i.
1804 5666 1833 5727 g.
1849 5646 1870 5712 i.
1888 5666 1924 5726 s,
1941 5650 2069 5714 canom-

563 5750 669 5808 catum
690 5742 825 5807 ecclesie
848 5743 1094 5827 Bambergensis
1118 5767 1143 5810 c.
1167 5767 1197 5829 p.
1222 5750 1241 5813 i.
1267 5770 1292 5814 c.
1319 5769 1348 5814 a.
1369 5756 1391 5814 t.
1416 5769 1444 5815 a.
1470 5751 1660 5816 conlerimus
1684 5752 1777 5816 etde
1800 5751 1855 5816 illo
1878 5753 2068 5838 eciampro-
