<?xml version="1.0" encoding="UTF-8"?>
<!DOCTYPE html PUBLIC "-//W3C//DTD XHTML 1.0 Transitional//EN"
    "http://www.w3.org/TR/xhtml1/DTD/xhtml1-transitional.dtd">
<html xmlns="http://www.w3.org/1999/xhtml" xml:lang="en" lang="en">
 <head>
  <title>
</title>
<meta http-equiv="Content-Type" content="text/html;charset=utf-8" />
  <meta name='ocr-system' content='tesseract 3.04.00' />
  <meta name='ocr-capabilities' content='ocr_page ocr_carea ocr_par ocr_line ocrx_word'/>
</head>
<body>
  <div class='ocr_page' id='page_1' title='image "./monumentavatica01vatigoog_0754.png"; bbox 0 0 5184 7050; ppageno 0'>
   <div class='ocr_carea' id='block_1_1' title="bbox 655 838 716 903">
    <p class='ocr_par' dir='ltr' id='par_1_1' title="bbox 655 838 716 903">
     <span class='ocr_line' id='line_1_1' title="bbox 655 838 716 903; baseline -0.033 0"><span class='ocrx_word' id='word_1_1' title='bbox 655 838 716 903; x_wconf 73' lang='lat'>732</span> 
     </span>
    </p>
   </div>
   <div class='ocr_carea' id='block_1_2' title="bbox 645 1036 2185 5814">
    <p class='ocr_par' dir='ltr' id='par_1_2' title="bbox 645 1036 2185 5814">
     <span class='ocr_line' id='line_1_2' title="bbox 652 1036 2164 1119; baseline -0.005 -10"><span class='ocrx_word' id='word_1_2' title='bbox 652 1044 824 1109; x_wconf 86' lang='lat' dir='ltr'>Romanam</span> <span class='ocrx_word' id='word_1_3' title='bbox 847 1040 965 1105; x_wconf 88' lang='lat' dir='ltr'>curiam</span> <span class='ocrx_word' id='word_1_4' title='bbox 991 1038 1072 1102; x_wconf 92' lang='lat' dir='ltr'>diem</span> <span class='ocrx_word' id='word_1_5' title='bbox 1097 1038 1211 1104; x_wconf 88' lang='lat' dir='ltr'>clausit</span> <span class='ocrx_word' id='word_1_6' title='bbox 1234 1044 1419 1115; x_wconf 82' lang='lat' dir='ltr'>extremum,</span> <span class='ocrx_word' id='word_1_7' title='bbox 1439 1038 1626 1103; x_wconf 86' lang='lat' dir='ltr'>vacantibus</span> <span class='ocrx_word' id='word_1_8' title='bbox 1644 1041 1675 1101; x_wconf 91' lang='lat' dir='ltr'>et</span> <span class='ocrx_word' id='word_1_9' title='bbox 1691 1036 1857 1102; x_wconf 87' lang='lat' dir='ltr'>collationi</span> <span class='ocrx_word' id='word_1_10' title='bbox 1881 1037 1973 1101; x_wconf 88' lang='lat' dir='ltr'>sedis</span> <span class='ocrx_word' id='word_1_11' title='bbox 1994 1037 2164 1119; x_wconf 86' lang='lat' dir='ltr'>apostolice</span> 
     </span>
     <span class='ocr_line' id='line_1_3' title="bbox 652 1142 2165 1227; baseline -0.005 -14"><span class='ocrx_word' id='word_1_12' title='bbox 652 1153 727 1213; x_wconf 87' lang='lat' dir='ltr'>aute</span> <span class='ocrx_word' id='word_1_13' title='bbox 757 1146 858 1227; x_wconf 89' lang='lat' dir='ltr'>ipsius</span> <span class='ocrx_word' id='word_1_14' title='bbox 889 1145 1009 1209; x_wconf 90' lang='lat' dir='ltr'>obitum</span> <span class='ocrx_word' id='word_1_15' title='bbox 1040 1144 1222 1222; x_wconf 79' lang='lat' dir='ltr'><strong>reservatis,</strong></span> <span class='ocrx_word' id='word_1_16' title='bbox 1255 1160 1313 1208; x_wconf 91' lang='lat' dir='ltr'>nos</span> <span class='ocrx_word' id='word_1_17' title='bbox 1336 1143 1376 1208; x_wconf 90' lang='lat' dir='ltr'>de</span> <span class='ocrx_word' id='word_1_18' title='bbox 1400 1143 1479 1224; x_wconf 91' lang='lat' dir='ltr'>ipsis</span> <span class='ocrx_word' id='word_1_19' title='bbox 1503 1144 1690 1210; x_wconf 71' lang='lat' dir='ltr'>canonicatu</span> <span class='ocrx_word' id='word_1_20' title='bbox 1712 1148 1746 1208; x_wconf 92' lang='lat' dir='ltr'>et</span> <span class='ocrx_word' id='word_1_21' title='bbox 1769 1143 1936 1224; x_wconf 89' lang='lat' dir='ltr'>prebenda</span> <span class='ocrx_word' id='word_1_22' title='bbox 1960 1143 1992 1207; x_wconf 88' lang='lat' dir='ltr'>d.</span> <span class='ocrx_word' id='word_1_23' title='bbox 2019 1145 2042 1211; x_wconf 92' lang='lat' dir='ltr'>f.</span> <span class='ocrx_word' id='word_1_24' title='bbox 2067 1142 2165 1219; x_wconf 81' lang='lat' dir='ltr'>Paula,</span> 
     </span>
     <span class='ocr_line' id='line_1_4' title="bbox 652 1248 2167 1330; baseline -0.004 -13"><span class='ocrx_word' id='word_1_25' title='bbox 652 1258 729 1319; x_wconf 90' lang='lat' dir='ltr'>tuuc</span> <span class='ocrx_word' id='word_1_26' title='bbox 752 1249 895 1316; x_wconf 90' lang='lat' dir='ltr'>eiusdem</span> <span class='ocrx_word' id='word_1_27' title='bbox 918 1248 1053 1313; x_wconf 79' lang='lat' dir='ltr'>ecclesie</span> <span class='ocrx_word' id='word_1_28' title='bbox 1076 1249 1237 1326; x_wconf 85' lang='lat' dir='ltr'>canonico,</span> <span class='ocrx_word' id='word_1_29' title='bbox 1261 1268 1344 1313; x_wconf 89' lang='lat' dir='ltr'>nunt</span> <span class='ocrx_word' id='word_1_30' title='bbox 1367 1249 1524 1314; x_wconf 88' lang='lat' dir='ltr'>Gurtensi</span> <span class='ocrx_word' id='word_1_31' title='bbox 1547 1249 1660 1326; x_wconf 89' lang='lat' dir='ltr'>electo,</span> <span class='ocrx_word' id='word_1_32' title='bbox 1685 1249 1833 1314; x_wconf 83' lang='lat' dir='ltr'>duximus</span> <span class='ocrx_word' id='word_1_33' title='bbox 1857 1267 1916 1330; x_wconf 90' lang='lat' dir='ltr'>per</span> <span class='ocrx_word' id='word_1_34' title='bbox 1939 1256 2076 1315; x_wconf 86' lang='lat' dir='ltr'>nostras</span> <span class='ocrx_word' id='word_1_35' title='bbox 2099 1249 2167 1313; x_wconf 90' lang='lat' dir='ltr'>certi</span> 
     </span>
     <span class='ocr_line' id='line_1_5' title="bbox 651 1352 2166 1435; baseline -0.005 -13"><span class='ocrx_word' id='word_1_36' title='bbox 651 1356 772 1422; x_wconf 83' lang='lat' dir='ltr'>tenoris</span> <span class='ocrx_word' id='word_1_37' title='bbox 794 1353 919 1418; x_wconf 90' lang='lat' dir='ltr'>litteras</span> <span class='ocrx_word' id='word_1_38' title='bbox 942 1352 1180 1435; x_wconf 86' lang='lat' dir='ltr'>providendum.</span> <span class='ocrx_word' id='word_1_39' title='bbox 1204 1354 1409 1419; x_wconf 84' lang='lat' dir='ltr'><strong>Postmodum</strong></span> <span class='ocrx_word' id='word_1_40' title='bbox 1432 1372 1518 1431; x_wconf 90' lang='lat' dir='ltr'>vero,</span> <span class='ocrx_word' id='word_1_41' title='bbox 1543 1354 1626 1419; x_wconf 87' lang='lat' dir='ltr'>sicut</span> <span class='ocrx_word' id='word_1_42' title='bbox 1648 1353 1789 1419; x_wconf 84' lang='lat' dir='ltr'>exhibita</span> <span class='ocrx_word' id='word_1_43' title='bbox 1811 1354 1903 1418; x_wconf 89' lang='lat' dir='ltr'>nobis</span> <span class='ocrx_word' id='word_1_44' title='bbox 1928 1373 1987 1435; x_wconf 90' lang='lat' dir='ltr'>pro</span> <span class='ocrx_word' id='word_1_45' title='bbox 2007 1358 2103 1435; x_wconf 91' lang='lat' dir='ltr'>parte</span> <span class='ocrx_word' id='word_1_46' title='bbox 2117 1359 2166 1418; x_wconf 84' lang='lat' dir='ltr'>tua</span> 
     </span>
     <span class='ocr_line' id='line_1_6' title="bbox 652 1455 2166 1543; baseline -0.004 -18"><span class='ocrx_word' id='word_1_47' title='bbox 652 1460 770 1543; x_wconf 90' lang='lat' dir='ltr'>petitio</span> <span class='ocrx_word' id='word_1_48' title='bbox 794 1458 986 1537; x_wconf 87' lang='lat' dir='ltr'>continebat,</span> <span class='ocrx_word' id='word_1_49' title='bbox 1010 1474 1107 1538; x_wconf 91' lang='lat' dir='ltr'>super</span> <span class='ocrx_word' id='word_1_50' title='bbox 1130 1457 1250 1523; x_wconf 89' lang='lat' dir='ltr'>eisdem</span> <span class='ocrx_word' id='word_1_51' title='bbox 1285 1459 1472 1522; x_wconf 80' lang='lat' dir='ltr'>canonicatu</span> <span class='ocrx_word' id='word_1_52' title='bbox 1508 1464 1540 1523; x_wconf 92' lang='lat' dir='ltr'>et</span> <span class='ocrx_word' id='word_1_53' title='bbox 1573 1457 1736 1539; x_wconf 89' lang='lat' dir='ltr'>prebenda</span> <span class='ocrx_word' id='word_1_54' title='bbox 1765 1458 1849 1522; x_wconf 89' lang='lat' dir='ltr'>inter</span> <span class='ocrx_word' id='word_1_55' title='bbox 1880 1457 2006 1522; x_wconf 88' lang='lat' dir='ltr'>dictum</span> <span class='ocrx_word' id='word_1_56' title='bbox 2040 1455 2166 1522; x_wconf 86' lang='lat' dir='ltr'>Paulum</span> 
     </span>
     <span class='ocr_line' id='line_1_7' title="bbox 652 1561 2163 1646; baseline -0.003 -17"><span class='ocrx_word' id='word_1_57' title='bbox 652 1568 686 1629; x_wconf 89' lang='lat' dir='ltr'>et</span> <span class='ocrx_word' id='word_1_58' title='bbox 708 1564 738 1629; x_wconf 92' lang='lat' dir='ltr'>d.</span> <span class='ocrx_word' id='word_1_59' title='bbox 761 1564 782 1630; x_wconf 94' lang='lat' dir='ltr'>f.</span> <span class='ocrx_word' id='word_1_60' title='bbox 809 1563 993 1644; x_wconf 86' lang='lat' dir='ltr'>Dzyuisium</span> <span class='ocrx_word' id='word_1_61' title='bbox 1017 1561 1200 1627; x_wconf 88' lang='lat' dir='ltr'>Prandocbe</span> <span class='ocrx_word' id='word_1_62' title='bbox 1223 1564 1358 1627; x_wconf 86' lang='lat' dir='ltr'>materia</span> <span class='ocrx_word' id='word_1_63' title='bbox 1381 1563 1557 1646; x_wconf 84' lang='lat' dir='ltr'>questionis</span> <span class='ocrx_word' id='word_1_64' title='bbox 1579 1569 1699 1641; x_wconf 84' lang='lat' dir='ltr'>exorta,</span> <span class='ocrx_word' id='word_1_65' title='bbox 1723 1580 1781 1627; x_wconf 90' lang='lat' dir='ltr'>nos</span> <span class='ocrx_word' id='word_1_66' title='bbox 1804 1562 1834 1627; x_wconf 89' lang='lat' dir='ltr'>d.</span> <span class='ocrx_word' id='word_1_67' title='bbox 1851 1562 1873 1627; x_wconf 92' lang='lat' dir='ltr'>f.</span> <span class='ocrx_word' id='word_1_68' title='bbox 1889 1563 2053 1645; x_wconf 86' lang='lat' dir='ltr'>magistro</span> <span class='ocrx_word' id='word_1_69' title='bbox 2078 1562 2163 1627; x_wconf 90' lang='lat' dir='ltr'>Petra</span> 
     </span>
     <span class='ocr_line' id='line_1_8' title="bbox 652 1664 2165 1749; baseline -0.003 -16"><span class='ocrx_word' id='word_1_70' title='bbox 652 1669 692 1733; x_wconf 94' lang='lat' dir='ltr'>de</span> <span class='ocrx_word' id='word_1_71' title='bbox 725 1668 847 1747; x_wconf 87' lang='lat' dir='ltr'>llhano,</span> <span class='ocrx_word' id='word_1_72' title='bbox 882 1667 1050 1747; x_wconf 89' lang='lat' dir='ltr'>utriusque</span> <span class='ocrx_word' id='word_1_73' title='bbox 1083 1666 1162 1731; x_wconf 89' lang='lat' dir='ltr'>iuris</span> <span class='ocrx_word' id='word_1_74' title='bbox 1198 1666 1369 1747; x_wconf 81' lang='lat' dir='ltr'>professori</span> <span class='ocrx_word' id='word_1_75' title='bbox 1403 1674 1438 1732; x_wconf 88' lang='lat' dir='ltr'>et</span> <span class='ocrx_word' id='word_1_76' title='bbox 1471 1666 1635 1748; x_wconf 90' lang='lat' dir='ltr'>capellano</span> <span class='ocrx_word' id='word_1_77' title='bbox 1665 1672 1773 1732; x_wconf 88' lang='lat' dir='ltr'>nostro</span> <span class='ocrx_word' id='word_1_78' title='bbox 1797 1686 1834 1731; x_wconf 92' lang='lat' dir='ltr'>ac</span> <span class='ocrx_word' id='word_1_79' title='bbox 1858 1684 2034 1733; x_wconf 86' lang='lat' dir='ltr'>causarum</span> <span class='ocrx_word' id='word_1_80' title='bbox 2057 1664 2165 1749; x_wconf 81' lang='lat' dir='ltr'>palatii</span> 
     </span>
     <span class='ocr_line' id='line_1_9' title="bbox 652 1768 2165 1856; baseline -0.002 -18"><span class='ocrx_word' id='word_1_81' title='bbox 652 1771 819 1856; x_wconf 90' lang='lat' dir='ltr'>apostolici</span> <span class='ocrx_word' id='word_1_82' title='bbox 842 1771 989 1847; x_wconf 90' lang='lat' dir='ltr'>auditori,</span> <span class='ocrx_word' id='word_1_83' title='bbox 1013 1788 1139 1834; x_wconf 89' lang='lat' dir='ltr'>causam</span> <span class='ocrx_word' id='word_1_84' title='bbox 1162 1770 1342 1835; x_wconf 91' lang='lat' dir='ltr'>huiusmodi</span> <span class='ocrx_word' id='word_1_85' title='bbox 1367 1771 1578 1835; x_wconf 83' lang='lat' dir='ltr'>commisimus</span> <span class='ocrx_word' id='word_1_86' title='bbox 1595 1770 1786 1835; x_wconf 86' lang='lat' dir='ltr'>audiendam</span> <span class='ocrx_word' id='word_1_87' title='bbox 1801 1776 1834 1833; x_wconf 90' lang='lat' dir='ltr'>et</span> <span class='ocrx_word' id='word_1_88' title='bbox 1851 1768 1915 1835; x_wconf 89' lang='lat' dir='ltr'>fine</span> <span class='ocrx_word' id='word_1_89' title='bbox 1931 1770 2048 1836; x_wconf 91' lang='lat' dir='ltr'>debito</span> <span class='ocrx_word' id='word_1_90' title='bbox 2064 1772 2165 1835; x_wconf 89' lang='lat' dir='ltr'>termi-</span> 
     </span>
     <span class='ocr_line' id='line_1_10' title="bbox 652 1872 2166 1955; baseline -0.001 -14"><span class='ocrx_word' id='word_1_91' title='bbox 652 1876 799 1952; x_wconf 87' lang='lat' dir='ltr'>nandam,</span> <span class='ocrx_word' id='word_1_92' title='bbox 830 1876 862 1938; x_wconf 91' lang='lat' dir='ltr'>in</span> <span class='ocrx_word' id='word_1_93' title='bbox 892 1893 955 1955; x_wconf 90' lang='lat' dir='ltr'>qua</span> <span class='ocrx_word' id='word_1_94' title='bbox 984 1892 1089 1939; x_wconf 93' lang='lat' dir='ltr'>toram</span> <span class='ocrx_word' id='word_1_95' title='bbox 1119 1872 1265 1937; x_wconf 90' lang='lat' dir='ltr'>auditore</span> <span class='ocrx_word' id='word_1_96' title='bbox 1294 1873 1420 1955; x_wconf 90' lang='lat' dir='ltr'>prefato</span> <span class='ocrx_word' id='word_1_97' title='bbox 1450 1891 1552 1955; x_wconf 90' lang='lat' dir='ltr'>usque</span> <span class='ocrx_word' id='word_1_98' title='bbox 1583 1874 1623 1938; x_wconf 89' lang='lat' dir='ltr'>ad</span> <span class='ocrx_word' id='word_1_99' title='bbox 1653 1873 1853 1939; x_wconf 81' lang='lat' dir='ltr'>diffinitivam</span> <span class='ocrx_word' id='word_1_100' title='bbox 1884 1876 2089 1940; x_wconf 85' lang='lat' dir='ltr'>sentenciam</span> <span class='ocrx_word' id='word_1_101' title='bbox 2111 1874 2166 1940; x_wconf 89' lang='lat' dir='ltr'>fuit</span> 
     </span>
     <span class='ocr_line' id='line_1_11' title="bbox 653 1977 2167 2061; baseline -0.003 -16"><span class='ocrx_word' id='word_1_102' title='bbox 653 1980 814 2045; x_wconf 83' lang='lat' dir='ltr'>exclusive</span> <span class='ocrx_word' id='word_1_103' title='bbox 844 1996 1037 2061; x_wconf 87' lang='lat' dir='ltr'>processum.</span> <span class='ocrx_word' id='word_1_104' title='bbox 1069 1978 1112 2042; x_wconf 87' lang='lat' dir='ltr'>Et</span> <span class='ocrx_word' id='word_1_105' title='bbox 1142 1996 1239 2041; x_wconf 87' lang='lat' dir='ltr'>causa</span> <span class='ocrx_word' id='word_1_106' title='bbox 1268 1977 1449 2043; x_wconf 90' lang='lat' dir='ltr'>huiusmodi</span> <span class='ocrx_word' id='word_1_107' title='bbox 1481 1998 1588 2042; x_wconf 89' lang='lat' dir='ltr'>coram</span> <span class='ocrx_word' id='word_1_108' title='bbox 1611 1998 1648 2043; x_wconf 93' lang='lat' dir='ltr'>eo</span> <span class='ocrx_word' id='word_1_109' title='bbox 1672 1985 1707 2043; x_wconf 94' lang='lat' dir='ltr'>ut</span> <span class='ocrx_word' id='word_1_110' title='bbox 1730 1978 1891 2060; x_wconf 88' lang='lat' dir='ltr'>prefertur</span> <span class='ocrx_word' id='word_1_111' title='bbox 1914 1979 2094 2061; x_wconf 82' lang='lat' dir='ltr'>pendente,</span> <span class='ocrx_word' id='word_1_112' title='bbox 2118 1995 2167 2044; x_wconf 85' lang='lat' dir='ltr'>nas</span> 
     </span>
     <span class='ocr_line' id='line_1_12' title="bbox 651 2079 2167 2166; baseline -0.001 -18"><span class='ocrx_word' id='word_1_113' title='bbox 651 2084 692 2148; x_wconf 89' lang='lat' dir='ltr'>de</span> <span class='ocrx_word' id='word_1_114' title='bbox 714 2102 849 2165; x_wconf 89' lang='lat' dir='ltr'>persona</span> <span class='ocrx_word' id='word_1_115' title='bbox 871 2083 971 2163; x_wconf 90' lang='lat' dir='ltr'>ipsius</span> <span class='ocrx_word' id='word_1_116' title='bbox 994 2079 1086 2146; x_wconf 92' lang='lat' dir='ltr'>Pauli</span> <span class='ocrx_word' id='word_1_117' title='bbox 1109 2080 1244 2146; x_wconf 87' lang='lat' dir='ltr'>ecclesie</span> <span class='ocrx_word' id='word_1_118' title='bbox 1267 2081 1434 2159; x_wconf 89' lang='lat' dir='ltr'>Gurcensi,</span> <span class='ocrx_word' id='word_1_119' title='bbox 1465 2086 1542 2147; x_wconf 91' lang='lat' dir='ltr'>tunc</span> <span class='ocrx_word' id='word_1_120' title='bbox 1572 2084 1707 2161; x_wconf 89' lang='lat' dir='ltr'>vacanti,</span> <span class='ocrx_word' id='word_1_121' title='bbox 1740 2083 1887 2149; x_wconf 84' lang='lat' dir='ltr'>donimus</span> <span class='ocrx_word' id='word_1_122' title='bbox 1923 2083 2167 2166; x_wconf 85' lang='lat' dir='ltr'>providendum,</span> 
     </span>
     <span class='ocr_line' id='line_1_13' title="bbox 650 2185 2165 2271; baseline -0.001 -19"><span class='ocrx_word' id='word_1_123' title='bbox 650 2187 844 2271; x_wconf 86' lang='lat' dir='ltr'>preficiendo</span> <span class='ocrx_word' id='word_1_124' title='bbox 867 2188 970 2268; x_wconf 91' lang='lat' dir='ltr'>ipsum</span> <span class='ocrx_word' id='word_1_125' title='bbox 994 2185 1097 2249; x_wconf 88' lang='lat' dir='ltr'>eidem</span> <span class='ocrx_word' id='word_1_126' title='bbox 1120 2185 1276 2250; x_wconf 89' lang='lat' dir='ltr'>Gurtensi</span> <span class='ocrx_word' id='word_1_127' title='bbox 1300 2187 1436 2252; x_wconf 91' lang='lat' dir='ltr'>ecclesie</span> <span class='ocrx_word' id='word_1_128' title='bbox 1459 2188 1491 2251; x_wconf 92' lang='lat' dir='ltr'>in</span> <span class='ocrx_word' id='word_1_129' title='bbox 1514 2188 1698 2269; x_wconf 89' lang='lat' dir='ltr'>episcopum</span> <span class='ocrx_word' id='word_1_130' title='bbox 1715 2194 1750 2252; x_wconf 91' lang='lat' dir='ltr'>et</span> <span class='ocrx_word' id='word_1_131' title='bbox 1764 2193 1935 2269; x_wconf 87' lang='lat' dir='ltr'>pastorem.</span> <span class='ocrx_word' id='word_1_132' title='bbox 1962 2186 2049 2253; x_wconf 83' lang='lat' dir='ltr'>Cum</span> <span class='ocrx_word' id='word_1_133' title='bbox 2065 2189 2165 2270; x_wconf 85' lang='lat' dir='ltr'>itaque</span> 
     </span>
     <span class='ocr_line' id='line_1_14' title="bbox 651 2288 2166 2374; baseline -0.003 -16"><span class='ocrx_word' id='word_1_134' title='bbox 651 2292 711 2369; x_wconf 88' lang='lat' dir='ltr'>ius,</span> <span class='ocrx_word' id='word_1_135' title='bbox 746 2291 831 2374; x_wconf 92' lang='lat' dir='ltr'>quod</span> <span class='ocrx_word' id='word_1_136' title='bbox 864 2289 969 2354; x_wconf 91' lang='lat' dir='ltr'>eidem</span> <span class='ocrx_word' id='word_1_137' title='bbox 1001 2288 1112 2367; x_wconf 84' lang='lat' dir='ltr'>Paulo,</span> <span class='ocrx_word' id='word_1_138' title='bbox 1145 2290 1259 2367; x_wconf 84' lang='lat' dir='ltr'>electo,</span> <span class='ocrx_word' id='word_1_139' title='bbox 1293 2291 1326 2354; x_wconf 93' lang='lat' dir='ltr'>iu</span> <span class='ocrx_word' id='word_1_140' title='bbox 1360 2291 1548 2355; x_wconf 85' lang='lat' dir='ltr'>canonicatu</span> <span class='ocrx_word' id='word_1_141' title='bbox 1582 2295 1615 2355; x_wconf 90' lang='lat' dir='ltr'>et</span> <span class='ocrx_word' id='word_1_142' title='bbox 1645 2292 1807 2373; x_wconf 88' lang='lat' dir='ltr'>prebenda</span> <span class='ocrx_word' id='word_1_143' title='bbox 1835 2292 1997 2374; x_wconf 82' lang='lat' dir='ltr'>predictis</span> <span class='ocrx_word' id='word_1_144' title='bbox 2029 2298 2166 2372; x_wconf 88' lang='lat' dir='ltr'>tempore</span> 
     </span>
     <span class='ocr_line' id='line_1_15' title="bbox 651 2393 2165 2478; baseline -0.002 -18"><span class='ocrx_word' id='word_1_145' title='bbox 651 2394 862 2477; x_wconf 76' lang='lat' dir='ltr'>promotionis</span> <span class='ocrx_word' id='word_1_146' title='bbox 885 2393 1074 2472; x_wconf 90' lang='lat' dir='ltr'>huiusmodi,</span> <span class='ocrx_word' id='word_1_147' title='bbox 1098 2412 1156 2475; x_wconf 92' lang='lat' dir='ltr'>per</span> <span class='ocrx_word' id='word_1_148' title='bbox 1178 2409 1235 2458; x_wconf 92' lang='lat' dir='ltr'>nos</span> <span class='ocrx_word' id='word_1_149' title='bbox 1259 2394 1299 2458; x_wconf 92' lang='lat' dir='ltr'>de</span> <span class='ocrx_word' id='word_1_150' title='bbox 1322 2395 1391 2476; x_wconf 89' lang='lat' dir='ltr'>ipso</span> <span class='ocrx_word' id='word_1_151' title='bbox 1416 2394 1513 2474; x_wconf 86' lang='lat' dir='ltr'>facte,</span> <span class='ocrx_word' id='word_1_152' title='bbox 1530 2397 1730 2478; x_wconf 85' lang='lat' dir='ltr'>competebat</span> <span class='ocrx_word' id='word_1_153' title='bbox 1745 2400 1778 2461; x_wconf 91' lang='lat' dir='ltr'>et</span> <span class='ocrx_word' id='word_1_154' title='bbox 1799 2396 1904 2461; x_wconf 90' lang='lat' dir='ltr'>adhuc</span> <span class='ocrx_word' id='word_1_155' title='bbox 1929 2396 2098 2476; x_wconf 79' lang='lat' dir='ltr'>cornpetit</span> <span class='ocrx_word' id='word_1_156' title='bbox 2115 2414 2165 2478; x_wconf 86' lang='lat' dir='ltr'>per</span> 
     </span>
     <span class='ocr_line' id='line_1_16' title="bbox 650 2498 2163 2581; baseline 0 -17"><span class='ocrx_word' id='word_1_157' title='bbox 650 2518 766 2564; x_wconf 90' lang='lat' dir='ltr'>munus</span> <span class='ocrx_word' id='word_1_158' title='bbox 789 2499 1078 2573; x_wconf 80' lang='lat' dir='ltr'>torraecracionis·)</span> <span class='ocrx_word' id='word_1_159' title='bbox 1102 2498 1339 2579; x_wconf 88' lang='lat' dir='ltr'>suscipiendum</span> <span class='ocrx_word' id='word_1_160' title='bbox 1363 2499 1402 2563; x_wconf 90' lang='lat' dir='ltr'>ab</span> <span class='ocrx_word' id='word_1_161' title='bbox 1426 2518 1463 2564; x_wconf 91' lang='lat' dir='ltr'>eo</span> <span class='ocrx_word' id='word_1_162' title='bbox 1486 2518 1601 2563; x_wconf 85' lang='lat' dir='ltr'>vacare</span> <span class='ocrx_word' id='word_1_163' title='bbox 1625 2506 1772 2581; x_wconf 89' lang='lat' dir='ltr'>speretur</span> <span class='ocrx_word' id='word_1_164' title='bbox 1795 2501 1826 2563; x_wconf 93' lang='lat' dir='ltr'>iu</span> <span class='ocrx_word' id='word_1_165' title='bbox 1849 2500 1963 2577; x_wconf 60' lang='lat' dir='ltr'>brevic</span> <span class='ocrx_word' id='word_1_166' title='bbox 1998 2517 2061 2565; x_wconf 87' lang='lat' dir='ltr'>uos</span> <span class='ocrx_word' id='word_1_167' title='bbox 2084 2500 2163 2581; x_wconf 89' lang='lat' dir='ltr'>cupi·</span> 
     </span>
     <span class='ocr_line' id='line_1_17' title="bbox 652 2601 2185 2686; baseline -0.001 -19"><span class='ocrx_word' id='word_1_168' title='bbox 652 2608 742 2668; x_wconf 88' lang='lat' dir='ltr'>entes</span> <span class='ocrx_word' id='word_1_169' title='bbox 776 2602 955 2669; x_wconf 87' lang='lat' dir='ltr'>huiusmodi</span> <span class='ocrx_word' id='word_1_170' title='bbox 990 2603 1038 2667; x_wconf 94' lang='lat' dir='ltr'>liti</span> <span class='ocrx_word' id='word_1_171' title='bbox 1073 2603 1258 2667; x_wconf 84' lang='lat' dir='ltr'>canonicum</span> <span class='ocrx_word' id='word_1_172' title='bbox 1300 2601 1394 2667; x_wconf 89' lang='lat' dir='ltr'>finem</span> <span class='ocrx_word' id='word_1_173' title='bbox 1433 2602 1560 2684; x_wconf 89' lang='lat' dir='ltr'>imponi,</span> <span class='ocrx_word' id='word_1_174' title='bbox 1594 2603 1717 2686; x_wconf 90' lang='lat' dir='ltr'>tibique</span> <span class='ocrx_word' id='word_1_175' title='bbox 1754 2603 1898 2669; x_wconf 89' lang='lat' dir='ltr'>volentes</span> <span class='ocrx_word' id='word_1_176' title='bbox 1937 2606 2185 2686; x_wconf 81' lang='lat' dir='ltr'>premissorum¹</span> 
     </span>
     <span class='ocr_line' id='line_1_18' title="bbox 652 2706 2164 2790; baseline -0.001 -19"><span class='ocrx_word' id='word_1_177' title='bbox 652 2707 836 2771; x_wconf 89' lang='lat' dir='ltr'>meritorum</span> <span class='ocrx_word' id='word_1_178' title='bbox 858 2713 983 2770; x_wconf 92' lang='lat' dir='ltr'>tuorum</span> <span class='ocrx_word' id='word_1_179' title='bbox 1007 2706 1125 2770; x_wconf 91' lang='lat' dir='ltr'>intuitu</span> <span class='ocrx_word' id='word_1_180' title='bbox 1149 2707 1286 2787; x_wconf 75' lang='lat' dir='ltr'>graciam</span> <span class='ocrx_word' id='word_1_181' title='bbox 1309 2706 1414 2772; x_wconf 90' lang='lat' dir='ltr'>fatere</span> <span class='ocrx_word' id='word_1_182' title='bbox 1438 2707 1618 2788; x_wconf 86' lang='lat' dir='ltr'>specialem,</span> <span class='ocrx_word' id='word_1_183' title='bbox 1643 2709 1821 2788; x_wconf 90' lang='lat' dir='ltr'>predictum</span> <span class='ocrx_word' id='word_1_184' title='bbox 1852 2710 1913 2787; x_wconf 79' lang='lat' dir='ltr'>iat,</span> <span class='ocrx_word' id='word_1_185' title='bbox 1947 2709 2037 2790; x_wconf 92' lang='lat' dir='ltr'>quod</span> <span class='ocrx_word' id='word_1_186' title='bbox 2069 2707 2164 2772; x_wconf 87' lang='lat' dir='ltr'>eidem</span> 
     </span>
     <span class='ocr_line' id='line_1_19' title="bbox 652 2809 2164 2893; baseline -0.001 -19"><span class='ocrx_word' id='word_1_187' title='bbox 652 2810 753 2875; x_wconf 89' lang='lat' dir='ltr'>electo</span> <span class='ocrx_word' id='word_1_188' title='bbox 777 2812 807 2875; x_wconf 91' lang='lat' dir='ltr'>in</span> <span class='ocrx_word' id='word_1_189' title='bbox 832 2809 952 2874; x_wconf 87' lang='lat' dir='ltr'>eisdem</span> <span class='ocrx_word' id='word_1_190' title='bbox 975 2810 1162 2874; x_wconf 86' lang='lat' dir='ltr'>canonicatu</span> <span class='ocrx_word' id='word_1_191' title='bbox 1187 2815 1219 2873; x_wconf 87' lang='lat' dir='ltr'>et</span> <span class='ocrx_word' id='word_1_192' title='bbox 1241 2811 1403 2892; x_wconf 88' lang='lat' dir='ltr'>prebenda</span> <span class='ocrx_word' id='word_1_193' title='bbox 1430 2812 1582 2893; x_wconf 90' lang='lat' dir='ltr'>competit</span> <span class='ocrx_word' id='word_1_194' title='bbox 1613 2820 1648 2876; x_wconf 92' lang='lat' dir='ltr'>ut</span> <span class='ocrx_word' id='word_1_195' title='bbox 1678 2813 1846 2893; x_wconf 84' lang='lat' dir='ltr'>prefertur,</span> <span class='ocrx_word' id='word_1_196' title='bbox 1878 2831 1952 2877; x_wconf 91' lang='lat' dir='ltr'>cum</span> <span class='ocrx_word' id='word_1_197' title='bbox 1985 2811 2069 2877; x_wconf 92' lang='lat' dir='ltr'>illud</span> <span class='ocrx_word' id='word_1_198' title='bbox 2099 2828 2164 2893; x_wconf 90' lang='lat' dir='ltr'>pre-</span> 
     </span>
     <span class='ocr_line' id='line_1_20' title="bbox 650 2912 2160 2999; baseline 0.001 -19"><span class='ocrx_word' id='word_1_199' title='bbox 650 2916 747 2980; x_wconf 89' lang='lat' dir='ltr'>misso</span> <span class='ocrx_word' id='word_1_200' title='bbox 763 2914 813 2978; x_wconf 82' lang='lat' dir='ltr'>vel</span> <span class='ocrx_word' id='word_1_201' title='bbox 829 2914 890 2979; x_wconf 88' lang='lat' dir='ltr'>alio</span> <span class='ocrx_word' id='word_1_202' title='bbox 907 2914 1136 2996; x_wconf 85' lang='lat' dir='ltr'>quovismodo,</span> <span class='ocrx_word' id='word_1_203' title='bbox 1155 2922 1356 2997; x_wconf 87' lang='lat' dir='ltr'>preterquam</span> <span class='ocrx_word' id='word_1_204' title='bbox 1372 2934 1430 2998; x_wconf 93' lang='lat' dir='ltr'>per</span> <span class='ocrx_word' id='word_1_205' title='bbox 1444 2917 1544 2998; x_wconf 89' lang='lat' dir='ltr'>ipsius</span> <span class='ocrx_word' id='word_1_206' title='bbox 1560 2915 1654 2981; x_wconf 90' lang='lat' dir='ltr'>electi</span> <span class='ocrx_word' id='word_1_207' title='bbox 1671 2919 1801 2994; x_wconf 89' lang='lat' dir='ltr'>obitum,</span> <span class='ocrx_word' id='word_1_208' title='bbox 1818 2936 1937 2982; x_wconf 88' lang='lat' dir='ltr'>vacare</span> <span class='ocrx_word' id='word_1_209' title='bbox 1954 2912 2160 2999; x_wconf 63' lang='lat' dir='ltr'>contigeritlt</span> 
     </span>
     <span class='ocr_line' id='line_1_21' title="bbox 652 3017 2159 3101; baseline -0.002 -16"><span class='ocrx_word' id='word_1_210' title='bbox 652 3017 878 3085; x_wconf 86' lang='lat' dir='ltr'>conferendum</span> <span class='ocrx_word' id='word_1_211' title='bbox 914 3019 973 3084; x_wconf 92' lang='lat' dir='ltr'>tibi</span> <span class='ocrx_word' id='word_1_212' title='bbox 1011 3019 1177 3083; x_wconf 86' lang='lat' dir='ltr'>donaciani</span> <span class='ocrx_word' id='word_1_213' title='bbox 1216 3018 1392 3101; x_wconf 88' lang='lat' dir='ltr'>apostolice</span> <span class='ocrx_word' id='word_1_214' title='bbox 1429 3038 1639 3099; x_wconf 85' lang='lat' dir='ltr'>reservamus,</span> <span class='ocrx_word' id='word_1_215' title='bbox 1679 3023 1888 3086; x_wconf 91' lang='lat' dir='ltr'>decernentes</span> <span class='ocrx_word' id='word_1_216' title='bbox 1927 3020 2159 3094; x_wconf 88' lang='lat' dir='ltr'>nichilominus,</span> 
     </span>
     <span class='ocr_line' id='line_1_22' title="bbox 649 3122 2157 3207; baseline -0.001 -20"><span class='ocrx_word' id='word_1_217' title='bbox 649 3126 818 3205; x_wconf 85' lang='lat' dir='ltr'>postquam</span> <span class='ocrx_word' id='word_1_218' title='bbox 848 3122 1027 3187; x_wconf 92' lang='lat' dir='ltr'>huiusmodi</span> <span class='ocrx_word' id='word_1_219' title='bbox 1057 3124 1107 3187; x_wconf 91' lang='lat' dir='ltr'>ius</span> <span class='ocrx_word' id='word_1_220' title='bbox 1140 3122 1248 3204; x_wconf 77' lang='lat' dir='ltr'>vigore</span> <span class='ocrx_word' id='word_1_221' title='bbox 1282 3125 1483 3205; x_wconf 86' lang='lat' dir='ltr'>presentium</span> <span class='ocrx_word' id='word_1_222' title='bbox 1516 3125 1574 3189; x_wconf 89' lang='lat' dir='ltr'>tibi</span> <span class='ocrx_word' id='word_1_223' title='bbox 1610 3125 1758 3189; x_wconf 88' lang='lat' dir='ltr'>collatum</span> <span class='ocrx_word' id='word_1_224' title='bbox 1792 3124 1890 3190; x_wconf 91' lang='lat' dir='ltr'>fuerit</span> <span class='ocrx_word' id='word_1_225' title='bbox 1921 3132 1959 3190; x_wconf 95' lang='lat' dir='ltr'>ut</span> <span class='ocrx_word' id='word_1_226' title='bbox 1990 3124 2157 3207; x_wconf 83' lang='lat' dir='ltr'>prefertur,</span> 
     </span>
     <span class='ocr_line' id='line_1_23' title="bbox 651 3225 2160 3311; baseline 0.002 -22"><span class='ocrx_word' id='word_1_227' title='bbox 651 3232 683 3289; x_wconf 92' lang='lat' dir='ltr'>te</span> <span class='ocrx_word' id='word_1_228' title='bbox 707 3226 747 3290; x_wconf 90' lang='lat' dir='ltr'>ad</span> <span class='ocrx_word' id='word_1_229' title='bbox 770 3226 875 3308; x_wconf 86' lang='lat' dir='ltr'>ipsum</span> <span class='ocrx_word' id='word_1_230' title='bbox 905 3226 955 3290; x_wconf 90' lang='lat' dir='ltr'>ius</span> <span class='ocrx_word' id='word_1_231' title='bbox 986 3232 1018 3290; x_wconf 93' lang='lat' dir='ltr'>et</span> <span class='ocrx_word' id='word_1_232' title='bbox 1049 3225 1080 3289; x_wconf 94' lang='lat' dir='ltr'>in</span> <span class='ocrx_word' id='word_1_233' title='bbox 1111 3226 1181 3306; x_wconf 88' lang='lat' dir='ltr'>ipso</span> <span class='ocrx_word' id='word_1_234' title='bbox 1212 3227 1280 3290; x_wconf 92' lang='lat' dir='ltr'>iure</span> <span class='ocrx_word' id='word_1_235' title='bbox 1314 3245 1435 3291; x_wconf 89' lang='lat' dir='ltr'>necnon</span> <span class='ocrx_word' id='word_1_236' title='bbox 1469 3228 1501 3291; x_wconf 94' lang='lat' dir='ltr'>iu</span> <span class='ocrx_word' id='word_1_237' title='bbox 1534 3228 1714 3294; x_wconf 90' lang='lat' dir='ltr'>huiusmodi</span> <span class='ocrx_word' id='word_1_238' title='bbox 1748 3230 1805 3294; x_wconf 87' lang='lat' dir='ltr'>lite</span> <span class='ocrx_word' id='word_1_239' title='bbox 1839 3229 1879 3293; x_wconf 91' lang='lat' dir='ltr'>ad</span> <span class='ocrx_word' id='word_1_240' title='bbox 1914 3230 2063 3311; x_wconf 90' lang='lat' dir='ltr'>ipsorum</span> <span class='ocrx_word' id='word_1_241' title='bbox 2096 3246 2160 3310; x_wconf 78' lang='lat' dir='ltr'>pro</span> 
     </span>
     <span class='ocr_line' id='line_1_24' title="bbox 650 3329 2157 3415; baseline 0 -20"><span class='ocrx_word' id='word_1_242' title='bbox 650 3330 849 3395; x_wconf 81' lang='lat' dir='ltr'>secutionem</span> <span class='ocrx_word' id='word_1_243' title='bbox 883 3335 916 3394; x_wconf 93' lang='lat' dir='ltr'>et</span> <span class='ocrx_word' id='word_1_244' title='bbox 950 3329 1165 3394; x_wconf 89' lang='lat' dir='ltr'>defensionem</span> <span class='ocrx_word' id='word_1_245' title='bbox 1199 3330 1230 3393; x_wconf 92' lang='lat' dir='ltr'>in</span> <span class='ocrx_word' id='word_1_246' title='bbox 1266 3349 1304 3395; x_wconf 91' lang='lat' dir='ltr'>eo</span> <span class='ocrx_word' id='word_1_247' title='bbox 1339 3335 1436 3410; x_wconf 89' lang='lat' dir='ltr'>statu,</span> <span class='ocrx_word' id='word_1_248' title='bbox 1471 3333 1503 3396; x_wconf 93' lang='lat' dir='ltr'>iu</span> <span class='ocrx_word' id='word_1_249' title='bbox 1534 3351 1596 3415; x_wconf 91' lang='lat' dir='ltr'>quo</span> <span class='ocrx_word' id='word_1_250' title='bbox 1627 3334 1731 3398; x_wconf 90' lang='lat' dir='ltr'>dictus</span> <span class='ocrx_word' id='word_1_251' title='bbox 1761 3333 1884 3399; x_wconf 89' lang='lat' dir='ltr'>electus</span> <span class='ocrx_word' id='word_1_252' title='bbox 1906 3339 2057 3415; x_wconf 88' lang='lat' dir='ltr'>tempore</span> <span class='ocrx_word' id='word_1_253' title='bbox 2080 3334 2157 3398; x_wconf 90' lang='lat' dir='ltr'>dicte</span> 
     </span>
     <span class='ocr_line' id='line_1_25' title="bbox 651 3434 2159 3518; baseline 0 -19"><span class='ocrx_word' id='word_1_254' title='bbox 651 3436 831 3500; x_wconf 89' lang='lat' dir='ltr'>vacationis</span> <span class='ocrx_word' id='word_1_255' title='bbox 865 3435 981 3512; x_wconf 82' lang='lat' dir='ltr'>extitit,</span> <span class='ocrx_word' id='word_1_256' title='bbox 1016 3434 1207 3499; x_wconf 86' lang='lat' dir='ltr'>auctoritate</span> <span class='ocrx_word' id='word_1_257' title='bbox 1240 3438 1349 3499; x_wconf 88' lang='lat' dir='ltr'>nostra</span> <span class='ocrx_word' id='word_1_258' title='bbox 1383 3437 1613 3518; x_wconf 75' lang='lat' dir='ltr'>surrogandum</span> <span class='ocrx_word' id='word_1_259' title='bbox 1648 3444 1680 3502; x_wconf 92' lang='lat' dir='ltr'>et</span> <span class='ocrx_word' id='word_1_260' title='bbox 1714 3438 1946 3502; x_wconf 82' lang='lat' dir='ltr'>admittendum</span> <span class='ocrx_word' id='word_1_261' title='bbox 1961 3444 1985 3517; x_wconf 66' lang='grc' dir='ltr'>ε)</span> <span class='ocrx_word' id='word_1_262' title='bbox 2019 3436 2100 3513; x_wconf 86' lang='lat' dir='ltr'>fore,</span> <span class='ocrx_word' id='word_1_263' title='bbox 2127 3456 2159 3499; x_wconf 87' lang='lat' dir='ltr'>ac</span> 
     </span>
     <span class='ocr_line' id='line_1_26' title="bbox 650 3539 2160 3623; baseline -0.001 -18"><span class='ocrx_word' id='word_1_264' title='bbox 650 3540 773 3605; x_wconf 88' lang='lat' dir='ltr'>irritum</span> <span class='ocrx_word' id='word_1_265' title='bbox 797 3545 830 3605; x_wconf 89' lang='lat' dir='ltr'>et</span> <span class='ocrx_word' id='word_1_266' title='bbox 852 3539 955 3616; x_wconf 86' lang='lat' dir='ltr'>inane,</span> <span class='ocrx_word' id='word_1_267' title='bbox 979 3540 1006 3603; x_wconf 91' lang='lat' dir='ltr'>si</span> <span class='ocrx_word' id='word_1_268' title='bbox 1029 3556 1122 3603; x_wconf 88' lang='lat' dir='ltr'>secus</span> <span class='ocrx_word' id='word_1_269' title='bbox 1145 3540 1327 3621; x_wconf 86' lang='lat' dir='ltr'>superbiis</span> <span class='ocrx_word' id='word_1_270' title='bbox 1350 3560 1369 3605; x_wconf 88' lang='lat' dir='ltr'>a</span> <span class='ocrx_word' id='word_1_271' title='bbox 1392 3560 1550 3623; x_wconf 90' lang='lat' dir='ltr'>quoquam</span> <span class='ocrx_word' id='word_1_272' title='bbox 1579 3545 1690 3623; x_wconf 88' lang='lat' dir='ltr'>quavis</span> <span class='ocrx_word' id='word_1_273' title='bbox 1721 3546 1911 3609; x_wconf 89' lang='lat' dir='ltr'>auctoritate</span> <span class='ocrx_word' id='word_1_274' title='bbox 1944 3544 2089 3607; x_wconf 86' lang='lat' dir='ltr'>scienter</span> <span class='ocrx_word' id='word_1_275' title='bbox 2116 3539 2160 3604; x_wconf 86' lang='lat' dir='ltr'>rel</span> 
     </span>
     <span class='ocr_line' id='line_1_27' title="bbox 650 3644 2159 3730; baseline 0 -20"><span class='ocrx_word' id='word_1_276' title='bbox 650 3645 832 3729; x_wconf 83' lang='lat' dir='ltr'>ignoranter</span> <span class='ocrx_word' id='word_1_277' title='bbox 869 3644 1039 3726; x_wconf 81' lang='lat' dir='ltr'>contigerit</span> <span class='ocrx_word' id='word_1_278' title='bbox 1077 3645 1271 3725; x_wconf 88' lang='lat' dir='ltr'>attemptari,</span> <span class='ocrx_word' id='word_1_279' title='bbox 1310 3662 1372 3708; x_wconf 93' lang='lat' dir='ltr'>uon</span> <span class='ocrx_word' id='word_1_280' title='bbox 1410 3646 1609 3712; x_wconf 88' lang='lat' dir='ltr'>obstantibus</span> <span class='ocrx_word' id='word_1_281' title='bbox 1647 3648 1668 3713; x_wconf 95' lang='lat' dir='ltr'>f.</span> <span class='ocrx_word' id='word_1_282' title='bbox 1702 3667 1727 3711; x_wconf 91' lang='lat' dir='ltr'>r.</span> <span class='ocrx_word' id='word_1_283' title='bbox 1762 3648 1918 3712; x_wconf 89' lang='lat' dir='ltr'>Bonifatii</span> <span class='ocrx_word' id='word_1_284' title='bbox 1958 3666 2045 3730; x_wconf 88' lang='lat' dir='ltr'>pape</span> <span class='ocrx_word' id='word_1_285' title='bbox 2077 3646 2159 3720; x_wconf 77' lang='lat' dir='ltr'>vid,</span> 
     </span>
     <span class='ocr_line' id='line_1_28' title="bbox 650 3747 2159 3833; baseline 0.003 -20"><span class='ocrx_word' id='word_1_286' title='bbox 650 3749 887 3833; x_wconf 88' lang='lat' dir='ltr'>predecessoris</span> <span class='ocrx_word' id='word_1_287' title='bbox 910 3749 1021 3827; x_wconf 85' lang='lat' dir='ltr'>nostri,</span> <span class='ocrx_word' id='word_1_288' title='bbox 1045 3752 1078 3812; x_wconf 90' lang='lat' dir='ltr'>et</span> <span class='ocrx_word' id='word_1_289' title='bbox 1101 3747 1172 3813; x_wconf 89' lang='lat' dir='ltr'>aliis</span> <span class='ocrx_word' id='word_1_290' title='bbox 1197 3749 1479 3814; x_wconf 84' lang='lat' dir='ltr'>constitutionibus</span> <span class='ocrx_word' id='word_1_291' title='bbox 1503 3752 1688 3832; x_wconf 87' lang='lat' dir='ltr'>apostolicis</span> <span class='ocrx_word' id='word_1_292' title='bbox 1711 3752 1878 3816; x_wconf 88' lang='lat' dir='ltr'>contrariis</span> <span class='ocrx_word' id='word_1_293' title='bbox 1909 3752 2159 3833; x_wconf 80' lang='lat' dir='ltr'>quibuscunque,</span> 
     </span>
     <span class='ocr_line' id='line_1_29' title="bbox 650 3853 2158 3939; baseline -0.001 -20"><span class='ocrx_word' id='word_1_294' title='bbox 650 3871 707 3919; x_wconf 91' lang='lat' dir='ltr'>seu</span> <span class='ocrx_word' id='word_1_295' title='bbox 730 3853 814 3936; x_wconf 93' lang='lat' dir='ltr'>quod</span> <span class='ocrx_word' id='word_1_296' title='bbox 838 3854 1070 3935; x_wconf 86' lang='lat' dir='ltr'>preposituram</span> <span class='ocrx_word' id='word_1_297' title='bbox 1094 3853 1229 3918; x_wconf 88' lang='lat' dir='ltr'>ecclesie</span> <span class='ocrx_word' id='word_1_298' title='bbox 1252 3854 1354 3919; x_wconf 87' lang='lat' dir='ltr'>sancti</span> <span class='ocrx_word' id='word_1_299' title='bbox 1379 3855 1484 3937; x_wconf 78' lang='lat' dir='ltr'>Egidii</span> <span class='ocrx_word' id='word_1_300' title='bbox 1503 3856 1786 3932; x_wconf 82' lang='lat' dir='ltr'>Wratislauiensis,</span> <span class='ocrx_word' id='word_1_301' title='bbox 1811 3858 1901 3922; x_wconf 89' lang='lat' dir='ltr'>cuius</span> <span class='ocrx_word' id='word_1_302' title='bbox 1925 3859 2158 3939; x_wconf 88' lang='lat' dir='ltr'>possessionen</span> 
     </span>
     <span class='ocr_line' id='line_1_30' title="bbox 649 3957 2158 4040; baseline 0 -18"><span class='ocrx_word' id='word_1_303' title='bbox 649 3957 787 4024; x_wconf 89' lang='lat' dir='ltr'>noudum</span> <span class='ocrx_word' id='word_1_304' title='bbox 811 3976 845 4022; x_wconf 89' lang='lat' dir='ltr'>es</span> <span class='ocrx_word' id='word_1_305' title='bbox 867 3962 1044 4036; x_wconf 89' lang='lat' dir='ltr'>assecutus,</span> <span class='ocrx_word' id='word_1_306' title='bbox 1069 3977 1106 4023; x_wconf 91' lang='lat' dir='ltr'>ac</span> <span class='ocrx_word' id='word_1_307' title='bbox 1129 3958 1521 4040; x_wconf 89' lang='lat' dir='ltr'>auctoritatelitterarum</span> <span class='ocrx_word' id='word_1_308' title='bbox 1544 3966 1722 4026; x_wconf 88' lang='lat' dir='ltr'>nostrarum</span> <span class='ocrx_word' id='word_1_309' title='bbox 1745 3963 1777 4026; x_wconf 93' lang='lat' dir='ltr'>in</span> <span class='ocrx_word' id='word_1_310' title='bbox 1801 3962 1887 4025; x_wconf 91' lang='lat' dir='ltr'>dicta</span> <span class='ocrx_word' id='word_1_311' title='bbox 1903 3960 2158 4026; x_wconf 87' lang='lat' dir='ltr'>Wratislauieuai</span> 
     </span>
     <span class='ocr_line' id='line_1_31' title="bbox 650 4061 2159 4148; baseline 0.001 -22"><span class='ocrx_word' id='word_1_312' title='bbox 650 4067 684 4128; x_wconf 90' lang='lat' dir='ltr'>et</span> <span class='ocrx_word' id='word_1_313' title='bbox 717 4061 921 4128; x_wconf 88' lang='lat' dir='ltr'>Olourucensi</span> <span class='ocrx_word' id='word_1_314' title='bbox 954 4063 1098 4127; x_wconf 89' lang='lat' dir='ltr'>ecclesiis</span> <span class='ocrx_word' id='word_1_315' title='bbox 1133 4064 1338 4127; x_wconf 89' lang='lat' dir='ltr'>canonicatus</span> <span class='ocrx_word' id='word_1_316' title='bbox 1373 4065 1431 4129; x_wconf 92' lang='lat' dir='ltr'>sub</span> <span class='ocrx_word' id='word_1_317' title='bbox 1466 4067 1691 4146; x_wconf 74' lang='lat' dir='ltr'>expectatione</span> <span class='ocrx_word' id='word_1_318' title='bbox 1722 4065 1958 4148; x_wconf 89' lang='lat' dir='ltr'>prebendarum</span> <span class='ocrx_word' id='word_1_319' title='bbox 1989 4075 2025 4130; x_wconf 89' lang='lat' dir='ltr'>te</span> <span class='ocrx_word' id='word_1_320' title='bbox 2048 4067 2159 4132; x_wconf 83' lang='lat' dir='ltr'>asseris</span> 
     </span>
     <span class='ocr_line' id='line_1_32' title="bbox 650 4166 2157 4255; baseline 0.001 -23"><span class='ocrx_word' id='word_1_321' title='bbox 650 4167 803 4232; x_wconf 87' lang='lat' dir='ltr'>obtinere.</span> <span class='ocrx_word' id='word_1_322' title='bbox 834 4166 988 4232; x_wconf 88' lang='lat' dir='ltr'>Volumus</span> <span class='ocrx_word' id='word_1_323' title='bbox 1012 4171 1129 4244; x_wconf 89' lang='lat' dir='ltr'>auteur,</span> <span class='ocrx_word' id='word_1_324' title='bbox 1153 4166 1247 4247; x_wconf 89' lang='lat' dir='ltr'>quod,</span> <span class='ocrx_word' id='word_1_325' title='bbox 1271 4170 1502 4249; x_wconf 88' lang='lat' dir='ltr'>quamprimum</span> <span class='ocrx_word' id='word_1_326' title='bbox 1525 4170 1681 4235; x_wconf 87' lang='lat' dir='ltr'>dictorum</span> <span class='ocrx_word' id='word_1_327' title='bbox 1704 4172 1909 4236; x_wconf 86' lang='lat' dir='ltr'>canonicatus</span> <span class='ocrx_word' id='word_1_328' title='bbox 1933 4179 1968 4237; x_wconf 88' lang='lat' dir='ltr'>et</span> <span class='ocrx_word' id='word_1_329' title='bbox 1989 4172 2157 4255; x_wconf 83' lang='lat' dir='ltr'>prebende.</span> 
     </span>
     <span class='ocr_line' id='line_1_33' title="bbox 650 4270 2157 4358; baseline 0.002 -23"><span class='ocrx_word' id='word_1_330' title='bbox 650 4270 678 4335; x_wconf 88' lang='lat' dir='ltr'>si</span> <span class='ocrx_word' id='word_1_331' title='bbox 701 4271 842 4352; x_wconf 90' lang='lat' dir='ltr'>ipsorum</span> <span class='ocrx_word' id='word_1_332' title='bbox 874 4271 923 4334; x_wconf 92' lang='lat' dir='ltr'>ius</span> <span class='ocrx_word' id='word_1_333' title='bbox 954 4270 1012 4334; x_wconf 92' lang='lat' dir='ltr'>tibi</span> <span class='ocrx_word' id='word_1_334' title='bbox 1044 4276 1079 4336; x_wconf 93' lang='lat' dir='ltr'>ut</span> <span class='ocrx_word' id='word_1_335' title='bbox 1109 4270 1269 4351; x_wconf 89' lang='lat' dir='ltr'>prefertur</span> <span class='ocrx_word' id='word_1_336' title='bbox 1295 4272 1477 4338; x_wconf 87' lang='lat' dir='ltr'>conferatur</span> <span class='ocrx_word' id='word_1_337' title='bbox 1499 4280 1533 4338; x_wconf 93' lang='lat' dir='ltr'>et</span> <span class='ocrx_word' id='word_1_338' title='bbox 1555 4275 1641 4356; x_wconf 90' lang='lat' dir='ltr'>ipsos</span> <span class='ocrx_word' id='word_1_339' title='bbox 1664 4276 1812 4339; x_wconf 80' lang='lat' dir='ltr'>evincere</span> <span class='ocrx_word' id='word_1_340' title='bbox 1834 4280 1867 4338; x_wconf 88' lang='lat' dir='ltr'>te</span> <span class='ocrx_word' id='word_1_341' title='bbox 1891 4276 2071 4358; x_wconf 85' lang='lat' dir='ltr'>contingat,</span> <span class='ocrx_word' id='word_1_342' title='bbox 2094 4293 2157 4358; x_wconf 88' lang='lat' dir='ltr'>pos·</span> 
     </span>
     <span class='ocr_line' id='line_1_34' title="bbox 652 4373 2158 4459; baseline 0.001 -20"><span class='ocrx_word' id='word_1_343' title='bbox 652 4376 825 4440; x_wconf 88' lang='lat' dir='ltr'>sessionem</span> <span class='ocrx_word' id='word_1_344' title='bbox 849 4373 1014 4456; x_wconf 86' lang='lat' dir='ltr'>pacificam</span> <span class='ocrx_word' id='word_1_345' title='bbox 1038 4374 1137 4438; x_wconf 89' lang='lat' dir='ltr'>fueris</span> <span class='ocrx_word' id='word_1_346' title='bbox 1160 4380 1337 4453; x_wconf 86' lang='lat' dir='ltr'>assecutus,</span> <span class='ocrx_word' id='word_1_347' title='bbox 1362 4379 1592 4456; x_wconf 86' lang='lat' dir='ltr'>canonicatum,</span> <span class='ocrx_word' id='word_1_348' title='bbox 1617 4398 1709 4459; x_wconf 87' lang='lat' dir='ltr'>quem</span> <span class='ocrx_word' id='word_1_349' title='bbox 1732 4380 1764 4442; x_wconf 92' lang='lat' dir='ltr'>in</span> <span class='ocrx_word' id='word_1_350' title='bbox 1795 4379 1880 4443; x_wconf 87' lang='lat' dir='ltr'>dicta</span> <span class='ocrx_word' id='word_1_351' title='bbox 1905 4379 2158 4445; x_wconf 83' lang='lat' dir='ltr'>Wratislauiensi</span> 
     </span>
     <span class='ocr_line' id='line_1_35' title="bbox 650 4478 2158 4567; baseline 0.003 -24"><span class='ocrx_word' id='word_1_352' title='bbox 650 4479 788 4545; x_wconf 87' lang='lat' dir='ltr'>ecclesia</span> <span class='ocrx_word' id='word_1_353' title='bbox 812 4479 946 4556; x_wconf 75' lang='lat' dir='ltr'>obtines</span> <span class='ocrx_word' id='word_1_354' title='bbox 971 4478 1122 4556; x_wconf 89' lang='lat' dir='ltr'>dimittas,</span> <span class='ocrx_word' id='word_1_355' title='bbox 1147 4485 1179 4542; x_wconf 93' lang='lat' dir='ltr'>et</span> <span class='ocrx_word' id='word_1_356' title='bbox 1202 4480 1319 4552; x_wconf 85' lang='lat' dir='ltr'>littere,</span> <span class='ocrx_word' id='word_1_357' title='bbox 1344 4500 1400 4561; x_wconf 83' lang='lat' dir='ltr'>per</span> <span class='ocrx_word' id='word_1_358' title='bbox 1423 4500 1504 4563; x_wconf 92' lang='lat' dir='ltr'>quas</span> <span class='ocrx_word' id='word_1_359' title='bbox 1527 4483 1558 4546; x_wconf 96' lang='lat' dir='ltr'>in</span> <span class='ocrx_word' id='word_1_360' title='bbox 1582 4483 1693 4546; x_wconf 87' lang='lat' dir='ltr'>eadem</span> <span class='ocrx_word' id='word_1_361' title='bbox 1716 4483 1909 4565; x_wconf 85' lang='lat' dir='ltr'>prebendam</span> <span class='ocrx_word' id='word_1_362' title='bbox 1943 4492 2108 4567; x_wconf 77' lang='lat' dir='ltr'>expertae,</span> <span class='ocrx_word' id='word_1_363' title='bbox 2129 4489 2158 4548; x_wconf 90' lang='lat' dir='ltr'>et</span> 
     </span>
     <span class='ocr_line' id='line_1_36' title="bbox 649 4580 2155 4670; baseline 0.003 -22"><span class='ocrx_word' id='word_1_364' title='bbox 649 4601 818 4665; x_wconf 89' lang='lat' dir='ltr'>processus</span> <span class='ocrx_word' id='word_1_365' title='bbox 839 4602 898 4665; x_wconf 90' lang='lat' dir='ltr'>per</span> <span class='ocrx_word' id='word_1_366' title='bbox 920 4600 976 4645; x_wconf 86' lang='lat' dir='ltr'>aas</span> <span class='ocrx_word' id='word_1_367' title='bbox 998 4580 1097 4646; x_wconf 91' lang='lat' dir='ltr'>babiti</span> <span class='ocrx_word' id='word_1_368' title='bbox 1122 4587 1154 4647; x_wconf 88' lang='lat' dir='ltr'>ct</span> <span class='ocrx_word' id='word_1_369' title='bbox 1176 4583 1239 4646; x_wconf 88' lang='lat' dir='ltr'>alia</span> <span class='ocrx_word' id='word_1_370' title='bbox 1264 4585 1336 4649; x_wconf 92' lang='lat' dir='ltr'>inde</span> <span class='ocrx_word' id='word_1_371' title='bbox 1359 4591 1469 4649; x_wconf 87' lang='lat' dir='ltr'>secuta</span> <span class='ocrx_word' id='word_1_372' title='bbox 1492 4593 1609 4650; x_wconf 78' lang='lat' dir='ltr'>extunc</span> <span class='ocrx_word' id='word_1_373' title='bbox 1632 4588 1696 4651; x_wconf 92' lang='lat' dir='ltr'>sint</span> <span class='ocrx_word' id='word_1_374' title='bbox 1712 4606 1803 4651; x_wconf 84' lang='lat' dir='ltr'>cassa</span> <span class='ocrx_word' id='word_1_375' title='bbox 1818 4593 1850 4652; x_wconf 88' lang='lat' dir='ltr'>et</span> <span class='ocrx_word' id='word_1_376' title='bbox 1867 4589 1958 4653; x_wconf 90' lang='lat' dir='ltr'>irrita</span> <span class='ocrx_word' id='word_1_377' title='bbox 1976 4590 2155 4670; x_wconf 74' lang='lat' dir='ltr'>nulliusque</span> 
     </span>
     <span class='ocr_line' id='line_1_37' title="bbox 648 4685 2157 4771; baseline 0.001 -19"><span class='ocrx_word' id='word_1_378' title='bbox 648 4687 789 4752; x_wconf 79' lang='lat' dir='ltr'>existant</span> <span class='ocrx_word' id='word_1_379' title='bbox 818 4687 941 4751; x_wconf 89' lang='lat' dir='ltr'>roboris</span> <span class='ocrx_word' id='word_1_380' title='bbox 973 4685 1022 4750; x_wconf 87' lang='lat' dir='ltr'>rel</span> <span class='ocrx_word' id='word_1_381' title='bbox 1045 4687 1204 4750; x_wconf 84' lang='lat' dir='ltr'>momenti.</span> <span class='ocrx_word' id='word_1_382' title='bbox 1252 4687 1335 4752; x_wconf 86' lang='lat' dir='ltr'>Nulli</span> <span class='ocrx_word' id='word_1_383' title='bbox 1369 4708 1443 4771; x_wconf 84' lang='lat' dir='ltr'>ergo</span> <span class='ocrx_word' id='word_1_384' title='bbox 1468 4697 1528 4754; x_wconf 89' lang='lat' dir='ltr'>etc.</span> <span class='ocrx_word' id='word_1_385' title='bbox 1553 4698 1661 4755; x_wconf 83' lang='lat' dir='ltr'>nostre</span> <span class='ocrx_word' id='word_1_386' title='bbox 1684 4692 1924 4769; x_wconf 69' lang='lat' dir='ltr'>reservationis</span> <span class='ocrx_word' id='word_1_387' title='bbox 1949 4693 2157 4758; x_wconf 71' lang='lat' dir='ltr'>inbibit-ionis.</span> 
     </span>
     <span class='ocr_line' id='line_1_38' title="bbox 650 4790 2155 4874; baseline 0.001 -18"><span class='ocrx_word' id='word_1_388' title='bbox 650 4791 891 4856; x_wconf 89' lang='lat' dir='ltr'>constitutionis</span> <span class='ocrx_word' id='word_1_389' title='bbox 926 4794 959 4854; x_wconf 88' lang='lat' dir='ltr'>et</span> <span class='ocrx_word' id='word_1_390' title='bbox 988 4790 1162 4856; x_wconf 83' lang='lat' dir='ltr'>voluntatis</span> <span class='ocrx_word' id='word_1_391' title='bbox 1194 4791 1364 4874; x_wconf 82' lang='lat' dir='ltr'>infringere</span> <span class='ocrx_word' id='word_1_392' title='bbox 1387 4799 1448 4858; x_wconf 92' lang='lat' dir='ltr'>etc.</span> <span class='ocrx_word' id='word_1_393' title='bbox 1495 4795 1533 4858; x_wconf 89' lang='lat' dir='ltr'>D.</span> <span class='ocrx_word' id='word_1_394' title='bbox 1558 4795 1715 4860; x_wconf 84' lang='lat' dir='ltr'>Auinione</span> <span class='ocrx_word' id='word_1_395' title='bbox 1738 4796 1779 4859; x_wconf 94' lang='lat' dir='ltr'>id.</span> <span class='ocrx_word' id='word_1_396' title='bbox 1804 4796 1950 4860; x_wconf 86' lang='lat' dir='ltr'>Januarii</span> <span class='ocrx_word' id='word_1_397' title='bbox 1974 4816 2003 4860; x_wconf 90' lang='lat' dir='ltr'>a.</span> <span class='ocrx_word' id='word_1_398' title='bbox 2030 4797 2155 4862; x_wconf 88' lang='lat' dir='ltr'>decium.</span> 
     </span>
     <span class='ocr_line' id='line_1_39' title="bbox 752 4893 2156 4965; baseline 0 -5"><span class='ocrx_word' id='word_1_399' title='bbox 752 4896 790 4960; x_wconf 94' lang='lat' dir='ltr'>In</span> <span class='ocrx_word' id='word_1_400' title='bbox 820 4914 848 4959; x_wconf 89' lang='lat' dir='ltr'>e.</span> <span class='ocrx_word' id='word_1_401' title='bbox 878 4914 920 4959; x_wconf 91' lang='lat' dir='ltr'>m.</span> <span class='ocrx_word' id='word_1_402' title='bbox 951 4893 1002 4957; x_wconf 92' lang='lat' dir='ltr'>dd.</span> <span class='ocrx_word' id='word_1_403' title='bbox 1035 4894 1066 4959; x_wconf 84' lang='lat' dir='ltr'>ff.</span> <span class='ocrx_word' id='word_1_404' title='bbox 1085 4945 1116 4958; x_wconf 92' lang='lat'>..</span> <span class='ocrx_word' id='word_1_405' title='bbox 1141 4895 1251 4959; x_wconf 87' lang='lat' dir='ltr'>abbati</span> <span class='ocrx_word' id='word_1_406' title='bbox 1281 4898 1465 4961; x_wconf 78' lang='lat' dir='ltr'>intonasterii</span> <span class='ocrx_word' id='word_1_407' title='bbox 1497 4899 1589 4961; x_wconf 86' lang='lat' dir='ltr'>beate</span> <span class='ocrx_word' id='word_1_408' title='bbox 1614 4899 1717 4963; x_wconf 82' lang='lat' dir='ltr'>illaria</span> <span class='ocrx_word' id='word_1_409' title='bbox 1740 4902 1771 4964; x_wconf 92' lang='lat' dir='ltr'>in</span> <span class='ocrx_word' id='word_1_410' title='bbox 1796 4902 1901 4965; x_wconf 82' lang='lat' dir='ltr'>Arena</span> <span class='ocrx_word' id='word_1_411' title='bbox 1925 4906 2017 4965; x_wconf 91' lang='lat' dir='ltr'>et..</span> <span class='ocrx_word' id='word_1_412' title='bbox 2043 4903 2156 4965; x_wconf 87' lang='lat' dir='ltr'>derarm</span> 
     </span>
     <span class='ocr_line' id='line_1_40' title="bbox 649 4998 2155 5070; baseline 0.001 -6"><span class='ocrx_word' id='word_1_413' title='bbox 649 5004 758 5065; x_wconf 89' lang='lat' dir='ltr'>sancte</span> <span class='ocrx_word' id='word_1_414' title='bbox 794 4998 905 5064; x_wconf 88' lang='lat' dir='ltr'>Crucis</span> <span class='ocrx_word' id='word_1_415' title='bbox 940 4998 1214 5065; x_wconf 67' lang='lat' dir='ltr'>ll&#39;ratislauiensis</span> <span class='ocrx_word' id='word_1_416' title='bbox 1245 5020 1281 5063; x_wconf 88' lang='lat' dir='ltr'>ac</span> <span class='ocrx_word' id='word_1_417' title='bbox 1305 5050 1312 5064; x_wconf 86' lang='lat'><strong>.</strong></span> <span class='ocrx_word' id='word_1_418' title='bbox 1339 5051 1345 5063; x_wconf 93' lang='lat'><em>.</em></span> <span class='ocrx_word' id='word_1_419' title='bbox 1369 5003 1502 5066; x_wconf 83' lang='lat' dir='ltr'>sacriste</span> <span class='ocrx_word' id='word_1_420' title='bbox 1535 5004 1761 5067; x_wconf 80' lang='lat' dir='ltr'>Aninionensis</span> <span class='ocrx_word' id='word_1_421' title='bbox 1791 5005 2000 5070; x_wconf 88' lang='lat' dir='ltr'>ecclesiarum</span> <span class='ocrx_word' id='word_1_422' title='bbox 2039 5027 2064 5069; x_wconf 81' lang='lat' dir='ltr'>a.</span> <span class='ocrx_word' id='word_1_423' title='bbox 2102 5017 2155 5068; x_wconf 80' lang='lat' dir='ltr'>ete.</span> 
     </span>
     <span class='ocr_line' id='line_1_41' title="bbox 649 5103 2156 5190; baseline 0.001 -22"><span class='ocrx_word' id='word_1_424' title='bbox 649 5105 723 5169; x_wconf 90' lang='lat' dir='ltr'>Vite</span> <span class='ocrx_word' id='word_1_425' title='bbox 755 5123 790 5168; x_wconf 88' lang='lat' dir='ltr'>at</span> <span class='ocrx_word' id='word_1_426' title='bbox 821 5122 942 5168; x_wconf 88' lang='lat' dir='ltr'>morum</span> <span class='ocrx_word' id='word_1_427' title='bbox 965 5103 1117 5168; x_wconf 86' lang='lat' dir='ltr'>honestas</span> <span class='ocrx_word' id='word_1_428' title='bbox 1141 5110 1201 5168; x_wconf 85' lang='lat' dir='ltr'>etc.</span> <span class='ocrx_word' id='word_1_429' title='bbox 1234 5122 1335 5186; x_wconf 88' lang='lat' dir='ltr'>usque</span> <span class='ocrx_word' id='word_1_430' title='bbox 1368 5105 1418 5169; x_wconf 86' lang='lat' dir='ltr'>vel</span> <span class='ocrx_word' id='word_1_431' title='bbox 1453 5108 1612 5171; x_wconf 86' lang='lat' dir='ltr'>momenti.</span> <span class='ocrx_word' id='word_1_432' title='bbox 1660 5109 1814 5186; x_wconf 77' lang='lat' dir='ltr'>Quodrta</span> <span class='ocrx_word' id='word_1_433' title='bbox 1847 5108 2049 5184; x_wconf 73' lang='lat' dir='ltr'>mandamus</span> <span class='ocrx_word' id='word_1_434' title='bbox 2085 5128 2156 5190; x_wconf 88' lang='lat' dir='ltr'>qua·</span> 
     </span>
     <span class='ocr_line' id='line_1_42' title="bbox 647 5206 2155 5295; baseline 0 -22"><span class='ocrx_word' id='word_1_435' title='bbox 647 5214 741 5273; x_wconf 86' lang='lat' dir='ltr'>tenus</span> <span class='ocrx_word' id='word_1_436' title='bbox 772 5226 829 5272; x_wconf 86' lang='lat' dir='ltr'>vos</span> <span class='ocrx_word' id='word_1_437' title='bbox 859 5206 909 5272; x_wconf 88' lang='lat' dir='ltr'>vel</span> <span class='ocrx_word' id='word_1_438' title='bbox 941 5207 1002 5272; x_wconf 90' lang='lat' dir='ltr'>duo</span> <span class='ocrx_word' id='word_1_439' title='bbox 1034 5212 1090 5271; x_wconf 91' lang='lat' dir='ltr'>aut</span> <span class='ocrx_word' id='word_1_440' title='bbox 1122 5227 1202 5272; x_wconf 85' lang='lat' dir='ltr'>unus</span> <span class='ocrx_word' id='word_1_441' title='bbox 1233 5215 1375 5274; x_wconf 82' lang='lat' dir='ltr'>vestrum</span> <span class='ocrx_word' id='word_1_442' title='bbox 1405 5230 1463 5291; x_wconf 89' lang='lat' dir='ltr'>por</span> <span class='ocrx_word' id='word_1_443' title='bbox 1493 5231 1548 5274; x_wconf 86' lang='lat' dir='ltr'>ros</span> <span class='ocrx_word' id='word_1_444' title='bbox 1579 5211 1629 5275; x_wconf 86' lang='lat' dir='ltr'>rel</span> <span class='ocrx_word' id='word_1_445' title='bbox 1664 5212 1760 5278; x_wconf 89' lang='lat' dir='ltr'>alium</span> <span class='ocrx_word' id='word_1_446' title='bbox 1794 5231 1852 5277; x_wconf 87' lang='lat' dir='ltr'>seu</span> <span class='ocrx_word' id='word_1_447' title='bbox 1886 5212 1966 5277; x_wconf 85' lang='lat' dir='ltr'>alios</span> <span class='ocrx_word' id='word_1_448' title='bbox 2001 5215 2155 5295; x_wconf 88' lang='lat' dir='ltr'>prefatum</span> 
     </span>
     <span class='ocr_line' id='line_1_43' title="bbox 651 5312 2155 5396; baseline 0 -18"><span class='ocrx_word' id='word_1_449' title='bbox 651 5313 710 5390; x_wconf 89' lang='lat' dir='ltr'>ius,</span> <span class='ocrx_word' id='word_1_450' title='bbox 735 5331 805 5376; x_wconf 88' lang='lat' dir='ltr'>eum</span> <span class='ocrx_word' id='word_1_451' title='bbox 830 5312 906 5376; x_wconf 92' lang='lat' dir='ltr'>illud</span> <span class='ocrx_word' id='word_1_452' title='bbox 932 5322 963 5376; x_wconf 90' lang='lat' dir='ltr'>ut</span> <span class='ocrx_word' id='word_1_453' title='bbox 996 5312 1156 5392; x_wconf 85' lang='lat' dir='ltr'>prefertur</span> <span class='ocrx_word' id='word_1_454' title='bbox 1188 5331 1301 5376; x_wconf 83' lang='lat' dir='ltr'>uacare</span> <span class='ocrx_word' id='word_1_455' title='bbox 1337 5315 1513 5396; x_wconf 73' lang='lat' dir='ltr'>contigerit,</span> <span class='ocrx_word' id='word_1_456' title='bbox 1549 5316 1650 5379; x_wconf 77' lang='lat' dir='ltr'>eidem</span> <span class='ocrx_word' id='word_1_457' title='bbox 1685 5316 1792 5380; x_wconf 89' lang='lat' dir='ltr'>Vlrico</span> <span class='ocrx_word' id='word_1_458' title='bbox 1826 5317 2018 5381; x_wconf 84' lang='lat' dir='ltr'>auctoritate</span> <span class='ocrx_word' id='word_1_459' title='bbox 2054 5325 2155 5381; x_wconf 80' lang='lat' dir='ltr'>nostra</span> 
     </span>
     <span class='ocr_line' id='line_1_44' title="bbox 647 5416 2153 5502; baseline 0.001 -21"><span class='ocrx_word' id='word_1_460' title='bbox 647 5417 791 5482; x_wconf 89' lang='lat' dir='ltr'>conferre</span> <span class='ocrx_word' id='word_1_461' title='bbox 814 5422 847 5480; x_wconf 93' lang='lat' dir='ltr'>et</span> <span class='ocrx_word' id='word_1_462' title='bbox 871 5417 1034 5498; x_wconf 80' lang='lat' dir='ltr'>assignare</span> <span class='ocrx_word' id='word_1_463' title='bbox 1066 5416 1184 5479; x_wconf 90' lang='lat' dir='ltr'>curetis</span> <span class='ocrx_word' id='word_1_464' title='bbox 1215 5417 1381 5498; x_wconf 89' lang='lat' dir='ltr'>ipsumque</span> <span class='ocrx_word' id='word_1_465' title='bbox 1412 5418 1452 5480; x_wconf 88' lang='lat' dir='ltr'>ad</span> <span class='ocrx_word' id='word_1_466' title='bbox 1486 5419 1588 5499; x_wconf 88' lang='lat' dir='ltr'>ipsum</span> <span class='ocrx_word' id='word_1_467' title='bbox 1615 5421 1664 5484; x_wconf 92' lang='lat' dir='ltr'>ius</span> <span class='ocrx_word' id='word_1_468' title='bbox 1687 5422 1820 5502; x_wconf 87' lang='lat' dir='ltr'>eiusque</span> <span class='ocrx_word' id='word_1_469' title='bbox 1844 5423 2104 5501; x_wconf 77' lang='lat' dir='ltr'>prosecutionem</span> <span class='ocrx_word' id='word_1_470' title='bbox 2125 5429 2153 5484; x_wconf 92' lang='lat' dir='ltr'>et</span> 
     </span>
     <span class='ocr_line' id='line_1_45' title="bbox 646 5521 2152 5606; baseline 0.001 -19"><span class='ocrx_word' id='word_1_471' title='bbox 646 5521 862 5587; x_wconf 90' lang='lat' dir='ltr'>defensionem</span> <span class='ocrx_word' id='word_1_472' title='bbox 888 5522 918 5584; x_wconf 94' lang='lat' dir='ltr'>iu</span> <span class='ocrx_word' id='word_1_473' title='bbox 942 5540 979 5584; x_wconf 90' lang='lat' dir='ltr'>eo</span> <span class='ocrx_word' id='word_1_474' title='bbox 1004 5526 1099 5597; x_wconf 85' lang='lat' dir='ltr'>statu,</span> <span class='ocrx_word' id='word_1_475' title='bbox 1124 5521 1155 5584; x_wconf 95' lang='lat' dir='ltr'>in</span> <span class='ocrx_word' id='word_1_476' title='bbox 1179 5538 1241 5602; x_wconf 92' lang='lat' dir='ltr'>quo</span> <span class='ocrx_word' id='word_1_477' title='bbox 1265 5521 1370 5586; x_wconf 90' lang='lat' dir='ltr'>dictus</span> <span class='ocrx_word' id='word_1_478' title='bbox 1394 5521 1516 5586; x_wconf 84' lang='lat' dir='ltr'>electus</span> <span class='ocrx_word' id='word_1_479' title='bbox 1539 5529 1681 5606; x_wconf 86' lang='lat' dir='ltr'>tempore</span> <span class='ocrx_word' id='word_1_480' title='bbox 1705 5525 1788 5590; x_wconf 90' lang='lat' dir='ltr'>dicte</span> <span class='ocrx_word' id='word_1_481' title='bbox 1808 5526 1989 5590; x_wconf 81' lang='lat' dir='ltr'>vacationis</span> <span class='ocrx_word' id='word_1_482' title='bbox 2006 5526 2152 5598; x_wconf 81' lang='lat' dir='ltr'>extiterit,</span> 
     </span>
     <span class='ocr_line' id='line_1_46' title="bbox 646 5626 2152 5706; baseline -0.001 -15"><span class='ocrx_word' id='word_1_483' title='bbox 646 5626 737 5691; x_wconf 82' lang='lat' dir='ltr'>iuxta</span> <span class='ocrx_word' id='word_1_484' title='bbox 771 5626 893 5689; x_wconf 90' lang='lat' dir='ltr'>decreti</span> <span class='ocrx_word' id='word_1_485' title='bbox 927 5626 1027 5691; x_wconf 88' lang='lat' dir='ltr'>uestri</span> <span class='ocrx_word' id='word_1_486' title='bbox 1061 5631 1203 5690; x_wconf 90' lang='lat' dir='ltr'>tenorem</span> <span class='ocrx_word' id='word_1_487' title='bbox 1237 5626 1414 5691; x_wconf 89' lang='lat' dir='ltr'>admittatis</span> <span class='ocrx_word' id='word_1_488' title='bbox 1451 5631 1483 5690; x_wconf 90' lang='lat' dir='ltr'>et</span> <span class='ocrx_word' id='word_1_489' title='bbox 1516 5627 1644 5692; x_wconf 88' lang='lat' dir='ltr'>faciatis</span> <span class='ocrx_word' id='word_1_490' title='bbox 1682 5629 1818 5706; x_wconf 90' lang='lat' dir='ltr'>admitti,</span> <span class='ocrx_word' id='word_1_491' title='bbox 1856 5648 1919 5693; x_wconf 91' lang='lat' dir='ltr'>non</span> <span class='ocrx_word' id='word_1_492' title='bbox 1957 5631 2152 5696; x_wconf 79' lang='lat' dir='ltr'>obstantibus</span> 
     </span>
     <span class='ocr_line' id='line_1_47' title="bbox 645 5730 2152 5814; baseline -0.003 -17"><span class='ocrx_word' id='word_1_493' title='bbox 645 5731 791 5797; x_wconf 89' lang='lat' dir='ltr'>omuibus</span> <span class='ocrx_word' id='word_1_494' title='bbox 822 5730 1023 5812; x_wconf 86' lang='lat' dir='ltr'>supradictis,</span> <span class='ocrx_word' id='word_1_495' title='bbox 1055 5748 1112 5794; x_wconf 87' lang='lat' dir='ltr'>seu</span> <span class='ocrx_word' id='word_1_496' title='bbox 1143 5731 1168 5793; x_wconf 87' lang='lat' dir='ltr'>si</span> <span class='ocrx_word' id='word_1_497' title='bbox 1194 5749 1221 5793; x_wconf 92' lang='lat' dir='ltr'>v.</span> <span class='ocrx_word' id='word_1_498' title='bbox 1246 5730 1266 5795; x_wconf 90' lang='lat' dir='ltr'>f.</span> <span class='ocrx_word' id='word_1_499' title='bbox 1291 5749 1321 5795; x_wconf 92' lang='lat' dir='ltr'>n.</span> <span class='ocrx_word' id='word_1_500' title='bbox 1336 5732 1525 5814; x_wconf 88' lang='lat' dir='ltr'>..episcopo</span> <span class='ocrx_word' id='word_1_501' title='bbox 1550 5739 1582 5795; x_wconf 90' lang='lat' dir='ltr'>et</span> <span class='ocrx_word' id='word_1_502' title='bbox 1605 5731 1655 5794; x_wconf 92' lang='lat' dir='ltr'>dd.</span> <span class='ocrx_word' id='word_1_503' title='bbox 1679 5732 1710 5797; x_wconf 88' lang='lat' dir='ltr'>fl.</span> <span class='ocrx_word' id='word_1_504' title='bbox 1736 5733 1875 5814; x_wconf 89' lang='lat' dir='ltr'>capitulo</span> <span class='ocrx_word' id='word_1_505' title='bbox 1903 5733 2152 5798; x_wconf 82' lang='lat' dir='ltr'>Wratislauieusi</span> 
     </span>
    </p>
   </div>
   <div class='ocr_carea' id='block_1_3' title="bbox 0 0 2596 7048">
    <p class='ocr_par' dir='ltr' id='par_1_3' title="bbox 0 0 2596 7048">
     <span class='ocr_line' id='line_1_48' title="bbox 0 0 2596 7048; baseline 0 0"><span class='ocrx_word' id='word_1_506' title='bbox 0 0 2596 7048; x_wconf 95' lang='lat' dir='ltr'> </span> 
     </span>
    </p>
   </div>
  </div>
 </body>
</html>
