5184 7050
1873 839 1936 910 183

419 1055 598 1114 anctoritate
632 1060 734 1113 nostra
768 1060 798 1112 et
830 1052 988 1113 defendens
1019 1053 1169 1114 inductum
1201 1071 1324 1127 eumque
1349 1053 1460 1114 iaciens
1483 1056 1521 1114 ad
1543 1054 1710 1115 huiusmodi
1732 1052 1861 1115 officium
1883 1057 1929 1116 vel

421 1167 644 1232 procuratorem
666 1177 750 1218 suurn
773 1177 827 1232 pro
850 1176 895 1232 eo,
920 1164 952 1216 nt
975 1164 1021 1217 est
1043 1160 1144 1234 moris,
1175 1159 1290 1217 admitti
1321 1159 1435 1231 sibique
1460 1160 1495 1218 de
1518 1160 1649 1234 ipsorum
1683 1161 1875 1220 canonicatus
1898 1167 1930 1220 st

419 1263 567 1335 prebende
601 1280 636 1323 ac
669 1262 761 1322 officii
795 1262 952 1337 fructibus,
987 1263 1162 1337 redditibus,
1196 1265 1398 1338 proventibus,
1421 1263 1537 1323 iuribus
1560 1269 1590 1323 st
1612 1264 1843 1351 obventionibus
1866 1266 1930 1325 nni·

419 1368 512 1426 versis
534 1368 649 1442 integre
672 1368 855 1441 responderi,
879 1368 1113 1426 contradictores
1135 1367 1314 1426 anctoritate
1333 1372 1436 1426 nostra
1451 1368 1653 1442 appellacione
1670 1369 1838 1442 postposita
1853 1387 1930 1429 com·

419 1472 583 1544 pescend03
605 1467 696 1546 [,non
719 1470 911 1526 obstantibus
934 1469 972 1524 de
995 1473 1077 1526 certo
1100 1470 1322 1526 canonicorum
1344 1486 1471 1548 nurnero
1488 1503 1530 1512 —
1551 1472 1668 1527 mencio
1691 1471 1848 1543 specialis,
1873 1476 1929 1529 out

419 1574 449 1628 si
470 1574 574 1630 dictus
595 1573 709 1630 Petrus
737 1591 867 1646 presens
899 1591 961 1630 non
989 1572 1097 1647 suerit
1131 1572 1173 1629 ad
1204 1573 1414 1645 prestandum
1437 1573 1475 1630 de
1497 1574 1698 1631 observandis
1731 1577 1862 1632 statutis
1886 1608 1929 1619 —

417 1681 546 1748 prester
569 1681 602 1733 at
627 1680 658 1733 in
682 1696 712 1733 n.
737 1675 784 1754 6),
801 1671 825 1758 ι)
848 1690 905 1737 seu
939 1673 1023 1754 quod
1056 1671 1139 1736 idem
1174 1673 1288 1737 Petrus
1323 1674 1354 1737 in
1387 1674 1537 1755 Pragensi
1561 1674 1778 1738 canonicatum
1801 1679 1834 1739 et
1857 1693 1928 1757 pre-

420 1775 553 1840 bendam
575 1796 612 1841 ac
634 1778 667 1840 in
690 1777 873 1843 Pataniensi
895 1781 929 1841 et
951 1775 1154 1842 Olomucensi
1176 1776 1322 1841 ecclesiis
1345 1778 1533 1842 auctoritate
1557 1776 1734 1842 litterarum
1749 1784 1929 1844 nostrarum

421 1881 623 1945 canomoatus
645 1881 768 1945 obtinet
790 1885 823 1944 et
843 1880 1024 1962 prebendas
1047 1880 1237 1967 expectati)
1263 1880 1329 1945 Nos
1345 1882 1428 1945 enim
1444 1882 1575 1963 perinde
1591 1883 1714 1946 irritum
1730 1882 1928 1948 ‹lacernimns

419 1991 450 2048 et
473 1986 577 2063 inane,
601 1986 628 2050 si
650 2003 743 2050 secus
766 1984 947 2067 superbiis
970 2004 989 2049 a
1011 2004 1168 2067 quoquam
1191 1986 1302 2067 quavis
1322 1986 1511 2050 auctoritate
1527 1987 1664 2051 scienter
1680 1986 1728 2050 vei
1746 1987 1927 2069 ignoranter

417 2090 588 2170 contigerit
609 2090 801 2170 attemptari,
818 2108 855 2153 ac
877 2090 905 2154 si
928 2089 1030 2153 eidem
1053 2090 1148 2155 Petro
1172 2090 1223 2153 die
1247 2089 1321 2154 date
1344 2091 1542 2172 presencium
1566 2090 1809 2155 contulissemus
1834 2110 1927 2156 cano·

415 2195 556 2258 nicaturn
580 2194 681 2275 ipsius
703 2193 838 2259 ecclesie
862 2194 1102 2275 Ratisponensis
1131 2213 1169 2258 ac
1199 2194 1391 2275 prebendam
1422 2199 1454 2259 et
1484 2193 1632 2272 officium,
1656 2195 1683 2258 si
1715 2214 1778 2275 qua
1800 2201 1922 2274 vacant,

415 2297 465 2362 vei
490 2317 561 2363 curn
584 2304 734 2362 vacarent
756 2298 883 2376 ibidem,
907 2317 969 2380 que
993 2298 1075 2362 idenr
1100 2299 1212 2362 Petrus
1236 2298 1369 2363 duceret
1387 2299 1590 2381 acceptanda,
1607 2298 1798 2364 conferenda
1820 2299 1924 2364 eidem

415 2403 512 2468 Petro
529 2401 693 2467 collacioni
708 2410 743 2467 et
757 2402 960 2483 dispositioni
976 2404 1083 2466 nostre
1106 2421 1143 2466 ac
1165 2403 1251 2466 sedis
1275 2402 1418 2485 predicte
1442 2422 1513 2467 cum
1536 2404 1781 2485 interposicione
1805 2403 1925 2469 decreti

416 2507 620 2571 duxissemus
653 2507 837 2588 specialiter
859 2505 1060 2571 reservanda.
1105 2508 1145 2571 D.
1176 2508 1335 2572 Aninione
1357 2507 1419 2572 VII
1446 2505 1509 2571 kal.
1534 2506 1700 2572 Februarii
1723 2525 1751 2571 a.
1776 2508 1925 2572 secundo.

521 2763 670 2818 Clementis
683 2763 721 2816 Vi
736 2763 768 2816 V.
782 2769 828 2816 161
843 2767 861 2816 1.
875 2769 925 2816 332
939 2779 964 2816 n.
984 2768 1038 2829 129,
1052 2761 1086 2817 de
1099 2762 1265 2830 praebendis
1284 2765 1429 2818 vacaturis.
1449 2764 1580 2831 Quaterni
1593 2764 1638 2819 isti
1652 2765 1680 2817 in
1694 2767 1726 2817 A.
1741 2764 1876 2818 deficiunt.
1892 2796 1925 2805 -

414 2851 434 2917 ¹)
452 2850 492 2904 ita
516 2859 617 2916 minen,
641 2849 714 2918 qnod
737 2850 798 2904 loco
822 2854 880 2915 ,te‘z
905 2849 1014 2915 ,dictum
1042 2852 1167 2915 Petrnm‘,
1192 2857 1219 2902 et
1242 2849 1303 2904 loco
1321 2851 1398 2917 ,preb
1409 2850 1492 2904 ·nds‘:
1518 2850 1669 2918 ,prebenda
1687 2858 1714 2904 et
1733 2850 1860 2905 officium‘
1880 2852 1918 2907 le·

415 2936 535 3005 gendum
554 2945 605 2990 est
642 2941 662 2999 ¹)
681 2935 742 2989 vide
761 2951 834 2989 num.
855 2940 902 2987 151
923 2942 952 2989 et
972 2942 1029 2989 190.

412 3514 508 3581 305.
539 3511 714 3588 Veneeslao,
737 3516 812 3577 nato
844 3513 1003 3596 qnondam
1026 3511 1156 3577 Nicoloi
1177 3511 1215 3576 de
1240 3512 1319 3594 Tyn,
1341 3511 1454 3576 rectori
1478 3511 1696 3596 parrochialis
1718 3511 1867 3577 ecciesiae
1889 3513 1923 3577 in

415 3618 586 3698 minine)
611 3617 784 3698 Propensis
816 3618 957 3691 diocesis,
991 3622 1173 3682 reserentur
1203 3616 1247 3679 ad
1273 3615 1536 3699 supplicationem
1557 3617 1726 3691 Jobannis,
1750 3618 1836 3698 repis
1859 3619 1920 3683 Bo·

413 3720 546 3800 iremiae,
576 3719 757 3802 beneficium
789 3721 1034 3785 ecdesiastienm
1056 3743 1126 3786 cnm
1147 3719 1195 3785 cet
1217 3720 1285 3784 sine
1307 3740 1395 3796 euro,
1418 3721 1507 3785 cuins
1522 3724 1667 3801 facetus,
1690 3722 1720 3786 si
1741 3743 1811 3786 enm
1833 3742 1921 3797 cura,

413 3825 561 3906 tripinto,
590 3825 658 3888 sine
687 3845 766 3888 eura
793 3845 863 3888 cero
892 3825 1007 3906 cipinti
1036 3845 1219 3889 marcarum
1242 3824 1413 3906 arpentis.
1437 3830 1461 3889 t.
1484 3825 1514 3889 d.
1537 3825 1675 3890 calorem
1697 3847 1840 3891 orimum
1862 3846 1924 3890 non

414 3929 576 4002 secedam,
591 3932 739 4012 spectans
761 3928 805 3991 ad
827 3928 1022 3992 wilationem
1045 3928 1192 4012 episcopi,
1210 3927 1400 4011 praepositi,
1419 3927 1533 3993 decern
1546 3933 1576 3994 ct
1590 3929 1725 4013 capituti
1740 3929 1922 4010 Propensis,

415 4053 477 4096 non
498 4032 641 4095 obstante
662 4036 698 4094 nt
719 4032 754 4096 in
776 4053 806 4096 n.
828 4035 903 4099 303.
928 4034 981 4112 ,D.
1005 4032 1160 4096 Aninione
1181 4032 1247 4096 VII
1262 4029 1327 4095 kat.
1352 4031 1520 4112 Februarii
1542 4054 1572 4097 a.
1595 4032 1749 4097 secundo!
1768 4070 1809 4078 —
1833 4033 1919 4097 Ine.

414 4159 454 4201 nr.
470 4136 581 4200 abbati
602 4138 787 4200 monasterii
820 4133 1098 4216 Biennos-iensis‘)
1127 4140 1158 4199 et
1187 4135 1305 4199 &cano
1336 4136 1628 4217 i'prssepradensis‘)
1656 4156 1759 4219 prope
1781 4138 1923 4217 Propone

634 4262 672 4304 uc
693 4242 849 4305 sacristae
872 4240 1094 4304 Aristonensis
1116 4238 1329 4303 eedesiarum.
1375 4240 1491 4304 Farina
1513 4242 1550 4303 ut
1572 4240 1605 4304 in
1627 4261 1658 4306 n.
1681 4244 1712 4304 2.

520 4350 558 4598 ,Ξ
1348 4462 1510 4545 Aoinionc,
1536 4466 1621 4530 1344
1641 4465 1800 4532 Jamcrii
1819 4467 1873 4531 26.

519 4742 667 4797 Clementis
686 4742 723 4796 Vi
741 4744 765 4795 A
784 4743 839 4812 11¹2
859 4747 914 4807 (72)
933 4741 953 4795 f.
971 4745 1031 4794 κδ’
1051 4757 1078 4795 n.
1098 4747 1156 4808 let,
1179 4739 1215 4794 de
1238 4741 1379 4796 beneficiis
1404 4742 1540 4796 vmtnris
1565 4757 1610 4810 qu.
1634 4741 1742 4797 izv.
1762 4747 1812 4796 lto
1829 4740 1849 4796 t.
1867 4746 1920 4797 tob

414 4848 440 4884 n
460 4836 519 4884 161.
539 4857 571 4871 -
598 4837 622 4895 Ι)
638 4830 780 4897 ,Miliezin‘
798 4831 831 4881 Δ.
858 4830 882 4893 i)
899 4829 1138 4895 ,Bmvnoniensis‘
1156 4830 1189 4880 A.
1216 4841 1238 4891 ‘p
1256 4828 1513 4898 ,wissegradensis
1531 4831 1565 4882 Δ.
