5184 7050
1865 882 1929 950 627

419 1087 634 1153 iuramentum
652 1105 687 1151 se
702 1086 789 1168 ipsos
806 1087 934 1151 ordines
949 1105 1011 1151 non
1027 1086 1188 1169 recepisse
1211 1105 1317 1151 coram
1338 1105 1375 1151 00
1391 1090 1514 1151 secrete
1538 1086 1672 1152 dixisset
1694 1094 1728 1153 et
1750 1089 1934 1170 perdecem

422 1190 505 1256 alius
540 1193 657 1272 probos
687 1195 721 1255 et
743 1191 894 1256 honestos
923 1193 1009 1256 viros
1039 1210 1110 1255 eum
1140 1209 1251 1255 verum
1280 1191 1321 1255 de
1351 1190 1539 1255 credulitate
1569 1190 1688 1256 dixisse
1718 1194 1751 1257 in
1779 1193 1933 1274 predictis

422 1296 595 1377 approbari
617 1295 749 1360 fecisset
770 1315 808 1360 ac
831 1297 863 1359 in
885 1296 974 1374 locis,
999 1297 1031 1361 in
1054 1294 1169 1378 quibus
1192 1295 1357 1377 predictus
1380 1295 1533 1361 Sdeslaus
1565 1295 1667 1360 dictos
1694 1298 1822 1362 ordines
1844 1316 1931 1363 rece-

420 1399 510 1480 pisse
532 1403 702 1482 reputatus
725 1399 839 1479 fuerat,
864 1399 936 1465 illos
958 1398 1084 1477 ficticia,
1099 1419 1163 1465 non
1185 1400 1218 1464 in
1240 1401 1287 1464 rei
1303 1399 1442 1464 veritate
1457 1401 1618 1480 recepisse
1634 1419 1691 1481 per
1706 1401 1811 1481 ipsum
1831 1400 1933 1466 archi·

420 1504 609 1586 episcopum
631 1503 747 1569 fuisset
770 1503 989 1585 sollempniter
1021 1503 1225 1586 publicatum,
1257 1503 1399 1568 iniuncta
1430 1503 1492 1584 ipsi
1523 1503 1654 1569 Sdeslao
1685 1505 1725 1568 ab
1748 1506 1932 1570 excessibus

422 1607 580 1690 predictis
603 1608 806 1673 absoluciene
829 1609 940 1689 prcvia
963 1628 1019 1691 pro
1038 1608 1130 1673 modo
1147 1607 1239 1689 culpe
1254 1607 1436 1690 penitencia
1452 1607 1595 1687 salutari,
1612 1608 1746 1673 eundem
1766 1609 1933 1674 Sdeslaum

425 1713 594 1777 occasione
617 1713 761 1794 predicta
783 1731 846 1777 non
869 1731 941 1777 esse
964 1713 1083 1778 eisdem
1107 1713 1207 1777 sacris
1230 1711 1394 1776 ordinibus
1409 1711 1441 1775 in
1457 1711 1564 1793 aliquo
1588 1712 1771 1793 obligatum,
1796 1712 1853 1776 sed
1869 1712 1931 1777 alio

422 1815 487 1882 sibi
510 1834 572 1879 non
596 1816 742 1880 obstante
766 1817 917 1882 canonico
939 1817 1081 1899 legitime
1104 1833 1198 1897 posse
1214 1815 1292 1880 'cum
1315 1814 1422 1896 aliqua
1443 1815 1579 1879 muliere
1602 1815 1836 1879 matrimonium
1859 1835 1934 1880 con-

422 1918 554 1984 trahere
578 1919 765 1984 decerneret
788 1939 825 1983 ac
849 1921 951 1985 eciam
973 1920 1164 1999 declararet,
1180 1924 1275 2002 prout
1290 1920 1322 1983 in
1338 1920 1438 2001 ipsius
1462 1920 1603 2001 episcopi
1627 1919 1816 1984 Albanensis
1836 1936 1934 2002 super

422 2022 486 2087 boc
509 2022 661 2088 confectis
684 2022 802 2088 litteris
825 2025 952 2105 plenius
975 2026 1164 2089 continetur.
1204 2023 1284 2088 Cum
1307 2028 1424 2103 autem,
1448 2024 1531 2088 sicut
1553 2023 1695 2088 exhibita
1717 2023 1808 2088 uubis
1831 2023 1933 2105 ipsius

422 2126 552 2192 Sdeslai
586 2125 738 2209 peticiob)
774 2129 964 2207 continebat,
998 2128 1143 2210 prefatus
1172 2128 1432 2210 archiepiscopus
1465 2127 1627 2210 predictas
1658 2129 1759 2210 ipsius
1791 2128 1933 2209 episcopi

421 2230 550 2295 litteras
573 2231 687 2312 exequi
703 2250 765 2295 non
782 2233 940 2297 curaverit
955 2251 1059 2313 neque
1075 2237 1173 2309 curet,
1190 2231 1323 2312 ipseque
1340 2230 1490 2296 sneslaus
1506 2233 1642 2296 eundem
1657 2231 1931 2312 archiepiscopum

423 2354 466 2399 ex
489 2335 550 2399 hoc
573 2340 606 2398 et
629 2353 668 2398 ex
691 2335 787 2399 certis
811 2337 917 2400 causis
941 2336 1014 2400 aliis
1036 2340 1164 2416 reputet
1186 2336 1219 2399 in
1241 2335 1301 2400 hac
1324 2341 1416 2417 parte
1439 2341 1639 2417 suspectum:
1666 2335 1854 2401 discrecioni
1876 2338 1933 2399 tue

424 2456 485 2521 per
508 2438 682 2521 apostolica
705 2441 823 2520 scripta
845 2440 1038 2518 mandamus
1062 2444 1230 2522 quatenus,
1260 2439 1287 2504 si
1318 2444 1367 2504 est
1397 2441 1453 2517 ita,
1488 2440 1622 2505 eundem
1645 2438 1820 2517 adeersum,
1843 2443 1931 2521 post-

424 2561 522 2625 quam
546 2542 586 2606 de
610 2542 790 2607 huiusmodi
814 2543 970 2608 fructibus
994 2562 1051 2625 per
1065 2562 1138 2608 eum
1161 2543 1324 2625 perceptis
1346 2562 1385 2606 ex
1404 2542 1524 2607 eisdem
1546 2541 1711 2608 beneficiis
1725 2547 1762 2608 ut
1776 2543 1936 2624 prefertur

427 2647 473 2712 ad
494 2651 586 2711 tuum
609 2645 775 2709 arbitrium
799 2645 1001 2726 satisfecerit,
1018 2648 1050 2711 in
1066 2647 1237 2712 utilitatem
1252 2645 1477 2712 beneficiorum
1492 2650 1633 2727 ipsorum
1652 2644 1791 2710 fideliter
1805 2652 1838 2711 et
1853 2646 1935 2711 iute-

425 2750 562 2834 graliter
585 2750 814 2840 convertendis,
846 2756 880 2814 et
909 2770 968 2832 per
996 2768 1088 2816 suum
1118 2752 1329 2816 iuramentum
1360 2768 1394 2815 se
1425 2752 1512 2831 ipsos
1538 2751 1666 2816 ordines
1688 2770 1751 2814 non
1772 2751 1934 2833 recepisse

430 2873 538 2919 coram
561 2859 594 2918 te
618 2854 734 2919 dixerit
756 2855 789 2918 in
812 2860 935 2920 secreto
966 2875 1004 2921 ac
1026 2875 1084 2937 per
1107 2855 1216 2920 decem
1245 2855 1323 2919 alios
1350 2855 1500 2920 honestos
1522 2856 1701 2937 probosque
1724 2856 1809 2921 viros
1832 2857 1935 2938 ipsum

427 2959 598 3025 Sdeslaum
621 2978 731 3023 verum
755 2960 794 3023 de
818 2960 1008 3024 credulitate
1032 2960 1150 3025 dixisse
1173 2960 1205 3024 in
1230 2959 1384 3042 predictis
1407 2958 1521 3024 fecerit
1542 2960 1711 3041 approbari
1734 2978 1771 3024 ac
1793 2960 1826 3024 in
1849 2959 1936 3038 locis,

426 3063 462 3126 in
486 3063 601 3144 quibus
624 3064 786 3144 predictus
811 3064 961 3129 Sdeslaus
983 3064 1163 3129 huiusmodi
1187 3082 1296 3129 sacros
1326 3064 1454 3128 ordines
1484 3064 1645 3145 recepisse
1670 3068 1839 3145 reputatus
1862 3063 1877 3127 f
1900 3062 1933 3142 't,

427 3165 503 3231 illos
526 3166 651 3245 ficticia,
675 3187 736 3231 non
760 3169 792 3231 in
815 3169 861 3232 rei
884 3170 1019 3233 veritate
1041 3168 1202 3251 recepisse
1237 3187 1293 3249 per
1315 3174 1348 3232 te
1371 3168 1468 3233 luerit
1490 3167 1707 3248 sollempniter
1728 3167 1934 3249 publicatum,

375 3338 378 3351 ,
430 3272 578 3336 iniuncta
601 3270 662 3335 sibi
685 3271 724 3335 ab
748 3273 931 3337 excessibus
954 3273 1134 3337 huiusmodi
1164 3272 1366 3338 absolutione
1398 3272 1551 3354 premissa
1580 3272 1762 3353 penitencia
1792 3270 1936 3348 salutari,

428 3375 592 3458 prelatum
617 3375 800 3441 Sdesslaurn
814 3396 878 3441 nun
893 3395 965 3441 cssc
980 3379 1145 3442 occasione
1161 3377 1305 3459 predicta
1328 3377 1447 3441 eisdem
1463 3376 1562 3440 sacris
1584 3376 1748 3440 ordinibus
1766 3375 1937 3457 quomodo-

427 3480 509 3546 libet
532 3479 715 3563 obligatum,
740 3481 816 3562 quin
840 3481 932 3546 immo
956 3481 1018 3547 alio
1042 3482 1102 3547 sibi
1118 3500 1179 3547 nun
1195 3482 1342 3547 obstante
1358 3480 1508 3546 canonico
1531 3479 1673 3561 legitime
1693 3497 1787 3563 posse
1811 3484 1937 3546 contra·

425 3585 508 3649 here
530 3585 762 3648 matrimonium
785 3603 855 3648 cum
878 3584 985 3667 aliqua
1006 3585 1149 3665 muliere,
1173 3586 1365 3650 auctoritate
1388 3589 1497 3650 nostra
1520 3584 1672 3651 declares.
1712 3586 1750 3650 D.
1775 3583 1933 3649 Auiniune

427 3688 499 3753 1111
522 3706 595 3752 non.
618 3687 697 3751 Julii
720 3706 748 3751 a.
771 3694 892 3753 octavo.
1001 3681 1004 3686 ’

537 3823 686 3878 Clementis
705 3824 794 3877 VIA.
812 3825 868 3894 Vld
886 3828 960 3896 (110)
985 3827 1004 3881 1.
1029 3829 1090 3879 287¹
1115 3843 1141 3880 n.
1166 3833 1208 3893 11,
1233 3825 1403 3880 diversarum
1429 3825 1578 3878 formarum
1602 3840 1648 3891 qu.
1673 3823 1937 3879 1;11.1911.41

427 3926 459 3965 n.
480 3916 523 3963 42.
541 3940 575 3950 -
602 3914 625 3977 ¹¹)
645 3910 725 3966 deest
742 3911 771 3965 in
788 3913 831 3980 A,
850 3914 941 3982 suppl.
959 3914 994 3968 ab
1007 3914 1122 3969 editore.
1150 3915 1173 3981 b)
1190 3913 1301 3983 ,peticio
1319 3913 1428 3983 peticio‘
1446 3915 1480 3967 A.

428 4190 555 4257 1143.
580 4190 793 4273 0110111091
818 4195 1038 4278 Romanorum,
1061 4193 1236 4259 mandatur
1257 4194 1348 4276 copia
1372 4191 1500 4258 cedulae
1521 4191 1696 4271 cuiusdam,
1727 4212 1808 4274 quac
1837 4192 1939 4256 010111

967 4303 998 4363 01
1018 4299 1130 4365 honori
1151 4298 1218 4363 eius
1239 4295 1420 4379 derogabat.

1464 4381 1627 4463 Acinionc,
1649 4384 1737 4448 1349
1757 4382 1843 4448 Jatii
1864 4385 1894 4447 5.

537 4520 709 4587 Carissimo
732 4525 765 4588 iu
789 4524 916 4590 Christo
939 4524 1003 4590 filie
1027 4525 1155 4604 Karolo,
1170 4525 1238 4607 regi
1253 4524 1466 4590 Romanorum
1480 4523 1606 4588 illustri.
1629 4521 1820 4604 Recepimus
1836 4540 1937 4603 nuper

432 4625 476 4689 de
499 4626 592 4692 ltalie
615 4629 759 4710 partibus
782 4631 935 4711 quasdam
958 4630 1093 4709 litteras,
1117 4629 1270 4708 cedulam,
1295 4630 1386 4696 cuius
1417 4628 1538 4711 copiam
1569 4627 1723 4691 mittimus
1746 4625 1939 4690 excellencie

431 4737 491 4795 tue
523 4732 726 4798 interclusam
755 4736 967 4817 presentibus,
1001 4735 1158 4800 habentes
1192 4734 1355 4800 inclusam.
1402 4733 1471 4812 Qua
1502 4732 1578 4811 visa,
1609 4731 1684 4796 licet
1718 4749 1788 4794 eaur
1819 4729 1939 4795 nullam

432 4836 562 4900 omniuo
585 4840 747 4904 continere
771 4840 938 4904 veritatem
968 4840 1177 4923 probabiliter
1206 4840 1403 4916 extimemus,
1434 4844 1470 4902 ut
1499 4841 1605 4901 tamen
1631 4839 1666 4900 tu
1690 4840 1799 4899 contra
1821 4833 1939 4899 machi·

431 4941 585 5005 naciones
608 4961 726 5021 eorum,
750 4945 804 5025 qui
823 4945 934 5008 honori
951 4952 982 5009 et
998 4946 1095 5009 statui
1110 4950 1166 5009 tuo
1181 4963 1239 5027 per
1255 4943 1430 5025 exquisitas
1447 4947 1600 5006 conantur
1615 4941 1755 5005 astucias
1776 4939 1941 5022 derogare,

433 5049 593 5125 oportune
617 5047 739 5111 cautele
762 5048 903 5129 presidio
926 5049 1087 5126 muniaris,
1111 5049 1307 5130 providimus
1329 5066 1401 5112 eam
1423 5051 1479 5111 tue
1503 5044 1683 5110 celsitudini
1711 5043 1940 5109 destinandam.
1973 5103 1983 5123 ,

432 5148 486 5214 Τ1
509 5168 593 5231 crgo,
617 5148 661 5214 fili
684 5151 900 5232 dilectissime,
924 5154 971 5218 sic
993 5155 1123 5219 studeas
1132 5155 1157 5234 ⁸)
1181 5153 1321 5217 virtuose
1346 5170 1383 5215 ac
1407 5154 1535 5214 strenue
1558 5167 1663 5230 agere,
1680 5148 1764 5230 qued
1784 5168 1840 5212 ora
1863 5166 1940 5229 quo·

434 5272 633 5334 rumcunque
658 5254 895 5321 detrahencium
919 5258 1065 5323 obstruas
1089 5263 1122 5322 et
1144 5258 1176 5321 in
1199 5258 1317 5321 virtute
1339 5259 1396 5320 tua
1418 5253 1546 5319 favente
1575 5253 1634 5317 tibi
1664 5252 1771 5316 divina
1795 5250 1942 5334 potencia

433 5376 553 5440 aspera
575 5357 718 5439 quelibet
740 5362 773 5425 in
796 5362 890 5443 plana
914 5368 1090 5428 convertas.
1113 5361 1346 5441 Rescripsimus
1365 5360 1434 5437 tibi,
1450 5359 1477 5423 si
1493 5357 1649 5440 premissa
1667 5355 1717 5421 vel
1741 5355 1849 5437 aliqua
1872 5372 1942 5436 pre

432 5462 607 5528 missorum
630 5464 778 5547 aliquam,
803 5468 887 5547 quod
909 5486 971 5531 non
994 5467 1160 5542 credimus,
1184 5465 1367 5529 contineant
1388 5464 1527 5544 speciem
1548 5460 1705 5525 veritatis.
1730 5461 1769 5524 1).
1785 5459 1943 5524 Auinioue

433 5567 488 5634 Ill
512 5585 584 5633 non.
608 5569 687 5634 Julii
710 5590 739 5635 a.
763 5575 885 5636 octavo.

544 5707 694 5764 Clementis
713 5709 751 5763 Vl
771 5710 802 5763 V.
824 5716 873 5763 113
891 5712 971 5779 (secr.
990 5724 1013 5763 a
1027 5707 1105 5774 VIII)
1122 5708 1140 5761 1.
1153 5713 1194 5761 aa.
1205 5736 1237 5745 -
1248 5705 1299 5759 Ed.
1313 5704 1479 5773 Werunslry,
1493 5704 1632 5774 Excerpta
1643 5717 1671 5756 u.
1684 5706 1743 5756 224.
1757 5731 1789 5740 —
1817 5703 1840 5768 ⁸)
1854 5699 1943 5770 suppl

432 5799 465 5855 in
484 5812 570 5869 marg.
591 5795 623 5852 V.

1089 5865 1297 5879 ff

1791 5892 1841 5949 40*
