5184 7050
698 843 765 912 460

696 1055 786 1120 751.
815 1051 968 1129 Jonann]
998 1054 1074 1115 nato
1106 1050 1264 1132 quondam
1294 1047 1421 1115 Peaolcli
1449 1049 1487 1113 cle
1510 1050 1704 1131 Hor'ocicz‚·)
1719 1045 1843 1114 clerico
1866 1045 2046 1128 Rayemis
2068 1043 2195 1119 diocesis.

692 1161 873 1223 reservatur
902 1156 946 1220 ad
974 1154 1236 1239 supplicationem
1260 1153 1376 1233 Caroli,
1399 1157 1483 1235 repis
1508 1155 1730 1229 Romanorum,
1753 1152 1935 1234 beneficium
1969 1172 2043 1216 carm
2063 1151 2114 1215 nel
2141 1153 2197 1215 siae

694 1283 782 1340 aaa,
813 1265 991 1326 wasnaum
1021 1261 1061 1324 al
1088 1259 1162 1323 olim
1193 1258 1316 1323 clericis
1347 1258 1564 1323 saecularibus
1589 1259 1761 1340 assipnari
1785 1258 1873 1322 asinas
1897 1260 2035 1338 fructus
2060 1259 2107 1321 25
2127 1277 2194 1340 resa.

693 1369 737 1431 18
751 1385 936 1430 nearcarum
951 1365 1075 1446 arpenti
1089 1385 1115 1428 s.
1131 1368 1153 1428 t.
1174 1364 1205 1428 el.
1221 1363 1359 1428 calorem
1375 1385 1517 1428 annuum
1533 1383 1595 1427 non
1609 1363 1771 1442 accedant,
1786 1363 1817 1426 si
1831 1361 1914 1443 quod
1934 1361 1983 1426 acl
2007 1360 2194 1426 wllationea

694 1470 843 1550 mapistri
860 1468 1079 1552 provincialis,
1103 1467 1375 1541 contnunclamris,
1393 1468 1516 1550 prioris
1531 1471 1569 1532 et
1591 1471 1756 1532 macenias
1771 1465 1894 1550 ¹cloniaca
1924 1471 2058 1532 sanctae
2082 1466 2196 1532 Mariae

694 1573 729 1637 in
756 1574 838 1657 peale
859 1575 974 1657 pontis
1009 1574 1191 1654 Propensrs,
1225 1571 1396 1655 hospitalis
1429 1573 1534 1636 sancti
1560 1570 1721 1639 Jonannis
1743 1569 2010 1650 Jerosolimitani,
2039 1574 2138 1635 cacat
2162 1568 2196 1631 al

577 1688 580 1699 '
690 1698 854 1760 praesens,
877 1677 925 1740 vel
949 1697 1018 1741 cum
1040 1676 1209 1740 amaverit.
1238 1677 1290 1753 ‚D.
1303 1674 1480 1739 Aninione-
1495 1676 1528 1740 X
1545 1675 1610 1739 lcal.
1624 1675 1817 1740 ¹Decembris
1841 1696 1872 1739 a.
1895 1675 2030 1757 quinto?
2053 1711 2098 1721 —
2122 1676 2157 1738 ln
2174 1696 2194 1736 e.

696 1802 737 1845 m.
766 1782 934 1862 Propensis
957 1784 987 1845 et
1017 1780 1279 1872 Vpsseyrarlensis
1298 1800 1399 1862 prope
1421 1781 1565 1861 Proqam
1591 1779 1719 1845 decanis
1742 1801 1780 1845 ac
1804 1781 1963 1844 sacristae
1985 1778 2197 1843 Aciaionersis

1150 1883 1362 1950 ecclesiarum.
1407 1885 1524 1948 Forma
1547 1888 1583 1948 ut
1604 1885 1639 1949 in
1662 1906 1693 1951 n.
1715 1889 1747 1950 2.

741 2043 849 2108 Gratis
872 2060 928 2125 pro
953 2042 1021 2107 deo.
1602 2041 1765 2121 Aciniona
1788 2041 1875 2106 1316
1898 2039 2092 2105 Novamlris
2111 2044 2159 2105 22.

803 2231 950 2286 Clementis
970 2231 1007 2284 VI
1024 2233 1057 2284 A.
1077 2231 1129 2299 Vl?
1150 2232 1204 2299 (91)
1224 2230 1242 2283 f.
1261 2233 1304 2284 δι’
1324 2247 1350 2284 n.
1365 2236 1405 2298 72,
1419 2230 1453 2285 de
1466 2229 1607 2285 beneficiis
1625 2231 1762 2285 vacaturis
1780 2247 1826 2298 qu.
1844 2231 1950 2284 3:V.
1973 2236 2024 2285 173
2043 2231 2062 2284 f.
2082 2235 2198 2283 33112.

660 2382 664 2388 ,
696 2318 851 2386 Rogistrata
869 2319 968 2372 iterum
987 2318 1014 2371 in
1033 2321 1066 2370 A.
1085 2317 1138 2386 Vp?
1158 2319 1213 2386 (91)
1232 2316 1250 2369 f.
1270 2320 1391 2386 83-83',
1411 2317 1444 2371 de
1464 2317 1605 2372 beneficiis
1632 2319 1770 2372 vacaturis
1788 2335 1833 2386 qu.
1853 2325 1878 2385 4,
1898 2317 1947 2372 ssd
1968 2319 2030 2373 aina
2050 2334 2161 2371 numera
2177 2324 2198 2369 st

696 2405 847 2460 cancellata
859 2422 920 2458 cum
935 2413 1013 2459 nota:
1033 2404 1158 2473 ,Cassata
1177 2411 1227 2471 eat,
1246 2404 1312 2472 quia
1331 2412 1374 2458 est
1392 2404 1495 2473 scripta
1514 2404 1580 2459 alibi
1599 2421 1682 2473 supra
1701 2406 1729 2458 in
1746 2404 1835 2460 tercio
1854 2412 1993 2473 quaterno
2020 2406 2073 2460 sub
2098 2420 2199 2459 numera

697 2491 870 2545 1377771-
896 2491 920 2558 ⁸)
940 2490 1094 2557 ,Horawitz‘
1112 2493 1145 2544 A.

1347 2654 1553 2664 .-

700 2913 789 2978 752.
820 2911 978 2975 Vincentio
1011 2910 1151 2975 Tlomae
1179 2910 1217 2974 ‹le
1247 2909 1439 2991 Baowasr)
1455 2910 1572 2975 ‘clerico
1596 2911 1768 2998 Propensis
1790 2909 1935 2986 diocesis,
1960 2915 2147 2977 reservatur
2165 2910 2202 2973 al

696 3015 958 3100 supplicationem
982 3013 1098 3094 Caroli,
1121 3016 1204 3096 repis
1228 3016 1453 3093 Romanorum,
1476 3013 1657 3097 beneficium
1679 3035 1749 3079 cum
1769 3014 1818 3079 ocl
1835 3015 1906 3080 sine
1920 3035 2013 3094 mma,
2030 3020 2202 3080 eamdam

697 3120 737 3185 ab
752 3120 826 3183 olim
842 3119 963 3184 clericis
977 3118 1196 3182 santaricus
1218 3118 1390 3200 assiynori,
1414 3118 1504 3183 cuias
1519 3122 1650 3198 friuolus
1665 3122 1709 3184 25
1722 3139 1805 3203 resp.
1822 3121 1864 3186 18
1878 3140 2072 3185 marsanam
2086 3118 2202 3200 arpenti

696 3245 721 3289 s.
737 3228 760 3288 t.
776 3223 806 3288 cl.
821 3221 959 3287 calorem
982 3242 1123 3287 annuum
1145 3242 1208 3286 non
1228 3223 1390 3298 excedant,
1414 3224 1443 3286 si
1465 3222 1547 3305 quot
1569 3223 1613 3286 ad
1634 3223 1832 3288 collationem
1851 3222 1981 3289 allatis
1995 3228 2027 3288 ct
2042 3227 2201 3289 marcatas

698 3327 882 3391 monasterii
915 3325 1054 3390 Sanctae
1089 3325 1236 3401 (hromce,
1269 3327 1391 3391 ordinis
1427 3324 1653 3405 Cistcrcicnsis,
1688 3327 1825 3391 ciusdem
1859 3327 2006 3402 diocesis,
2040 3333 2137 3392 cacat
2166 3325 2204 3389 at

693 3451 857 3516 praesens,
880 3429 927 3494 vel
949 3449 1020 3492 cum
1041 3431 1210 3494 vacaverit.
1235 3432 1287 3504 ,D.
1304 3431 1461 3495 Auinione
1477 3432 1510 3493 X
1527 3429 1591 3496 kal.
1610 3431 1791 3496 Decembris
1816 3452 1845 3497 a.
1862 3432 1995 3513 quima‘
2007 3468 2052 3480 -
2076 3435 2116 3498 In
2129 3455 2152 3495 e.
2167 3452 2202 3492 m.

698 3536 806 3600 (abbati
827 3535 1012 3601 monasterii
1033 3534 1071 3598 de
1094 3534 1257 3610 Altooodo,
1281 3536 1453 3617 Praqensis
1472 3535 1614 3610 diocesis,
1630 3539 1660 3599 et
1674 3537 1791 3601 decano
1805 3538 1985 3619 Propensis
2001 3557 2043 3603 ac
2056 3538 2203 3602 sacristae

1031 3636 1253 3702 Acinionensis
1275 3639 1490 3705 ecclesiarum.
1536 3639 1653 3704 Formo
1676 3644 1711 3704 ut
1724 3642 1768 3716 in
1790 3662 1820 3708 n.
1842 3645 1876 3706 2.

742 3795 850 3861 Gratis
872 3813 929 3878 pro
953 3795 1022 3860 deo.
1603 3795 1765 3873 Avinione,
1788 3798 1876 3863 1346
1900 3797 2093 3865 Novembris
2113 3803 2162 3864 22.

803 3983 950 4039 Clementis
969 3984 1008 4038 VI
1025 3987 1058 4038 A.
1077 3984 1130 4054 Vsa
1150 3988 1205 4053 (87)
1224 3985 1243 4040 f.
1261 3987 1330 4052 282',
1350 3985 1384 4039 de
1403 3983 1543 4040 beneficiis
1562 4002 1623 4040 cum
1642 3986 1685 4040 vel
1704 3987 1764 4042 sine
1780 4003 1846 4044 cura
1863 4005 1911 4056 qu.
1929 3994 1946 4042 3
1962 4006 1993 4041 .·;
2004 3989 2040 4044 V.
2057 3996 2106 4043 174
2123 3989 2140 4042 f.
2159 3993 2200 4040 123

698 4088 725 4125 n.
744 4077 803 4125 229.
823 4103 857 4111 -
871 4074 893 4139 ·)
913 4071 1065 4141 ‚Budways‘
1077 4074 1110 4125 A.

702 4490 792 4558 763.
826 4490 969 4567 Nicolaa
1004 4496 1079 4556 nato
1111 4491 1268 4573 quonlam
1302 4489 1392 4557 Galli
1421 4491 1458 4555 cle
1482 4491 1634 4567 Roclnics,
1661 4492 1843 4575 presbytero
1868 4494 2046 4577 lioperasis
2069 4495 2193 4564 diocesis,

699 4600 879 4660 reservatur
902 4597 945 4661 act
966 4596 1228 4681 supplicationem
1253 4595 1368 4672 Caroli,
1392 4597 1476 4678 repis
1499 4598 1722 4674 Romanorum,
1753 4598 1934 4682 lerseficium
1965 4622 2038 4666 mim
2067 4601 2115 4666 cel
2139 4601 2192 4664 siu

698 4696 785 4774 cura,
809 4705 987 4764 consuetum
1010 4699 1132 4765 clericis
1165 4700 1384 4764 saecularibus
1418 4700 1591 4782 assipnari,
1622 4702 1711 4767 cuius
1734 4705 1864 4781 fructas
1886 4707 1930 4769 25
1952 4726 2038 4790 resp.
2064 4709 2105 4773 18
2123 4725 2190 4769 mar·

700 4825 810 4867 carum
845 4806 1016 4885 arpentis.
1041 4809 1062 4869 t.
1087 4804 1117 4870 cl.
1139 4804 1278 4868 valorem
1313 4826 1453 4870 annisum
1486 4826 1547 4870 non
1580 4808 1741 4890 excedant,
1774 4809 1805 4872 si
1833 4807 1916 4890 qnod
1947 4810 1992 4875 ad
2013 4811 2187 4876 callatim

700 4907 824 4970 abluis
845 4912 876 4971 et
899 4913 1066 4973 concentus
1089 4910 1274 4973 ortorrasterii
1292 4910 1327 4974 in
1349 4912 1537 4988 Biecnoc‚·)
1561 4910 1683 4977 ordinis
1704 4914 1810 4978 sancti
1832 4913 2012 4990 Benedicti,
2038 4913 2186 4996 Processu

700 5011 841 5089 diocesis,
865 5016 959 5076 cacat
982 5012 1206 5095 adpraesens
1238 5013 1286 5078 oel
1312 5034 1382 5077 cum
1404 5015 1587 5079 vacaverit!
1632 5017 1683 5092 ‚D;
1708 5015 1863 5082 Aninioue
1887 5017 1921 5082 X
1938 5017 2005 5083 kal.
2030 5015 2187 5084 Decembris

700 5136 730 5177 a.
754 5116 882 5195 quinto}
899 5155 939 5161 —
962 5119 1001 5180 In
1023 5138 1047 5180 e.
1071 5138 1112 5180 m.
1131 5117 1315 5200 praeposi-to
1333 5118 1481 5181 Omnium
1498 5118 1687 5182 Sanctomm
1702 5120 1737 5183 in
1752 5125 1857 5184 castro
1874 5122 2036 5204 Prayensi
2049 5127 2079 5187 ct
2091 5122 2186 5186 aaa

823 5221 994 5301 Prrrpcrasis
1018 5240 1056 5284 ac
1077 5221 1234 5285 sacristae
1256 5221 1480 5286 Acinionensis
1501 5223 1714 5288 ecclesiarum.
1760 5225 1877 5290 Forma
1891 5231 1937 5289 ut
1957 5228 1995 5291 in
2015 5249 2047 5293 n
2069 5231 2098 5294 2.

743 5393 861 5459 Gratis.
1019 5434 1021 5439 -
1607 5395 1770 5473 Aomione,
1793 5398 1880 5463 1346
1905 5399 2090 5467 Nouembris
2108 5405 2151 5467 22.

803 5583 951 5636 Clementis
970 5583 1008 5635 VI
1027 5586 1058 5635 A.
1078 5583 1131 5653 Vsa
1151 5589 1251 5653 (tomus
1271 5585 1315 5650 33)
1337 5584 1353 5639 i.
1373 5589 1432 5650 477,
1453 5584 1571 5638 omnium
1591 5585 1740 5640 sarmarum
1758 5604 1802 5656 qu.
1825 5593 1837 5641 l
1858 5595 1886 5643 et
1904 5590 2013 5646 unicus.
2043 5591 2074 5647 la
2091 5589 2120 5643 V.
2135 5601 2185 5656 qua·

699 5670 769 5723 terni
789 5670 944 5724 huiusmodi
964 5670 1101 5724 deficiunt.
1121 5703 1153 5710 -
1181 5677 1204 5737 r)
1223 5671 1397 5730 ,Brcunouia‘
1417 5677 1450 5726 A.
