5184 7050
527 831 567 932 ,6

543 1088 583 1154 6.
608 1084 794 1150 Hermanno
818 1050 995 1143 Hermonni
1015 1076 1053 1140 de
1074 1078 1272 1146 Labocbocr’cs
1286 1079 1474 1164 procidebat
1495 1081 1534 1146 dc
1557 1080 1752 1147 canonicatu
1771 1079 1937 1146 ccdcriac
1957 1081 2072 1162 1755oe-

941 1179 1107 1261 pramis
1128 1183 1185 1247 aab
1208 1185 1422 1268 expectatione
1437 1184 1650 1268 praebendae

1551 1376 1716 1455 nemu,
1737 1377 1829 1441 1342
1850 1376 1946 1442 atat
1965 1379 2022 1444 23.

615 1340 623 1413 Ι

594 1427 715 1482 .x.

685 1616 693 1632 .
718 1565 739 1630 i.
762 1561 922 1629 Hermann
952 1561 1103 1629 Hermani
1137 1564 1176 1632 de
1204 1566 1430 1643 Lubocbouitz‚
1453 1569 1607 1633 cmonico
1628 1568 1767 1633 ecclesie
1789 1567 2065 1651 t'issegndemis

546 1690 648 1757 propo
682 1670 827 1751 Pragam,
861 1667 1011 1732 familiari
1046 1673 1162 1748 nostro,
1186 1689 1212 1736 a.
1234 1678 1296 1736 etc.
1340 1670 1408 1735 Tne
1438 1673 1554 1735 merita
1576 1672 1749 1753 probitatis
1770 1678 1971 1739 hambiliter
1992 1688 2064 1740 nota

545 1783 632 1842 nobis
655 1779 760 1839 mento
784 1794 836 1836 nos
859 1778 1010 1851 inducunt,
1033 1782 1065 1835 nt
1087 1795 1240 1850 personam
1262 1788 1342 1838 tuam
1364 1782 1471 1839 affectu
1492 1780 1649 1840 favorabili
1671 1790 1890 1855 prosequentes
1913 1784 1973 1843 tibi
1995 1785 2063 1844 red·

546 1885 651 1945 damur
673 1884 711 1941 ad
733 1883 860 1956 graciam
882 1883 1028 1941 liberales.
1072 1875 1224 1941 Voleutes
1252 1879 1362 1960 itaque
1383 1878 1443 1942 tibi
1466 1880 1694 1959 premissorum
1715 1885 1848 1943 tuorum
1869 1881 2062 1946 meritorum

547 1983 681 2049 obtentu
716 1980 854 2062 graciam
888 1979 993 2044 facere
1027 1979 1207 2060 specialem,
1231 1983 1453 2046 canonicatum
1486 1981 1623 2046 ecclesie
1645 1982 1928 2064 wissegradensis
1959 2003 2061 2068 prope

547 2089 685 2167 Pragam
717 2101 787 2147 eum
817 2081 1012 2163 plenitudine
1036 2082 1116 2147 iuris
1138 2087 1281 2149 canonici
1304 2085 1483 2166 apostolica
1505 2086 1564 2150 tibi
1587 2087 1784 2151 aumumtate
1806 2087 2008 2154 mutuamus
2029 2094 2062 2153 et

547 2191 588 2257 de
623 2189 677 2254 illo
713 2187 813 2252 eciam
845 2186 1056 2267 providemus
1091 2187 1283 2267 prebendam
1314 2208 1399 2265 rem,
1430 2191 1543 2271 siqua
1566 2191 1598 2253 in
1620 2189 1708 2254 dicta
1731 2190 1873 2256 ecclesia
1896 2176 2000 2257 vacat
2020 2192 2060 2257 ad

545 2309 691 2380 prosena,
704 2289 754 2353 vel
778 2300 883 2363 cum⁸r
907 2290 1078 2368 vacaverit,
1101 2312 1185 2368 quam
1208 2316 1261 2371 per
1283 2306 1313 2357 te
1335 2300 1381 2357 sel
1403 2308 1627 2371 procuratorem
1650 2308 1732 2358 tuum
1754 2301 1794 2359 ad
1813 2301 1872 2361 boc
1887 2303 2061 2377 specialiter

548 2403 743 2467 constitutum
766 2397 843 2458 infra
866 2401 950 2458 unius
973 2402 1079 2460 mensis
1102 2402 1241 2476 spacium,
1263 2410 1417 2476 postquam
1439 2404 1494 2461 tibi
1517 2403 1563 2460 sel
1586 2402 1680 2461 eidem
1702 2406 1895 2477 procuratori
1919 2405 1959 2464 de
1981 2407 2059 2465 illius

546 2507 706 2569 vocacione
730 2503 907 2578 constiterit,
930 2505 1048 2564 dureris
1071 2496 1324 2581 acceptandam,⁵)
1355 2499 1577 2578 conferendam
1600 2500 1659 2563 tibi
1681 2512 1751 2579 post
1782 2507 2059 2587 acceptaciouem‘)

546 2608 715 2674 huiusmodi
740 2624 803 2664 cum
826 2608 957 2666 omnibus
979 2609 1094 2669 iuribus
1110 2615 1139 2669 et
1153 2611 1344 2684 pertinenciis
1367 2611 1428 2668 suis
1451 2601 1619 2667 donationi
1642 2604 1819 2686 apostalice
1840 2624 2058 2687 reservamus

546 2715 717 2778 districtius
747 2710 911 2770 inhibentes
933 2731 960 2772 v.
983 2713 1004 2773 f.
1028 2731 1057 2772 n.
1081 2714 1218 2788 episcopo
1247 2713 1389 2789 Pragensi
1420 2718 1451 2771 et
1473 2712 1522 2770 dd.
1545 2712 1575 2770 ff.
1598 2714 1762 2788 preposito,
1784 2714 1900 2774 decano
1924 2723 1957 2776 et
1979 2719 2058 2793 cupi·

545 2824 608 2883 tulo
633 2819 727 2892 ipsius
749 2815 872 2874 ecclesie
895 2833 946 2874 seu
968 2816 1011 2876 illi
1034 2819 1079 2876 vel
1102 2818 1171 2892 illis,
1193 2818 1230 2877 ad
1253 2836 1338 2892 quem
1360 2819 1405 2875 rel
1428 2817 1466 2875 ad
1488 2833 1561 2889 qnos
1585 2817 1614 2874 in
1638 2817 1739 2875 eadem
1773 2820 1902 2878 ecdesia
1931 2823 2057 2896 preben-

544 2929 646 2987 darum
671 2921 807 2995 collaeio,
829 2922 959 2994 provisio
982 2941 1033 2981 seu
1056 2923 1157 2996 quevis
1179 2925 1237 2982 alia
1268 2923 1428 2997 disposicio
1457 2923 1587 2994 pertinet
1620 2924 1815 2982 communiter
1845 2925 1895 2984 vel
1929 2926 2057 3003 divisim,

543 3050 580 3092 ne
596 3031 632 3089 de
649 3030 699 3089 illa
715 3026 832 3086 interim
848 3025 938 3085 eciam
959 3033 1027 3086 ante
1049 3029 1284 3100 acceptaeionem
1299 3020 1327 3102 Ἰ)
1350 3025 1526 3099 huiusmodi,
1549 3025 1606 3083 nisi
1629 3032 1785 3099 postquam
1808 3029 1852 3086 eis
1875 3031 2056 3107 constiterit,

546 3137 624 3211 quod
648 3140 680 3193 tu
703 3133 748 3191 vel
771 3137 947 3205 procurator
976 3132 1126 3205 predictus
1159 3133 1237 3191 illam
1270 3131 1426 3191 nolueritis
1459 3134 1625 3203 acceptare,
1659 3128 1816 3202 disponere
1849 3134 2056 3207 quoquomodo

546 3242 726 3314 presumant,
760 3252 795 3293 ao
829 3233 1018 3295 decernentes
1052 3254 1167 3295 exnunc
1200 3237 1317 3294 irritum
1350 3240 1380 3292 ct
1413 3234 1510 3307 inane,
1541 3232 1565 3290 si
1589 3250 1675 3291 secus
1697 3250 1787 3307 super
1808 3235 1847 3294 iis
1868 3253 1888 3295 a
1910 3254 2055 3312 quoquam

545 3344 647 3417 (quavis
669 3340 847 3401 auctoritate
872 3339 998 3398 scienter
1020 3340 1064 3398 vel
1089 3341 1258 3414 ignoranter
1281 3337 1439 3410 contigerit
1462 3337 1650 3410 attemptari;
1664 3334 1689 3410 ‘l
1723 3339 1998 3401 nonobstantibus
2021 3344 2055 3402 de

543 3453 625 3506 certo
649 3445 856 3506 canonicorum
879 3460 999 3503 numero
1022 3450 1051 3502 et
1074 3445 1253 3516 quibuslibet
1275 3443 1342 3500 aliis
1358 3441 1450 3515 ipsius
1467 3441 1590 3499 ecclesie
1606 3443 1727 3500 statutis
1742 3453 1773 3501 ct
1788 3445 2055 3506 consuetudinibus

543 3553 712 3626 contrariis,
736 3551 910 3621 iuramento,
934 3548 1157 3607 continuacione
1180 3549 1343 3622 apostolica
1373 3548 1419 3605 rel
1452 3541 1665 3620 quacunqne‘)
1700 3547 1839 3607 firmitate
1872 3550 1934 3609 alia
1967 3552 2055 3611 robe
2089 3607 2092 3612 .

544 3655 628 3730 ratis,
650 3663 702 3715 ant
725 3656 749 3714 si
773 3653 863 3727 aliqui
878 3648 905 3727 ff)
927 3654 1092 3726 apostoliea
1105 3646 1131 3725 ¹¹)
1165 3653 1210 3710 vel
1243 3653 1302 3711 alio
1336 3652 1438 3723 quavis
1471 3652 1650 3710 auctoritate
1684 3652 1714 3710 in
1749 3651 1851 3710 eadem
1873 3654 2003 3713 ecclesia
2025 3655 2054 3713 iu

543 3761 700 3819 ‹canonicos
723 3760 784 3818 sint
807 3757 928 3830 recepti,
952 3757 995 3816 vel
1019 3751 1109 3833 [ut]')
1133 3756 1314 3828 recipiantur
1337 3755 1486 3828 insistant,
1509 3773 1561 3813 seu
1584 3756 1609 3813 si
1633 3774 1722 3830 super
1752 3757 1974 3830 provisionibus
1998 3759 2054 3818 sibi

542 3862 685 3923 faciendis
710 3864 745 3922 de
769 3860 990 3921 canonicatibus
1013 3867 1043 3919 et
1066 3859 1222 3933 prebendis
1245 3861 1275 3917 in
1307 3859 1386 3917 dicta
1416 3860 1541 3917 ecclesia
1575 3861 1718 3933 speciales
1751 3862 1797 3919 vel
1831 3861 1867 3920 de
1901 3862 2055 3923 beneficiis

542 3966 752 4024 ecclesiasticis
775 3965 805 4022 in
829 3964 887 4022 illis
910 3964 1043 4036 partibus
1067 3965 1218 4037 generales
1241 3965 1319 4022 dicte
1343 3963 1422 4021 sedis
1445 3964 1490 4022 rel
1520 3964 1682 4037 legatorum
1716 3965 1779 4022 eius
1813 3966 1931 4024 litteras
1964 3966 2055 4041 impe·

545 4070 664 4143 trarint,
698 4070 790 4127 eciam
824 4068 848 4126 si
879 4084 932 4141 per
961 4084 1011 4126 eas
1034 4068 1071 4126 ad
1094 4067 1315 4141 inhibitionem,
1339 4068 1571 4126 resemacionem
1593 4074 1623 4125 ct
1646 4068 1795 4128 decretum
1818 4070 1864 4127 rel
1885 4070 1961 4129 alias
1983 4087 2055 4144 quo·

545 4172 706 4232 modolibct
728 4173 768 4232 sit
790 4189 970 4246 processum,
993 4173 1098 4244 quibus
1129 4172 1262 4230 omnibus
1296 4179 1482 4246 preterquam
1515 4173 1695 4231 auctoritate
1728 4179 1831 4232 nostra
1862 4173 1894 4231 iu
1929 4175 2055 4235 ecclesia

546 4280 610 4352 ipsa
634 4279 761 4351 receptis
784 4279 830 4337 vel
851 4276 1016 4351 prebendas
1039 4277 1262 4350 expectantibus
1285 4278 1315 4335 iu
1339 4277 1439 4335 eadem
1463 4282 1492 4334 te
1515 4278 1544 4334 in
1568 4277 1660 4349 ipsius
1683 4277 1832 4350 prebende
1862 4280 2054 4339 assecucione

548 4382 680 4440 volumus
703 4380 856 4456 anteferri,
881 4382 932 4440 sed
954 4381 1063 4440 nullum
1086 4398 1139 4455 per
1161 4380 1216 4439 hoc
1240 4382 1282 4439 eis
1306 4380 1402 4453 ‹puoad
1425 4381 1643 4440 assecutionem
1676 4381 1891 4455 prebendarum
1913 4389 1946 4442 ct
1966 4384 2055 4443 bene·

545 4486 678 4545 liciorum
713 4487 837 4546 aliorum
870 4485 1063 4559 preiudicium
1097 4486 1243 4560 generari,
1273 4502 1325 4544 seu
1349 4485 1374 4543 si
1398 4485 1506 4543 eisdem
1530 4485 1681 4560 episcopo,
1703 4486 1865 4560 preposito,
1889 4486 2002 4546 decano
2024 4493 2055 4547 et

545 4591 674 4665 cerritulo
697 4591 742 4648 vel
766 4590 916 4662 quibusvis
939 4590 1006 4648 aliis
1030 4589 1221 4648 communiter
1243 4589 1288 4646 vel
1312 4588 1427 4648 divisim
1451 4590 1488 4647 ab
1511 4590 1612 4647 eadem
1635 4591 1674 4647 sit
1696 4590 1765 4648 sede
1795 4590 1952 4665 indultum,
1975 4590 2054 4664 quod

545 4696 582 4754 ad
607 4694 807 4767 recepeionem
831 4697 875 4753 vel
891 4693 1087 4767 provisionem
1102 4692 1228 4751 alicuius
1243 4692 1360 4751 minime
1376 4698 1532 4751 teneantur
1548 4699 1578 4751 et
1593 4693 1629 4751 ad
1645 4693 1675 4751 id
1692 4693 1826 4767 compelli
1844 4710 1903 4752 nou
1925 4696 2055 4769 possint,

547 4800 681 4873 quodque
705 4799 740 4857 do
765 4799 985 4857 canonicatibus
1009 4804 1039 4855 et
1061 4797 1218 4871 prebendis
1241 4798 1335 4871 ipsius
1358 4796 1481 4856 ecclesie
1503 4797 1628 4869 aliisque
1662 4795 1812 4856 beneficiis
1845 4798 2056 4860 ecclesiasticis

544 4903 581 4961 ad
605 4920 705 4961 corum
729 4904 928 4977 collacionem,
940 4896 960 4973 ¹)
983 4902 1180 4976 provisionem
1203 4921 1255 4961 seu
1278 4903 1408 4975 (quamvis
1431 4902 1517 4959 aliam
1548 4901 1774 4973 disposicionem
1808 4902 1988 4962 coniunctim
2010 4906 2055 4965 vel

545 5009 703 5082 separatim
738 5008 939 5082 spectantibus
974 5007 1045 5065 nulli
1079 5007 1174 5064 valeat
1208 5007 1358 5081 provideri
1392 5024 1445 5080 per
1475 5007 1590 5063 litteras
1620 5005 1798 5078 apostolicas
1830 5023 1888 5065 non
1911 5004 2056 5070 facientes

546 5114 660 5186 plenam
683 5120 711 5170 et
736 5128 904 5184 expressam
927 5129 961 5170 ac
975 5108 1009 5184 ¹¹¹)
1044 5110 1080 5169 de
1110 5111 1200 5169 verbo
1223 5111 1260 5169 ad
1284 5111 1403 5169 verbum
1428 5113 1463 5169 do
1486 5110 1600 5169 indulto
1623 5110 1788 5169 huiusmodi
1811 5111 2003 5189 mencionem,
2026 5119 2056 5173 et

545 5216 676 5289 qualibet
698 5217 757 5275 alia
780 5215 858 5274 dicte
881 5216 959 5275 sedis
984 5216 1170 5290 indulgencia
1192 5215 1321 5286 generali
1344 5216 1389 5274 vel
1413 5214 1543 5288 speciali,
1560 5213 1758 5286 cuiuscunque
1775 5217 1886 5275 tenoris
1902 5214 2057 5294 existat,¹)

548 5339 601 5394 per
635 5338 718 5394 rpuam
753 5321 940 5392 presentibus
974 5337 1030 5377 non
1066 5336 1234 5393 expressam
1268 5321 1313 5378 vel
1348 5320 1481 5378 totaliter
1503 5335 1560 5376 non
1584 5317 1723 5376 insertam
1746 5318 1867 5379 effeetus
1889 5320 2057 5382 huiusmodi

545 5433 645 5483 nostre
669 5425 767 5492 gremio
791 5424 925 5497 impediri
950 5425 1045 5482 valcat
1068 5425 1286 5496 quomodolibet
1309 5424 1353 5482 vel
1377 5423 1498 5496 differri,
1515 5429 1545 5480 et
1564 5422 1599 5481 de
1623 5440 1678 5495 (pua
1703 5423 1843 5497 cuiusque
1866 5429 1930 5483 toto
1953 5431 2057 5486 tenore

546 5529 678 5586 lustranda
712 5530 750 5585 sit
783 5529 811 5585 iu
848 5529 956 5586 ueretris
992 5528 1102 5585 litteris
1134 5530 1245 5586 rncncie
1278 5529 1424 5602 specialis,
1448 5534 1499 5585 aut
1525 5528 1549 5584 si
1580 5544 1703 5598 presens
1733 5546 1791 5586 non
1814 5527 1906 5587 fueris
1928 5530 1966 5589 ad
1990 5550 2057 5605 pre-

545 5634 678 5690 slamlum
703 5633 738 5689 de
763 5632 954 5690 olsmvrurdis
979 5632 1098 5689 atrrtutis
1122 5639 1151 5689 ot
1175 5633 1436 5691 consuetudinibus
1459 5633 1551 5705 ipsius
1576 5631 1699 5689 ecclesie
1716 5632 1834 5689 solitum
1849 5634 2055 5711 iuramentum,

545 5738 697 5795 ‹lurnrrmdo
734 5738 760 5794 in
797 5737 935 5794 aliserrcia
971 5744 1021 5793 tua
1055 5755 1106 5808 per
1139 5744 1360 5809 procuratorem
1392 5737 1529 5795 idoneum
1564 5741 1603 5809 et,
1638 5752 1701 5792 cum
1726 5735 1764 5793 ad
1787 5735 1940 5794 ecclesiam
1963 5738 2056 5812 ipsam
