5184 7050
553 828 616 897 tol

545 1036 667 1105 1460.
699 1036 844 1114 Amcsfo,
879 1033 1113 1118 archiepiscopo
1148 1034 1314 1114 Proerna,
1348 1030 1531 1109 mandatur,
1565 1032 1601 1092 of
1631 1026 1804 1094 Nicolaum
1829 1027 2010 1093 Laurentii
2030 1027 2067 1091 od

832 1138 956 1203 comam
978 1135 1211 1202 corrduccndum
1227 1133 1457 1215 familiaribus
1475 1154 1585 1217 papae
1607 1134 1759 1216 ossiprcct.

1321 1292 1418 1376 Apud
1448 1290 1687 1371 Viliamrrooam,
1713 1287 2027 1356 recensoribus.

648 1466 685 1533 V.
708 1466 730 1532 f.
753 1466 899 1545 Arncsto,
923 1465 1161 1548 archiepiscopo
1184 1465 1346 1548 Progensi,
1371 1483 1396 1529 s.
1414 1471 1473 1530 etc.
1499 1463 1579 1530 Cum
1601 1464 1755 1530 Nicolans
1778 1463 1971 1541 Laurencii,
1989 1464 2058 1527 ciris

544 1572 715 1653 Romanus,
738 1571 802 1653 qui,
826 1576 921 1653 prout
942 1571 1036 1650 nosti,
1058 1575 1191 1653 propter
1213 1569 1323 1649 multa,
1347 1588 1408 1651 que
1432 1576 1541 1635 contra
1564 1568 1752 1635 catholicam
1783 1569 1962 1634 veritatem
1997 1588 2059 1632 ero

546 1682 670 1742 mnerat
704 1674 904 1759 impudenter
938 1694 975 1739 ac
1010 1679 1140 1753 temere,
1174 1674 1236 1738 fuit
1269 1674 1309 1739 de
1338 1674 1444 1739 heresi
1467 1674 1705 1739 sentencialiter
1729 1673 2001 1756 condempnatus,
2025 1672 2057 1735 od

543 1784 653 1863 partes
675 1780 763 1863 ipsas
786 1779 844 1844 snb
868 1777 1066 1844 dissimulato
1090 1796 1125 1842 se
1147 1778 1259 1844 habitu
1283 1778 1480 1857 contulisset,
1505 1783 1541 1843 ut
1564 1778 1755 1861 sirrrplioium
1771 1783 1902 1842 mentes
1919 1778 2058 1858 nequicie

544 1886 591 1950 sic
614 1904 736 1950 veneno
758 1882 902 1948 inficeret
925 1889 957 1947 et
979 1902 998 1947 a
1020 1884 1072 1948 via
1095 1883 1270 1948 diverteret
1292 1884 1455 1948 veritatis:
1479 1884 1563 1948 iusto
1587 1883 1637 1947 dei
1660 1882 1781 1948 iudicio
1805 1886 1918 1946 acturn
1947 1888 2006 1960 est,
2028 1886 2056 1945 ut

544 1988 584 2055 ad
607 1994 649 2069 te,
673 1989 727 2072 qui
750 1987 853 2053 mellis
876 1986 1075 2053 dulcedinem
1098 1987 1137 2051 ab
1160 1987 1371 2052 amaritudine
1394 1987 1479 2051 fellis
1502 1989 1586 2052 nosti
1615 1987 1708 2069 plene
1739 1986 1943 2063 discernere,
1968 1985 2057 2050 ‹leeli-

543 2100 645 2161 naret
692 2093 791 2159 Cuius
821 2097 855 2157 tu
888 2091 1092 2173 operaciones
1122 2092 1181 2156 tibi
1212 2097 1303 2156 notas
1334 2090 1539 2156 considerans
1571 2096 1603 2155 et
1625 2091 1741 2155 timens
1763 2090 2000 2165 verisimiliter,
2024 2106 2056 2152 ne

543 2199 653 2282 peiora
676 2196 834 2279 prioribus
857 2196 1028 2261 novissima
1051 2214 1111 2260 sua
1134 2196 1247 2275 forent,
1271 2214 1343 2261 eura
1368 2196 1540 2278 prudenter
1562 2201 1595 2260 et
1618 2201 1710 2259 caute
1733 2195 1928 2259 carceribus
1948 2194 2055 2257 rnanoi·

543 2303 638 2386 pasti.
685 2303 734 2367 De
768 2319 830 2383 quo
864 2299 1014 2365 salvatori
1043 2304 1163 2379 nostro,
1187 2301 1241 2382 qui
1264 2300 1407 2365 eiusdem
1431 2300 1553 2365 Nicolai
1578 2299 1739 2381 iniquitati
1762 2316 1824 2381 per
1848 2298 2054 2363 ministerium

542 2413 633 2473 tnunr
654 2406 824 2471 terminum
846 2405 962 2486 posuit,
985 2404 1100 2470 landes
1123 2411 1156 2470 et
1178 2405 1303 2487 gracias
1332 2405 1510 2469 referentes
1543 2409 1576 2469 et
1607 2402 1680 2468 fidei
1711 2409 1767 2468 tue
1799 2402 1909 2468 zelum
1941 2403 2054 2468 meritis

543 2510 693 2577 laudibus
714 2513 953 2592 prosequentes,
975 2509 1210 2573 fraternitatem
1232 2514 1323 2574 tuam
1345 2527 1518 2589 monemus
1541 2507 1731 2592 requirimus
1751 2512 1786 2573 et
1800 2508 1983 2585 hortamur,
2006 2525 2054 2589 per

544 2614 718 2699 apostolica
750 2613 810 2679 tibi
845 2613 964 2696 scripta
998 2614 1194 2692 mandantes
1229 2619 1389 2695 qnatenus
1422 2612 1556 2677 eundem
1590 2612 1758 2678 Nicolaum
1793 2631 1822 2676 v.
1842 2597 1880 2677 f.
1911 2610 2052 2689 iohanni,

545 2719 695 2803 episcopo
725 2717 906 2800 Spoletano,
938 2722 971 2783 et
1001 2717 1052 2782 dd.
1085 2715 1116 2781 fi.
1148 2716 1285 2800 Rogen'o
1309 2718 1348 2781 de
1372 2716 1650 2795 Molendinonouo,
1675 2718 1830 2798 magistro
1856 2716 2000 2793 ostiario,
2021 2734 2051 2778 ac

543 2820 670 2905 Hugoni
704 2821 744 2886 de
778 2819 934 2899 Oarlucio,
965 2820 1175 2887 familiaribus
1204 2823 1333 2900 nostris,
1366 2821 1596 2887 exhibitoribus
1618 2822 1834 2905 presencium,
1860 2839 1943 2903 quos
1966 2819 2050 2883 adte

543 2926 707 3011 signanter
727 2930 899 3009 propterea
921 2925 1086 3005 mittimus,
1110 2925 1347 2992 conducendum
1371 2945 1429 3008 per
1451 2945 1506 2991 eos
1529 2926 1569 2990 ad
1592 2944 1651 2989 nos
1673 2926 1741 2990 sine
1766 2923 1964 2989 difficultate
1984 2941 2049 3006 qua·

543 3030 622 3096 libet
654 3032 819 3113 assignare
852 3047 1013 3112 procures.
1060 3031 1109 3095 De
1143 3032 1232 3095 cuius
1266 3031 1488 3113 assignocione
1523 3031 1584 3096 duo
1616 3027 1727 3095 confici
1750 3028 1856 3094 facias
1880 3026 2046 3093 consimilia

543 3134 672 3218 publica
705 3135 925 3210 instrumenta,
961 3152 1094 3216 quornm
1126 3153 1223 3199 unum
1256 3135 1348 3200 nobis
1382 3134 1557 3217 evestigio
1580 3135 1707 3198 mittere
1730 3133 1879 3213 studeas,
1903 3150 2000 3216 penes
2019 3137 2045 3195 te

542 3240 664 3323 reliquo
693 3242 888 3305 remanente.
935 3240 974 3303 l).
1004 3239 1089 3321 apud
1112 3238 1356 3319 Villamnouanr,
1380 3240 1418 3303 A.
1442 3238 1482 3318 d,
1505 3239 1603 3305 Vllll
1632 3237 1696 3303 kal.
1720 3236 1844 3319 Aprilis
1869 3255 1898 3302 a.
1922 3235 2042 3301 decimo.

649 3426 798 3484 clementis
816 3426 854 3481 Vl
878 3427 910 3483 V.
937 3432 986 3481 145
1011 3431 1090 3498 (secr.
1110 3443 1134 3483 a
1153 3429 1190 3496 X)
1208 3427 1228 3482 f.
1247 3433 1305 3484 20⁷.

1192 3640 1399 3650 ..υ-.-

543 3895 664 3964 1461.
699 3893 841 3972 Carolus,
875 3917 932 3962 res
967 3899 1189 3977 liomanorum,
1224 3902 1366 3979 rogator,
1399 3903 1554 3982 quatenos
1583 3918 1710 3982 oporam
1740 3896 1804 3976 def,
1827 3901 1866 3960 at
1889 3897 2043 3972 Arcesius,

543 3998 798 4083 archiepiscopos
821 4001 1005 4083 Propensis,
1028 4000 1197 4066 ltlr'colaum
1220 4003 1389 4067 Laurentii
1410 4003 1454 4068 ad
1482 4004 1607 4068 coriam
1639 4001 1876 4067 coodoccrulum
1903 3998 2042 4082 famdio·

1105 4106 1191 4170 ribos
1211 4127 1319 4190 papas
1341 4108 1490 4189 assiprrci.

1314 4245 1412 4330 Apud
1441 4245 1680 4324 Villomnooom,
1704 4247 1792 4310 1352
1814 4245 1937 4311 Martii
1958 4248 2007 4310 24.

646 4414 681 4481 Ο.
706 4417 738 4481 ἰιι
762 4414 819 4483 Ch.
841 4416 864 4482 f.
888 4418 1016 4497 Karolo,
1039 4420 1106 4502 regi
1129 4418 1341 4485 Rornanorum
1364 4420 1490 4501 illustri,
1515 4440 1539 4485 s.
1564 4425 1624 4486 etc.
1649 4417 1728 4486 Cum
1752 4440 1780 4485 v.
1804 4418 1827 4484 f.
1853 4438 1884 4485 n.
1905 4422 2040 4494 Amesto,

544 4519 781 4602 archiepiscopo
804 4521 966 4604 Pragensi,
990 4515 1101 4587 demus
1123 4541 1181 4605 per
1203 4523 1281 4589 alias
1305 4531 1431 4589 nostras
1446 4525 1571 4589 litteras
1587 4526 1619 4589 in
1634 4523 1803 4604 mandatis,
1825 4531 1864 4590 ut
1886 4524 2041 4590 Nicolaum

545 4624 724 4703 Laureneii,
756 4625 856 4688 cirenr
886 4625 1071 4706 Romanurn,
1106 4627 1145 4692 de
1179 4627 1285 4693 heresi
1321 4630 1593 4710 conderrrpnatum,
1616 4649 1646 4694 v.
1669 4630 1691 4694 f.
1714 4628 1866 4708 iohanni,
1903 4630 2041 4710 episcopo

544 4727 727 4809 Spoletnno,
752 4733 785 4792 ot
807 4728 858 4792 dd.
882 4729 913 4794 ff.
937 4729 1073 4812 Rogerio
1097 4731 1136 4795 de
1160 4732 1437 4811 Melendirronouo,
1460 4734 1612 4815 magistro
1636 4734 1777 4811 ostiario,
1801 4738 1838 4798 et
1861 4733 1988 4817 Hugoni
2009 4730 2041 4794 ds

545 4831 701 4910 Oarluoio,
737 4832 947 4898 familiaribus
981 4836 1109 4913 nostris,
1143 4835 1297 4900 latoribus
1330 4838 1540 4918 presencium,
1575 4836 1811 4901 conducendum
1837 4839 1880 4903 ed
1903 4857 1962 4901 nos
1983 4836 2040 4900 sine

543 4935 732 5001 difficultate
755 4935 863 5019 aliqua
885 4939 1015 5003 studeat
1037 4941 1217 5022 assignare:
1242 4942 1447 5006 serenitatem
1470 4946 1557 5005 trrarn
1574 4946 1698 5006 attente
1716 4959 1879 5024 rogamus,
1895 4951 2040 5024 quatenus

542 5039 627 5122 aprud
649 5039 785 5105 eundern
808 5041 1094 5125 archiepiscopum,
1117 5045 1201 5125 quod
1225 5045 1382 5109 mandatis
1405 5047 1523 5110 nestris
1553 5046 1585 5109 in
1616 5045 1676 5110 hac
1706 5051 1799 5128 parte
1832 5066 1905 5112 cum
1937 5045 2039 5111 efferte

542 5149 664 5312 pangat,
699 5143 754 5208 det
783 5163 910 5228 operam
934 5147 1102 5212 efficacem.
1151 5149 1188 5212 D.
1214 5149 1298 5230 apud
1322 5149 1563 5228 Vilfernnouanr,
1587 5148 1624 5213 Α.
1650 5148 1813 5227 d.,V1111
1840 5149 1907 5218 kal.
1932 5150 2039 5233 Aprilis

543 5267 571 5313 a.
617 5266 726 5312 ecrnro.

648 5383 795 5440 Clementis
814 5383 853 5438 v1
873 5384 903 5438 V.
924 5390 972 5438 llo
991 5389 1071 5451 (secr.
1090 5402 1114 5440 a.
1133 5385 1170 5452 X)
1187 5385 1205 5440 f.
1225 5386 1292 5441 207¹.
