<?xml version="1.0" encoding="UTF-8"?>
<!DOCTYPE html PUBLIC "-//W3C//DTD XHTML 1.0 Transitional//EN"
    "http://www.w3.org/TR/xhtml1/DTD/xhtml1-transitional.dtd">
<html xmlns="http://www.w3.org/1999/xhtml" xml:lang="en" lang="en">
 <head>
  <title>
</title>
<meta http-equiv="Content-Type" content="text/html;charset=utf-8" />
  <meta name='ocr-system' content='tesseract 3.04.00' />
  <meta name='ocr-capabilities' content='ocr_page ocr_carea ocr_par ocr_line ocrx_word'/>
</head>
<body>
  <div class='ocr_page' id='page_1' title='image "./monumentavatica01vatigoog_0666.png"; bbox 0 0 5184 7050; ppageno 0'>
   <div class='ocr_carea' id='block_1_1' title="bbox 544 752 606 834">
    <p class='ocr_par' dir='ltr' id='par_1_1' title="bbox 544 752 606 834">
     <span class='ocr_line' id='line_1_1' title="bbox 544 752 606 834; baseline -0.016 0"><span class='ocrx_word' id='word_1_1' title='bbox 544 752 606 834; x_wconf 76' lang='lat' dir='ltr'><strong>cri</strong></span> 
     </span>
    </p>
   </div>
   <div class='ocr_carea' id='block_1_2' title="bbox 542 976 2050 1480">
    <p class='ocr_par' dir='ltr' id='par_1_2' title="bbox 542 976 2050 1268">
     <span class='ocr_line' id='line_1_2' title="bbox 543 976 2050 1062; baseline -0.001 -20"><span class='ocrx_word' id='word_1_2' title='bbox 543 976 644 1042; x_wconf 89' lang='lat' dir='ltr'><strong>altare</strong></span> <span class='ocrx_word' id='word_1_3' title='bbox 667 981 701 1041; x_wconf 90' lang='lat' dir='ltr'><strong>et</strong></span> <span class='ocrx_word' id='word_1_4' title='bbox 723 976 875 1042; x_wconf 78' lang='lat' dir='ltr'><strong>vicariam</strong></span> <span class='ocrx_word' id='word_1_5' title='bbox 898 977 1039 1043; x_wconf 91' lang='lat' dir='ltr'><strong>noscitur</strong></span> <span class='ocrx_word' id='word_1_6' title='bbox 1061 978 1215 1057; x_wconf 90' lang='lat' dir='ltr'><strong>obtinere,</strong></span> <span class='ocrx_word' id='word_1_7' title='bbox 1239 978 1349 1044; x_wconf 90' lang='lat' dir='ltr'><strong>habita</strong></span> <span class='ocrx_word' id='word_1_8' title='bbox 1372 976 1518 1062; x_wconf 87' lang='lat' dir='ltr'><strong>[euim]·)</strong></span> <span class='ocrx_word' id='word_1_9' title='bbox 1542 977 1674 1060; x_wconf 89' lang='lat' dir='ltr'><strong>pacifica</strong></span> <span class='ocrx_word' id='word_1_10' title='bbox 1697 978 1911 1043; x_wconf 74' lang='lat' dir='ltr'><strong>canonicatus</strong></span> <span class='ocrx_word' id='word_1_11' title='bbox 1934 982 1968 1041; x_wconf 93' lang='lat' dir='ltr'><strong>et</strong></span> <span class='ocrx_word' id='word_1_12' title='bbox 1989 995 2050 1058; x_wconf 81' lang='lat' dir='ltr'><strong>pre·</strong></span> 
     </span>
     <span class='ocr_line' id='line_1_3' title="bbox 542 1078 2049 1166; baseline 0 -19"><span class='ocrx_word' id='word_1_13' title='bbox 542 1081 647 1147; x_wconf 91' lang='lat' dir='ltr'><strong>beude</strong></span> <span class='ocrx_word' id='word_1_14' title='bbox 679 1083 882 1164; x_wconf 80' lang='lat' dir='ltr'><strong>possessione</strong></span> <span class='ocrx_word' id='word_1_15' title='bbox 916 1089 1046 1165; x_wconf 88' lang='lat' dir='ltr'><strong>paratus</strong></span> <span class='ocrx_word' id='word_1_16' title='bbox 1069 1087 1121 1147; x_wconf 90' lang='lat' dir='ltr'><strong>est</strong></span> <span class='ocrx_word' id='word_1_17' title='bbox 1143 1078 1329 1166; x_wconf 69' lang='lat' dir='ltr'><strong>vicariamb)</strong></span> <span class='ocrx_word' id='word_1_18' title='bbox 1364 1084 1537 1166; x_wconf 77' lang='lat' dir='ltr'><strong>resignare,</strong></span> <span class='ocrx_word' id='word_1_19' title='bbox 1568 1088 1601 1149; x_wconf 88' lang='lat' dir='ltr'><strong>et</strong></span> <span class='ocrx_word' id='word_1_20' title='bbox 1631 1102 1702 1148; x_wconf 91' lang='lat' dir='ltr'><strong>cum</strong></span> <span class='ocrx_word' id='word_1_21' title='bbox 1728 1082 1881 1149; x_wconf 88' lang='lat' dir='ltr'><strong>omnibus</strong></span> <span class='ocrx_word' id='word_1_22' title='bbox 1905 1082 1979 1147; x_wconf 88' lang='lat' dir='ltr'><strong>aliis</strong></span> <span class='ocrx_word' id='word_1_23' title='bbox 1998 1103 2049 1147; x_wconf 90' lang='lat' dir='ltr'><strong>nou</strong></span> 
     </span>
     <span class='ocr_line' id='line_1_4' title="bbox 543 1185 1710 1268; baseline 0 -16"><span class='ocrx_word' id='word_1_24' title='bbox 543 1185 744 1252; x_wconf 79' lang='lat' dir='ltr'><strong>obstantibus</strong></span> <span class='ocrx_word' id='word_1_25' title='bbox 767 1193 800 1251; x_wconf 89' lang='lat' dir='ltr'><strong>et</strong></span> <span class='ocrx_word' id='word_1_26' title='bbox 823 1186 974 1252; x_wconf 85' lang='lat' dir='ltr'><strong>clausulis</strong></span> <span class='ocrx_word' id='word_1_27' title='bbox 997 1187 1163 1268; x_wconf 87' lang='lat' dir='ltr'><strong>oportunis</strong></span> <span class='ocrx_word' id='word_1_28' title='bbox 1185 1191 1219 1251; x_wconf 90' lang='lat' dir='ltr'><strong>et</strong></span> <span class='ocrx_word' id='word_1_29' title='bbox 1241 1187 1464 1251; x_wconf 84' lang='lat' dir='ltr'><strong>executoribus</strong></span> <span class='ocrx_word' id='word_1_30' title='bbox 1488 1191 1523 1251; x_wconf 91' lang='lat' dir='ltr'><strong>ut</strong></span> <span class='ocrx_word' id='word_1_31' title='bbox 1546 1186 1710 1252; x_wconf 83' lang='lat' dir='ltr'><strong>informa</strong></span> 
     </span>
    </p>

    <p class='ocr_par' dir='ltr' id='par_1_3' title="bbox 544 1290 2050 1480">
     <span class='ocr_line' id='line_1_5' title="bbox 647 1290 2050 1375; baseline 0.001 -19"><span class='ocrx_word' id='word_1_32' title='bbox 647 1291 721 1356; x_wconf 86' lang='lat' dir='ltr'><strong>Fiat</strong></span> <span class='ocrx_word' id='word_1_33' title='bbox 742 1290 780 1356; x_wconf 87' lang='lat' dir='ltr'><strong>R.</strong></span> <span class='ocrx_word' id='word_1_34' title='bbox 803 1292 848 1356; x_wconf 87' lang='lat' dir='ltr'><strong>Et</strong></span> <span class='ocrx_word' id='word_1_35' title='bbox 870 1310 899 1372; x_wconf 89' lang='lat' dir='ltr'><strong>q.</strong></span> <span class='ocrx_word' id='word_1_36' title='bbox 923 1296 946 1355; x_wconf 91' lang='lat' dir='ltr'><strong>t.</strong></span> <span class='ocrx_word' id='word_1_37' title='bbox 970 1309 995 1355; x_wconf 91' lang='lat' dir='ltr'><strong>s.</strong></span> <span class='ocrx_word' id='word_1_38' title='bbox 1019 1310 1046 1356; x_wconf 90' lang='lat' dir='ltr'><strong>a.</strong></span> <span class='ocrx_word' id='word_1_39' title='bbox 1070 1291 1102 1370; x_wconf 91' lang='lat' dir='ltr'><strong>l.,</strong></span> <span class='ocrx_word' id='word_1_40' title='bbox 1127 1296 1160 1355; x_wconf 91' lang='lat' dir='ltr'><strong>et</strong></span> <span class='ocrx_word' id='word_1_41' title='bbox 1181 1292 1315 1356; x_wconf 88' lang='lat' dir='ltr'><strong>remisso</strong></span> <span class='ocrx_word' id='word_1_42' title='bbox 1338 1293 1483 1357; x_wconf 85' lang='lat' dir='ltr'><strong>examine</strong></span> <span class='ocrx_word' id='word_1_43' title='bbox 1511 1292 1683 1375; x_wconf 82' lang='lat' dir='ltr'><strong>adportes</strong></span> <span class='ocrx_word' id='word_1_44' title='bbox 1706 1292 1759 1358; x_wconf 90' lang='lat' dir='ltr'><strong>vel</strong></span> <span class='ocrx_word' id='word_1_45' title='bbox 1781 1292 1917 1374; x_wconf 86' lang='lat' dir='ltr'><strong>penitus</strong></span> <span class='ocrx_word' id='word_1_46' title='bbox 1941 1293 2050 1358; x_wconf 79' lang='lat' dir='ltr'><strong>indulto</strong></span> 
     </span>
     <span class='ocr_line' id='line_1_6' title="bbox 544 1395 1867 1480; baseline 0 -18"><span class='ocrx_word' id='word_1_47' title='bbox 544 1397 585 1462; x_wconf 93' lang='lat' dir='ltr'><strong>de</strong></span> <span class='ocrx_word' id='word_1_48' title='bbox 608 1397 715 1480; x_wconf 82' lang='lat' dir='ltr'><strong>gracia</strong></span> <span class='ocrx_word' id='word_1_49' title='bbox 737 1395 878 1479; x_wconf 87' lang='lat' dir='ltr'><strong>speciali.</strong></span> <span class='ocrx_word' id='word_1_50' title='bbox 903 1395 975 1460; x_wconf 87' lang='lat' dir='ltr'><strong>Fiat</strong></span> <span class='ocrx_word' id='word_1_51' title='bbox 997 1395 1034 1460; x_wconf 86' lang='lat' dir='ltr'><strong>R.</strong></span> <span class='ocrx_word' id='word_1_52' title='bbox 1063 1397 1100 1461; x_wconf 89' lang='lat' dir='ltr'><strong>D.</strong></span> <span class='ocrx_word' id='word_1_53' title='bbox 1125 1396 1283 1461; x_wconf 85' lang='lat' dir='ltr'><strong>Aninione</strong></span> <span class='ocrx_word' id='word_1_54' title='bbox 1305 1395 1357 1461; x_wconf 90' lang='lat' dir='ltr'><strong>Ill</strong></span> <span class='ocrx_word' id='word_1_55' title='bbox 1378 1414 1450 1461; x_wconf 92' lang='lat' dir='ltr'><strong>nou.</strong></span> <span class='ocrx_word' id='word_1_56' title='bbox 1475 1397 1662 1462; x_wconf 90' lang='lat' dir='ltr'><strong>Novembris</strong></span> <span class='ocrx_word' id='word_1_57' title='bbox 1685 1417 1713 1462; x_wconf 90' lang='lat' dir='ltr'><strong>a.</strong></span> <span class='ocrx_word' id='word_1_58' title='bbox 1738 1403 1867 1464; x_wconf 82' lang='lat' dir='ltr'><strong>octavo.</strong></span> 
     </span>
    </p>
   </div>
   <div class='ocr_carea' id='block_1_3' title="bbox 648 1566 2051 1639">
    <p class='ocr_par' dir='ltr' id='par_1_4' title="bbox 648 1566 2051 1639">
     <span class='ocr_line' id='line_1_7' title="bbox 648 1566 2051 1639; baseline -0.001 -17"><span class='ocrx_word' id='word_1_59' title='bbox 648 1568 798 1623; x_wconf 82' lang='lat' dir='ltr'><strong>Clementis</strong></span> <span class='ocrx_word' id='word_1_60' title='bbox 815 1567 854 1622; x_wconf 91' lang='lat' dir='ltr'><strong>Vl</strong></span> <span class='ocrx_word' id='word_1_61' title='bbox 871 1569 897 1624; x_wconf 87' lang='lat' dir='ltr'><strong>S.</strong></span> <span class='ocrx_word' id='word_1_62' title='bbox 917 1567 1006 1637; x_wconf 79' lang='lat' dir='ltr'><strong>Vlllll</strong></span> <span class='ocrx_word' id='word_1_63' title='bbox 1029 1570 1085 1634; x_wconf 84' lang='lat'>(18)</span> <span class='ocrx_word' id='word_1_64' title='bbox 1103 1566 1121 1621; x_wconf 87' lang='lat' dir='ltr'><strong>f.</strong></span> <span class='ocrx_word' id='word_1_65' title='bbox 1141 1569 1192 1620; x_wconf 79' lang='lat'><strong>68&#39;.</strong></span> <span class='ocrx_word' id='word_1_66' title='bbox 1212 1598 1244 1607; x_wconf 94' lang='lat'><em>-</em></span> <span class='ocrx_word' id='word_1_67' title='bbox 1272 1568 1295 1631; x_wconf 69' lang='grc' dir='ltr'><strong>ι)</strong></span> <span class='ocrx_word' id='word_1_68' title='bbox 1315 1567 1394 1622; x_wconf 84' lang='lat' dir='ltr'><strong>deest</strong></span> <span class='ocrx_word' id='word_1_69' title='bbox 1418 1570 1446 1622; x_wconf 94' lang='lat' dir='ltr'><strong>in</strong></span> <span class='ocrx_word' id='word_1_70' title='bbox 1471 1569 1506 1635; x_wconf 77' lang='lat' dir='ltr'><strong>S,</strong></span> <span class='ocrx_word' id='word_1_71' title='bbox 1532 1569 1621 1639; x_wconf 86' lang='lat' dir='ltr'><strong>suppl.</strong></span> <span class='ocrx_word' id='word_1_72' title='bbox 1646 1570 1681 1625; x_wconf 93' lang='lat' dir='ltr'><strong>ab</strong></span> <span class='ocrx_word' id='word_1_73' title='bbox 1703 1569 1820 1625; x_wconf 84' lang='lat' dir='ltr'><strong>editore.</strong></span> <span class='ocrx_word' id='word_1_74' title='bbox 1852 1570 1877 1635; x_wconf 79' lang='lat' dir='ltr'><strong>b)</strong></span> <span class='ocrx_word' id='word_1_75' title='bbox 1896 1570 2013 1638; x_wconf 83' lang='lat' dir='ltr'><strong>,vicaria‘</strong></span> <span class='ocrx_word' id='word_1_76' title='bbox 2029 1570 2051 1622; x_wconf 84' lang='lat' dir='ltr'><strong>S.</strong></span> 
     </span>
    </p>
   </div>
   <div class='ocr_carea' id='block_1_4' title="bbox 1193 1764 1399 1773">
    <p class='ocr_par' dir='ltr' id='par_1_5' title="bbox 1193 1764 1399 1773">
     <span class='ocr_line' id='line_1_8' title="bbox 1193 1764 1399 1773; baseline 0 -1"><span class='ocrx_word' id='word_1_77' title='bbox 1193 1764 1399 1773; x_wconf 71' lang='lat'>———-——-</span> 
     </span>
    </p>
   </div>
   <div class='ocr_carea' id='block_1_5' title="bbox 543 1916 2054 2716">
    <p class='ocr_par' dir='ltr' id='par_1_6' title="bbox 543 1916 2054 2716">
     <span class='ocr_line' id='line_1_9' title="bbox 543 1916 2049 2006; baseline -0.001 -19"><span class='ocrx_word' id='word_1_78' title='bbox 543 1919 665 1988; x_wconf 84' lang='lat'><strong><em>1189.</em></strong></span> <span class='ocrx_word' id='word_1_79' title='bbox 686 1916 838 1998; x_wconf 81' lang='lat' dir='ltr'><strong>Jodanni,</strong></span> <span class='ocrx_word' id='word_1_80' title='bbox 855 1923 929 1982; x_wconf 90' lang='lat' dir='ltr'><strong>nato</strong></span> <span class='ocrx_word' id='word_1_81' title='bbox 944 1917 1103 2000; x_wconf 77' lang='lat' dir='ltr'><strong>quondam</strong></span> <span class='ocrx_word' id='word_1_82' title='bbox 1121 1916 1259 1984; x_wconf 79' lang='lat' dir='ltr'><strong>Conradi</strong></span> <span class='ocrx_word' id='word_1_83' title='bbox 1280 1919 1319 1983; x_wconf 88' lang='lat' dir='ltr'><strong>de</strong></span> <span class='ocrx_word' id='word_1_84' title='bbox 1346 1919 1495 1999; x_wconf 86' lang='lat' dir='ltr'><strong>Wansou,</strong></span> <span class='ocrx_word' id='word_1_85' title='bbox 1512 1920 1700 2004; x_wconf 81' lang='lat' dir='ltr'><strong>providetur</strong></span> <span class='ocrx_word' id='word_1_86' title='bbox 1722 1921 1768 1986; x_wconf 90' lang='lat' dir='ltr'><strong>ad</strong></span> <span class='ocrx_word' id='word_1_87' title='bbox 1790 1921 2049 2006; x_wconf 73' lang='lat' dir='ltr'><strong>supplicationem</strong></span> 
     </span>
     <span class='ocr_line' id='line_1_10' title="bbox 546 2022 2051 2115; baseline 0.001 -25"><span class='ocrx_word' id='word_1_88' title='bbox 546 2022 662 2102; x_wconf 82' lang='lat' dir='ltr'><strong>Caroli,</strong></span> <span class='ocrx_word' id='word_1_89' title='bbox 685 2023 769 2105; x_wconf 82' lang='lat' dir='ltr'><strong>repis</strong></span> <span class='ocrx_word' id='word_1_90' title='bbox 792 2025 1005 2115; x_wconf 69' lang='lat' dir='ltr'><strong>Romanorumn</strong></span> <span class='ocrx_word' id='word_1_91' title='bbox 1028 2026 1058 2086; x_wconf 87' lang='lat' dir='ltr'><strong>ct</strong></span> <span class='ocrx_word' id='word_1_92' title='bbox 1080 2022 1259 2102; x_wconf 77' lang='lat' dir='ltr'><strong>Boiacmiae,</strong></span> <span class='ocrx_word' id='word_1_93' title='bbox 1282 2023 1321 2087; x_wconf 88' lang='lat' dir='ltr'><strong>de</strong></span> <span class='ocrx_word' id='word_1_94' title='bbox 1343 2022 1533 2087; x_wconf 80' lang='lat' dir='ltr'><strong>canonicatu</strong></span> <span class='ocrx_word' id='word_1_95' title='bbox 1555 2024 1704 2089; x_wconf 85' lang='lat' dir='ltr'><strong>ecciesiae</strong></span> <span class='ocrx_word' id='word_1_96' title='bbox 1721 2025 1990 2091; x_wconf 81' lang='lat' dir='ltr'><strong>Vratisiaeiensis</strong></span> <span class='ocrx_word' id='word_1_97' title='bbox 2002 2025 2051 2091; x_wconf 82' lang='lat' dir='ltr'><strong>sad</strong></span> 
     </span>
     <span class='ocr_line' id='line_1_11' title="bbox 545 2127 2050 2212; baseline 0.001 -19"><span class='ocrx_word' id='word_1_98' title='bbox 545 2129 759 2212; x_wconf 70' lang='lat' dir='ltr'><strong>expectatione</strong></span> <span class='ocrx_word' id='word_1_99' title='bbox 787 2127 996 2211; x_wconf 82' lang='lat' dir='ltr'><strong>praebendae,</strong></span> <span class='ocrx_word' id='word_1_100' title='bbox 1031 2146 1093 2191; x_wconf 88' lang='lat' dir='ltr'><strong>non</strong></span> <span class='ocrx_word' id='word_1_101' title='bbox 1125 2127 1268 2191; x_wconf 86' lang='lat' dir='ltr'><strong>obstante</strong></span> <span class='ocrx_word' id='word_1_102' title='bbox 1295 2131 1333 2191; x_wconf 83' lang='lat' dir='ltr'><strong>ut</strong></span> <span class='ocrx_word' id='word_1_103' title='bbox 1361 2127 1397 2193; x_wconf 85' lang='lat' dir='ltr'><strong>in</strong></span> <span class='ocrx_word' id='word_1_104' title='bbox 1418 2149 1449 2194; x_wconf 90' lang='lat' dir='ltr'><strong>n.</strong></span> <span class='ocrx_word' id='word_1_105' title='bbox 1474 2130 1567 2208; x_wconf 78' lang='grc'><em>1188,</em></span> <span class='ocrx_word' id='word_1_106' title='bbox 1590 2129 1652 2194; x_wconf 81' lang='lat' dir='ltr'><strong>bac</strong></span> <span class='ocrx_word' id='word_1_107' title='bbox 1673 2133 1782 2194; x_wconf 88' lang='lat' dir='ltr'><strong>tamen</strong></span> <span class='ocrx_word' id='word_1_108' title='bbox 1804 2130 1993 2207; x_wconf 79' lang='lat' dir='ltr'><strong>conditione,</strong></span> <span class='ocrx_word' id='word_1_109' title='bbox 2012 2136 2050 2203; x_wconf 78' lang='lat' dir='ltr'><strong>ar,</strong></span> 
     </span>
     <span class='ocr_line' id='line_1_12' title="bbox 544 2230 2051 2316; baseline 0.003 -21"><span class='ocrx_word' id='word_1_110' title='bbox 544 2233 780 2316; x_wconf 77' lang='lat' dir='ltr'><strong>quamprimum</strong></span> <span class='ocrx_word' id='word_1_111' title='bbox 800 2233 904 2313; x_wconf 80' lang='lat' dir='ltr'><strong>ripere</strong></span> <span class='ocrx_word' id='word_1_112' title='bbox 921 2230 1140 2315; x_wconf 70' lang='lat' dir='ltr'><strong>praesentium</strong></span> <span class='ocrx_word' id='word_1_113' title='bbox 1158 2231 1338 2295; x_wconf 77' lang='lat' dir='ltr'><strong>inuiucmodi</strong></span> <span class='ocrx_word' id='word_1_114' title='bbox 1354 2231 1571 2315; x_wconf 79' lang='lat' dir='ltr'><strong>praebendam</strong></span> <span class='ocrx_word' id='word_1_115' title='bbox 1586 2235 1694 2312; x_wconf 81' lang='lat' dir='ltr'><strong>fuerit</strong></span> <span class='ocrx_word' id='word_1_116' title='bbox 1708 2239 1888 2313; x_wconf 73' lang='lat' dir='ltr'><strong>cesenam,</strong></span> <span class='ocrx_word' id='word_1_117' title='bbox 1903 2236 2051 2301; x_wconf 82' lang='lat' dir='ltr'><strong>vicariam</strong></span> 
     </span>
     <span class='ocr_line' id='line_1_13' title="bbox 548 2336 2053 2418; baseline 0.003 -17"><span class='ocrx_word' id='word_1_118' title='bbox 548 2339 582 2402; x_wconf 85' lang='lat' dir='ltr'><strong>in</strong></span> <span class='ocrx_word' id='word_1_119' title='bbox 604 2337 713 2401; x_wconf 86' lang='lat' dir='ltr'><strong>eadem</strong></span> <span class='ocrx_word' id='word_1_120' title='bbox 735 2336 876 2412; x_wconf 80' lang='lat' dir='ltr'><strong>eccles-ia,</strong></span> <span class='ocrx_word' id='word_1_121' title='bbox 900 2356 981 2418; x_wconf 79' lang='lat' dir='ltr'><strong>puae</strong></span> <span class='ocrx_word' id='word_1_122' title='bbox 1003 2341 1116 2400; x_wconf 80' lang='lat' dir='ltr'><strong>catuna</strong></span> <span class='ocrx_word' id='word_1_123' title='bbox 1145 2357 1262 2401; x_wconf 87' lang='lat' dir='ltr'><strong>vacare</strong></span> <span class='ocrx_word' id='word_1_124' title='bbox 1277 2336 1464 2416; x_wconf 78' lang='lat' dir='ltr'><strong>decernitur,</strong></span> <span class='ocrx_word' id='word_1_125' title='bbox 1480 2338 1638 2403; x_wconf 87' lang='lat' dir='ltr'><strong>dimittere</strong></span> <span class='ocrx_word' id='word_1_126' title='bbox 1652 2343 1808 2404; x_wconf 77' lang='lat' dir='ltr'><strong>teneatur.</strong></span> <span class='ocrx_word' id='word_1_127' title='bbox 1835 2341 1891 2414; x_wconf 91' lang='lat' dir='ltr'><strong>,D.</strong></span> <span class='ocrx_word' id='word_1_128' title='bbox 1907 2341 2053 2405; x_wconf 77' lang='lat' dir='ltr'><strong>Aminiam</strong></span> 
     </span>
     <span class='ocr_line' id='line_1_14' title="bbox 549 2440 2054 2524; baseline 0.001 -18"><span class='ocrx_word' id='word_1_129' title='bbox 549 2443 610 2507; x_wconf 88' lang='lat' dir='ltr'><strong>III</strong></span> <span class='ocrx_word' id='word_1_130' title='bbox 627 2461 697 2507; x_wconf 89' lang='lat' dir='ltr'><strong>non.</strong></span> <span class='ocrx_word' id='word_1_131' title='bbox 715 2440 899 2505; x_wconf 72' lang='lat' dir='ltr'><strong>Nouembris</strong></span> <span class='ocrx_word' id='word_1_132' title='bbox 920 2463 950 2505; x_wconf 86' lang='lat' dir='ltr'><strong>a.</strong></span> <span class='ocrx_word' id='word_1_133' title='bbox 967 2442 1096 2506; x_wconf 63' lang='lat' dir='ltr'><strong>octauo}</strong></span> <span class='ocrx_word' id='word_1_134' title='bbox 1111 2478 1153 2488; x_wconf 96' lang='lat'>-</span> <span class='ocrx_word' id='word_1_135' title='bbox 1170 2444 1210 2505; x_wconf 85' lang='lat' dir='ltr'><strong>In</strong></span> <span class='ocrx_word' id='word_1_136' title='bbox 1231 2464 1256 2505; x_wconf 92' lang='lat' dir='ltr'><strong>e.</strong></span> <span class='ocrx_word' id='word_1_137' title='bbox 1273 2462 1313 2505; x_wconf 88' lang='lat' dir='ltr'><strong>m.</strong></span> <span class='ocrx_word' id='word_1_138' title='bbox 1329 2442 1473 2524; x_wconf 86' lang='lat' dir='ltr'><strong>episcopo</strong></span> <span class='ocrx_word' id='word_1_139' title='bbox 1491 2442 1669 2507; x_wconf 84' lang='lat' dir='ltr'><strong>Lubucensi</strong></span> <span class='ocrx_word' id='word_1_140' title='bbox 1690 2447 1720 2507; x_wconf 87' lang='lat' dir='ltr'><strong>et</strong></span> <span class='ocrx_word' id='word_1_141' title='bbox 1744 2443 1859 2508; x_wconf 85' lang='lat' dir='ltr'><strong>abbati</strong></span> <span class='ocrx_word' id='word_1_142' title='bbox 1880 2448 2054 2510; x_wconf 72' lang='lat' dir='ltr'><strong>amanda-ii</strong></span> 
     </span>
     <span class='ocr_line' id='line_1_15' title="bbox 547 2545 2050 2627; baseline 0.003 -18"><span class='ocrx_word' id='word_1_143' title='bbox 547 2545 658 2611; x_wconf 87' lang='lat' dir='ltr'><strong>beatae</strong></span> <span class='ocrx_word' id='word_1_144' title='bbox 673 2545 803 2612; x_wconf 74' lang='lat' dir='ltr'><strong>Mariae</strong></span> <span class='ocrx_word' id='word_1_145' title='bbox 825 2545 967 2627; x_wconf 82' lang='lat' dir='ltr'><strong>Virpinis</strong></span> <span class='ocrx_word' id='word_1_146' title='bbox 990 2550 1082 2610; x_wconf 77' lang='lat' dir='ltr'><strong>entra</strong></span> <span class='ocrx_word' id='word_1_147' title='bbox 1105 2565 1211 2610; x_wconf 70' lang='lat' dir='ltr'><strong>neuros</strong></span> <span class='ocrx_word' id='word_1_148' title='bbox 1233 2545 1493 2611; x_wconf 83' lang='lat' dir='ltr'><strong>Vratistacienscs</strong></span> <span class='ocrx_word' id='word_1_149' title='bbox 1517 2566 1555 2611; x_wconf 88' lang='lat' dir='ltr'><strong>ac</strong></span> <span class='ocrx_word' id='word_1_150' title='bbox 1576 2547 1734 2612; x_wconf 79' lang='lat' dir='ltr'><strong>sacristae</strong></span> <span class='ocrx_word' id='word_1_151' title='bbox 1747 2548 1911 2614; x_wconf 71' lang='lat' dir='ltr'><strong>‘aetesiae</strong></span> <span class='ocrx_word' id='word_1_152' title='bbox 1933 2549 2050 2614; x_wconf 68' lang='lat' dir='ltr'><strong>Aninio</strong></span> 
     </span>
     <span class='ocr_line' id='line_1_16' title="bbox 1051 2650 1551 2716; baseline 0.002 -2"><span class='ocrx_word' id='word_1_153' title='bbox 1051 2651 1166 2716; x_wconf 85' lang='lat' dir='ltr'><strong>nensis.</strong></span> <span class='ocrx_word' id='word_1_154' title='bbox 1213 2652 1328 2715; x_wconf 85' lang='lat' dir='ltr'><strong>Forma</strong></span> <span class='ocrx_word' id='word_1_155' title='bbox 1352 2654 1388 2714; x_wconf 91' lang='lat' dir='ltr'><strong>ut</strong></span> <span class='ocrx_word' id='word_1_156' title='bbox 1409 2650 1445 2716; x_wconf 86' lang='lat' dir='ltr'><strong>in</strong></span> <span class='ocrx_word' id='word_1_157' title='bbox 1466 2671 1497 2716; x_wconf 88' lang='lat' dir='ltr'><strong>n.</strong></span> <span class='ocrx_word' id='word_1_158' title='bbox 1520 2653 1551 2715; x_wconf 87' lang='lat'><strong>6.</strong></span> 
     </span>
    </p>
   </div>
   <div class='ocr_carea' id='block_1_6' title="bbox 591 2773 2012 2877">
    <p class='ocr_par' dir='ltr' id='par_1_7' title="bbox 591 2773 2012 2877">
     <span class='ocr_line' id='line_1_17' title="bbox 591 2773 2012 2877; baseline 0.02 -66"><span class='ocrx_word' id='word_1_159' title='bbox 591 2790 634 2877; x_wconf 36' lang='lat' dir='ltr'><strong>..i</strong></span> <span class='ocrx_word' id='word_1_160' title='bbox 651 2790 695 2877; x_wconf 36' lang='grc' dir='ltr'><strong>ἱ.</strong></span> <span class='ocrx_word' id='word_1_161' title='bbox 1476 2773 1637 2853; x_wconf 84' lang='lat' dir='ltr'><strong>Acinione,</strong></span> <span class='ocrx_word' id='word_1_162' title='bbox 1663 2776 1749 2839; x_wconf 77' lang='lat'><em>1349</em></span> <span class='ocrx_word' id='word_1_163' title='bbox 1771 2775 1964 2843; x_wconf 71' lang='lat' dir='ltr'><strong>Nouembris</strong></span> <span class='ocrx_word' id='word_1_164' title='bbox 1984 2780 2012 2841; x_wconf 88' lang='lat'><strong>3.</strong></span> 
     </span>
    </p>
   </div>
   <div class='ocr_carea' id='block_1_7' title="bbox 548 2930 2047 3100">
    <p class='ocr_par' dir='ltr' id='par_1_8' title="bbox 548 2930 2047 3100">
     <span class='ocr_line' id='line_1_18' title="bbox 651 2930 2047 3016; baseline 0.002 -18"><span class='ocrx_word' id='word_1_165' title='bbox 651 2945 799 2999; x_wconf 84' lang='lat' dir='ltr'><strong>Clementis</strong></span> <span class='ocrx_word' id='word_1_166' title='bbox 817 2944 855 2999; x_wconf 82' lang='lat' dir='ltr'><strong>VI</strong></span> <span class='ocrx_word' id='word_1_167' title='bbox 873 2948 906 2998; x_wconf 84' lang='grc' dir='ltr'><strong>Α.</strong></span> <span class='ocrx_word' id='word_1_168' title='bbox 925 2941 1016 3014; x_wconf 72' lang='lat' dir='ltr'><strong>Vlllso</strong></span> <span class='ocrx_word' id='word_1_169' title='bbox 1035 2948 1108 3013; x_wconf 82' lang='lat' dir='ltr'><strong>(loo)</strong></span> <span class='ocrx_word' id='word_1_170' title='bbox 1128 2944 1145 2998; x_wconf 83' lang='lat' dir='ltr'><strong>f.</strong></span> <span class='ocrx_word' id='word_1_171' title='bbox 1165 2948 1235 3011; x_wconf 74' lang='lat'><strong>394&#39;,</strong></span> <span class='ocrx_word' id='word_1_172' title='bbox 1254 2944 1288 2999; x_wconf 87' lang='lat' dir='ltr'><strong>de</strong></span> <span class='ocrx_word' id='word_1_173' title='bbox 1313 2930 1445 3013; x_wconf 82' lang='lat' dir='ltr'><strong>(lignitate</strong></span> <span class='ocrx_word' id='word_1_174' title='bbox 1471 2945 1521 3000; x_wconf 92' lang='lat' dir='ltr'><strong>sub</strong></span> <span class='ocrx_word' id='word_1_175' title='bbox 1546 2946 1739 3014; x_wconf 84' lang='lat' dir='ltr'><strong>expectatione</strong></span> <span class='ocrx_word' id='word_1_176' title='bbox 1765 2964 1811 3016; x_wconf 87' lang='lat' dir='ltr'><strong>qu.</strong></span> <span class='ocrx_word' id='word_1_177' title='bbox 1836 2955 1847 3000; x_wconf 91' lang='lat'>1</span> <span class='ocrx_word' id='word_1_178' title='bbox 1870 2955 1898 3003; x_wconf 86' lang='lat' dir='ltr'><strong>et</strong></span> <span class='ocrx_word' id='word_1_179' title='bbox 1916 2950 2047 3003; x_wconf 65' lang='lat' dir='ltr'><strong>unicuu</strong></span> 
     </span>
     <span class='ocr_line' id='line_1_19' title="bbox 548 3030 1500 3100; baseline -0.002 -13"><span class='ocrx_word' id='word_1_180' title='bbox 548 3034 579 3087; x_wconf 88' lang='lat' dir='ltr'><strong>V.</strong></span> <span class='ocrx_word' id='word_1_181' title='bbox 600 3030 684 3086; x_wconf 71' lang='lat' dir='ltr'><strong>loti.</strong></span> <span class='ocrx_word' id='word_1_182' title='bbox 706 3038 738 3086; x_wconf 76' lang='lat'><strong>‘20</strong></span> <span class='ocrx_word' id='word_1_183' title='bbox 757 3049 783 3086; x_wconf 91' lang='lat' dir='ltr'><strong>n.</strong></span> <span class='ocrx_word' id='word_1_184' title='bbox 802 3036 844 3086; x_wconf 84' lang='lat'><strong>38.</strong></span> <span class='ocrx_word' id='word_1_185' title='bbox 863 3062 896 3072; x_wconf 92' lang='lat'>-</span> <span class='ocrx_word' id='word_1_186' title='bbox 915 3031 980 3100; x_wconf 78' lang='lat' dir='ltr'><strong>Reg.</strong></span> <span class='ocrx_word' id='word_1_187' title='bbox 998 3032 1026 3087; x_wconf 91' lang='lat' dir='ltr'><strong>in</strong></span> <span class='ocrx_word' id='word_1_188' title='bbox 1045 3032 1143 3086; x_wconf 83' lang='lat' dir='ltr'>ZVGA</span> <span class='ocrx_word' id='word_1_189' title='bbox 1162 3031 1319 3086; x_wconf 87' lang='lat' dir='ltr'><strong>Schlesieus</strong></span> <span class='ocrx_word' id='word_1_190' title='bbox 1338 3032 1500 3098; x_wconf 78' lang='lat' dir='ltr'><strong>XXV,·291.</strong></span> 
     </span>
    </p>
   </div>
   <div class='ocr_carea' id='block_1_8' title="bbox 548 3415 2048 3822">
    <p class='ocr_par' dir='ltr' id='par_1_9' title="bbox 548 3415 2048 3822">
     <span class='ocr_line' id='line_1_20' title="bbox 548 3415 2046 3501; baseline -0.001 -16"><span class='ocrx_word' id='word_1_191' title='bbox 548 3415 669 3485; x_wconf 85' lang='lat'><strong><em>1190.</em></strong></span> <span class='ocrx_word' id='word_1_192' title='bbox 705 3416 846 3492; x_wconf 82' lang='lat' dir='ltr'><strong>Carolus,</strong></span> <span class='ocrx_word' id='word_1_193' title='bbox 885 3418 1098 3481; x_wconf 81' lang='lat' dir='ltr'><strong>Rornanorum</strong></span> <span class='ocrx_word' id='word_1_194' title='bbox 1135 3438 1202 3494; x_wconf 85' lang='lat' dir='ltr'><strong>rec,</strong></span> <span class='ocrx_word' id='word_1_195' title='bbox 1240 3417 1410 3501; x_wconf 74' lang='lat' dir='ltr'><strong>sapapiicat,</strong></span> <span class='ocrx_word' id='word_1_196' title='bbox 1447 3422 1602 3499; x_wconf 80' lang='lat' dir='ltr'><strong>quatenus</strong></span> <span class='ocrx_word' id='word_1_197' title='bbox 1640 3419 1768 3501; x_wconf 80' lang='lat' dir='ltr'><strong>Huponi</strong></span> <span class='ocrx_word' id='word_1_198' title='bbox 1805 3421 1946 3487; x_wconf 84' lang='lat' dir='ltr'><strong>Erbonis</strong></span> <span class='ocrx_word' id='word_1_199' title='bbox 1981 3422 2046 3486; x_wconf 82' lang='lat' dir='ltr'><strong>dicti</strong></span> 
     </span>
     <span class='ocr_line' id='line_1_21' title="bbox 549 3520 2048 3607; baseline 0 -17"><span class='ocrx_word' id='word_1_200' title='bbox 549 3520 747 3603; x_wconf 70' lang='lat' dir='ltr'><strong>Gaensefuss</strong></span> <span class='ocrx_word' id='word_1_201' title='bbox 779 3521 814 3587; x_wconf 90' lang='lat' dir='ltr'><strong>in</strong></span> <span class='ocrx_word' id='word_1_202' title='bbox 836 3521 966 3587; x_wconf 75' lang='lat' dir='ltr'><strong>ecclesia</strong></span> <span class='ocrx_word' id='word_1_203' title='bbox 991 3524 1188 3604; x_wconf 84' lang='lat' dir='ltr'><strong>Rinaupensi</strong></span> <span class='ocrx_word' id='word_1_204' title='bbox 1209 3528 1240 3589; x_wconf 89' lang='lat' dir='ltr'><strong>et</strong></span> <span class='ocrx_word' id='word_1_205' title='bbox 1265 3524 1389 3604; x_wconf 84' lang='lat' dir='ltr'><strong>Huponi</strong></span> <span class='ocrx_word' id='word_1_206' title='bbox 1411 3524 1495 3587; x_wconf 88' lang='lat' dir='ltr'><strong>dicto</strong></span> <span class='ocrx_word' id='word_1_207' title='bbox 1521 3525 1719 3607; x_wconf 80' lang='lat' dir='ltr'><strong>Gaeasefuss</strong></span> <span class='ocrx_word' id='word_1_208' title='bbox 1741 3527 1778 3591; x_wconf 87' lang='lat' dir='ltr'><strong>in</strong></span> <span class='ocrx_word' id='word_1_209' title='bbox 1799 3528 1936 3593; x_wconf 78' lang='lat' dir='ltr'><strong>ecclesia</strong></span> <span class='ocrx_word' id='word_1_210' title='bbox 1956 3531 2048 3593; x_wconf 80' lang='lat' dir='ltr'><strong>sandi</strong></span> 
     </span>
     <span class='ocr_line' id='line_1_22' title="bbox 552 3626 2048 3714; baseline 0.002 -22"><span class='ocrx_word' id='word_1_211' title='bbox 552 3626 690 3692; x_wconf 80' lang='lat' dir='ltr'><strong>Tiamaa</strong></span> <span class='ocrx_word' id='word_1_212' title='bbox 718 3627 959 3708; x_wconf 80' lang='lat' dir='ltr'><strong>Arpentincnsis</strong></span> <span class='ocrx_word' id='word_1_213' title='bbox 992 3627 1030 3690; x_wconf 80' lang='lat' dir='ltr'><strong>(le</strong></span> <span class='ocrx_word' id='word_1_214' title='bbox 1063 3629 1250 3692; x_wconf 88' lang='lat' dir='ltr'><strong>canonicatu</strong></span> <span class='ocrx_word' id='word_1_215' title='bbox 1283 3628 1340 3691; x_wconf 81' lang='lat' dir='ltr'><strong>sub</strong></span> <span class='ocrx_word' id='word_1_216' title='bbox 1375 3630 1590 3711; x_wconf 78' lang='lat' dir='ltr'><strong>expectatione</strong></span> <span class='ocrx_word' id='word_1_217' title='bbox 1618 3629 1826 3710; x_wconf 85' lang='lat' dir='ltr'><strong>praebendae</strong></span> <span class='ocrx_word' id='word_1_218' title='bbox 1856 3633 2048 3714; x_wconf 74' lang='lat' dir='ltr'><strong>proc-identat</strong></span> 
     </span>
     <span class='ocr_line' id='line_1_23' title="bbox 548 3730 2046 3822; baseline 0.001 -25"><span class='ocrx_word' id='word_1_219' title='bbox 548 3735 579 3797; x_wconf 82' lang='lat' dir='ltr'><strong>et</strong></span> <span class='ocrx_word' id='word_1_220' title='bbox 600 3731 759 3822; x_wconf 82' lang='lat' dir='ltr'><strong>nonnadlis</strong></span> <span class='ocrx_word' id='word_1_221' title='bbox 783 3731 901 3798; x_wconf 84' lang='lat' dir='ltr'><strong>ciuibus</strong></span> <span class='ocrx_word' id='word_1_222' title='bbox 923 3732 1206 3813; x_wconf 81' lang='lat' dir='ltr'><strong>Arpentinensibus</strong></span> <span class='ocrx_word' id='word_1_223' title='bbox 1228 3732 1382 3797; x_wconf 80' lang='lat' dir='ltr'><strong>absolutio</strong></span> <span class='ocrx_word' id='word_1_224' title='bbox 1399 3732 1499 3815; x_wconf 86' lang='lat' dir='ltr'><strong>plena</strong></span> <span class='ocrx_word' id='word_1_225' title='bbox 1517 3730 1553 3796; x_wconf 89' lang='lat' dir='ltr'><strong>in</strong></span> <span class='ocrx_word' id='word_1_226' title='bbox 1567 3733 1678 3797; x_wconf 73' lang='lat' dir='ltr'><strong>arcariis</strong></span> <span class='ocrx_word' id='word_1_227' title='bbox 1701 3735 1842 3799; x_wconf 85' lang='lat' dir='ltr'><strong>articulo</strong></span> <span class='ocrx_word' id='word_1_228' title='bbox 1866 3737 2046 3801; x_wconf 77' lang='lat' dir='ltr'><strong>mrccedctnr.</strong></span> 
     </span>
    </p>
   </div>
   <div class='ocr_carea' id='block_1_9' title="bbox 1477 3873 2011 3952">
    <p class='ocr_par' dir='ltr' id='par_1_10' title="bbox 1477 3873 2011 3952">
     <span class='ocr_line' id='line_1_24' title="bbox 1477 3873 2011 3952; baseline 0.011 -15"><span class='ocrx_word' id='word_1_229' title='bbox 1477 3873 1752 3952; x_wconf 80' lang='lat' dir='ltr'><strong>Aninione,1349</strong></span> <span class='ocrx_word' id='word_1_230' title='bbox 1775 3875 1965 3942; x_wconf 74' lang='lat' dir='ltr'><strong>Nouembris</strong></span> <span class='ocrx_word' id='word_1_231' title='bbox 1984 3882 2011 3943; x_wconf 86' lang='lat'><strong>3.</strong></span> 
     </span>
    </p>
   </div>
   <div class='ocr_carea' id='block_1_10' title="bbox 550 4012 2047 5766">
    <p class='ocr_par' dir='ltr' id='par_1_11' title="bbox 550 4012 2045 4826">
     <span class='ocr_line' id='line_1_25' title="bbox 651 4012 2043 4098; baseline 0.002 -19"><span class='ocrx_word' id='word_1_232' title='bbox 651 4012 814 4095; x_wconf 83' lang='lat' dir='ltr'><strong>Supplicat</strong></span> <span class='ocrx_word' id='word_1_233' title='bbox 837 4012 867 4078; x_wconf 85' lang='lat' dir='ltr'><strong>S.</strong></span> <span class='ocrx_word' id='word_1_234' title='bbox 892 4012 929 4075; x_wconf 91' lang='lat' dir='ltr'><strong>V.</strong></span> <span class='ocrx_word' id='word_1_235' title='bbox 953 4012 1087 4077; x_wconf 77' lang='lat' dir='ltr'><strong>devotus</strong></span> <span class='ocrx_word' id='word_1_236' title='bbox 1109 4012 1130 4076; x_wconf 86' lang='lat' dir='ltr'><strong>f.</strong></span> <span class='ocrx_word' id='word_1_237' title='bbox 1155 4034 1183 4077; x_wconf 82' lang='lat' dir='ltr'><strong>v.</strong></span> <span class='ocrx_word' id='word_1_238' title='bbox 1201 4013 1349 4091; x_wconf 86' lang='lat' dir='ltr'><strong>Karalus,</strong></span> <span class='ocrx_word' id='word_1_239' title='bbox 1367 4014 1578 4077; x_wconf 83' lang='lat' dir='ltr'><strong>Rornanorum</strong></span> <span class='ocrx_word' id='word_1_240' title='bbox 1593 4031 1658 4090; x_wconf 83' lang='lat' dir='ltr'><strong>rex,</strong></span> <span class='ocrx_word' id='word_1_241' title='bbox 1675 4019 1838 4095; x_wconf 86' lang='lat' dir='ltr'><strong>quatenus</strong></span> <span class='ocrx_word' id='word_1_242' title='bbox 1862 4017 1924 4081; x_wconf 92' lang='lat' dir='ltr'><strong>sibi</strong></span> <span class='ocrx_word' id='word_1_243' title='bbox 1941 4019 1971 4082; x_wconf 91' lang='lat' dir='ltr'><strong>iu</strong></span> <span class='ocrx_word' id='word_1_244' title='bbox 1985 4035 2043 4098; x_wconf 86' lang='lat' dir='ltr'><strong>per·</strong></span> 
     </span>
     <span class='ocr_line' id='line_1_26' title="bbox 550 4116 2044 4200; baseline 0.001 -19"><span class='ocrx_word' id='word_1_245' title='bbox 550 4134 659 4181; x_wconf 90' lang='lat' dir='ltr'><strong>sonam</strong></span> <span class='ocrx_word' id='word_1_246' title='bbox 682 4117 789 4182; x_wconf 85' lang='lat' dir='ltr'><strong>dilecti</strong></span> <span class='ocrx_word' id='word_1_247' title='bbox 813 4118 862 4181; x_wconf 92' lang='lat' dir='ltr'><strong>sui</strong></span> <span class='ocrx_word' id='word_1_248' title='bbox 886 4117 1040 4200; x_wconf 77' lang='lat' dir='ltr'><strong>HugoniS,</strong></span> <span class='ocrx_word' id='word_1_249' title='bbox 1064 4116 1181 4195; x_wconf 84' lang='lat' dir='ltr'><strong>clerici,</strong></span> <span class='ocrx_word' id='word_1_250' title='bbox 1213 4118 1279 4181; x_wconf 89' lang='lat' dir='ltr'><strong>nati</strong></span> <span class='ocrx_word' id='word_1_251' title='bbox 1311 4116 1418 4182; x_wconf 86' lang='lat' dir='ltr'><strong>dilecti</strong></span> <span class='ocrx_word' id='word_1_252' title='bbox 1451 4119 1500 4182; x_wconf 89' lang='lat' dir='ltr'><strong>sui</strong></span> <span class='ocrx_word' id='word_1_253' title='bbox 1531 4117 1641 4182; x_wconf 88' lang='lat' dir='ltr'><strong>militis</strong></span> <span class='ocrx_word' id='word_1_254' title='bbox 1672 4117 1900 4184; x_wconf 83' lang='lat' dir='ltr'><strong>etfamiliaris</strong></span> <span class='ocrx_word' id='word_1_255' title='bbox 1924 4122 2044 4186; x_wconf 78' lang='lat' dir='ltr'><strong>Erbonis</strong></span> 
     </span>
     <span class='ocr_line' id='line_1_27' title="bbox 550 4220 2045 4308; baseline 0.001 -22"><span class='ocrx_word' id='word_1_256' title='bbox 550 4222 628 4287; x_wconf 90' lang='lat' dir='ltr'><strong>dicti</strong></span> <span class='ocrx_word' id='word_1_257' title='bbox 651 4220 819 4300; x_wconf 75' lang='lat' dir='ltr'><strong>Genseiris</strong></span> <span class='ocrx_word' id='word_1_258' title='bbox 851 4222 961 4286; x_wconf 87' lang='lat' dir='ltr'><strong>militis</strong></span> <span class='ocrx_word' id='word_1_259' title='bbox 991 4222 1241 4304; x_wconf 80' lang='lat' dir='ltr'><strong>Argentineusis,</strong></span> <span class='ocrx_word' id='word_1_260' title='bbox 1272 4223 1327 4304; x_wconf 90' lang='lat' dir='ltr'><strong>qui</strong></span> <span class='ocrx_word' id='word_1_261' title='bbox 1357 4242 1380 4286; x_wconf 90' lang='lat' dir='ltr'><strong>r.</strong></span> <span class='ocrx_word' id='word_1_262' title='bbox 1413 4240 1451 4286; x_wconf 92' lang='lat' dir='ltr'><strong>m.</strong></span> <span class='ocrx_word' id='word_1_263' title='bbox 1484 4222 1608 4286; x_wconf 88' lang='lat' dir='ltr'><strong>domino</strong></span> <span class='ocrx_word' id='word_1_264' title='bbox 1637 4221 1787 4303; x_wconf 76' lang='lat' dir='ltr'><strong>iohanni,</strong></span> <span class='ocrx_word' id='word_1_265' title='bbox 1819 4227 1890 4308; x_wconf 86' lang='lat' dir='ltr'><strong>regi</strong></span> <span class='ocrx_word' id='word_1_266' title='bbox 1922 4226 2045 4299; x_wconf 76' lang='lat' dir='ltr'><strong>Boemic</strong></span> 
     </span>
     <span class='ocr_line' id='line_1_28' title="bbox 550 4326 2043 4409; baseline 0.001 -20"><span class='ocrx_word' id='word_1_267' title='bbox 550 4326 633 4408; x_wconf 84' lang='lat' dir='ltr'><strong>patri</strong></span> <span class='ocrx_word' id='word_1_268' title='bbox 655 4326 757 4407; x_wconf 85' lang='lat' dir='ltr'><strong>ipsius</strong></span> <span class='ocrx_word' id='word_1_269' title='bbox 779 4327 863 4408; x_wconf 86' lang='lat' dir='ltr'><strong>regis</strong></span> <span class='ocrx_word' id='word_1_270' title='bbox 885 4327 1106 4405; x_wconf 87' lang='lat' dir='ltr'><strong>Romanorum,</strong></span> <span class='ocrx_word' id='word_1_271' title='bbox 1136 4327 1236 4391; x_wconf 83' lang='lat' dir='ltr'><strong>inulta</strong></span> <span class='ocrx_word' id='word_1_272' title='bbox 1265 4332 1355 4409; x_wconf 78' lang='lat' dir='ltr'><strong>grata</strong></span> <span class='ocrx_word' id='word_1_273' title='bbox 1386 4332 1418 4390; x_wconf 89' lang='lat' dir='ltr'><strong>et</strong></span> <span class='ocrx_word' id='word_1_274' title='bbox 1448 4331 1580 4407; x_wconf 88' lang='lat' dir='ltr'><strong>accepta</strong></span> <span class='ocrx_word' id='word_1_275' title='bbox 1610 4327 1745 4391; x_wconf 85' lang='lat' dir='ltr'><strong>servicia</strong></span> <span class='ocrx_word' id='word_1_276' title='bbox 1777 4346 1837 4409; x_wconf 89' lang='lat' dir='ltr'><strong>per</strong></span> <span class='ocrx_word' id='word_1_277' title='bbox 1871 4348 1906 4395; x_wconf 86' lang='lat' dir='ltr'><strong>se</strong></span> <span class='ocrx_word' id='word_1_278' title='bbox 1929 4336 1962 4395; x_wconf 91' lang='lat' dir='ltr'><strong>et</strong></span> <span class='ocrx_word' id='word_1_279' title='bbox 1982 4347 2043 4394; x_wconf 79' lang='lat' dir='ltr'><strong>suos</strong></span> 
     </span>
     <span class='ocr_line' id='line_1_29' title="bbox 551 4430 2043 4518; baseline -0.001 -21"><span class='ocrx_word' id='word_1_280' title='bbox 551 4450 682 4512; x_wconf 91' lang='lat' dir='ltr'><strong>corpore</strong></span> <span class='ocrx_word' id='word_1_281' title='bbox 705 4435 738 4495; x_wconf 91' lang='lat' dir='ltr'><strong>et</strong></span> <span class='ocrx_word' id='word_1_282' title='bbox 759 4431 855 4495; x_wconf 89' lang='lat' dir='ltr'><strong>rebus</strong></span> <span class='ocrx_word' id='word_1_283' title='bbox 877 4430 956 4496; x_wconf 88' lang='lat' dir='ltr'><strong>feeit</strong></span> <span class='ocrx_word' id='word_1_284' title='bbox 984 4437 1017 4495; x_wconf 88' lang='lat' dir='ltr'><strong>et</strong></span> <span class='ocrx_word' id='word_1_285' title='bbox 1046 4431 1133 4508; x_wconf 87' lang='lat' dir='ltr'><strong>iacit,</strong></span> <span class='ocrx_word' id='word_1_286' title='bbox 1165 4431 1335 4513; x_wconf 87' lang='lat' dir='ltr'><strong>specialem</strong></span> <span class='ocrx_word' id='word_1_287' title='bbox 1364 4431 1504 4514; x_wconf 85' lang='lat' dir='ltr'><strong>graciam</strong></span> <span class='ocrx_word' id='word_1_288' title='bbox 1535 4430 1698 4508; x_wconf 77' lang='lat' dir='ltr'><strong>iacientes,</strong></span> <span class='ocrx_word' id='word_1_289' title='bbox 1730 4432 1838 4496; x_wconf 82' lang='lat' dir='ltr'><strong>eidem</strong></span> <span class='ocrx_word' id='word_1_290' title='bbox 1870 4434 1994 4518; x_wconf 83' lang='lat' dir='ltr'><strong>Hugoni</strong></span> <span class='ocrx_word' id='word_1_291' title='bbox 2013 4433 2043 4497; x_wconf 79' lang='lat' dir='ltr'><strong>de</strong></span> 
     </span>
     <span class='ocr_line' id='line_1_30' title="bbox 551 4533 2044 4622; baseline 0.002 -24"><span class='ocrx_word' id='word_1_292' title='bbox 551 4535 737 4600; x_wconf 89' lang='lat' dir='ltr'><strong>canonicatu</strong></span> <span class='ocrx_word' id='word_1_293' title='bbox 760 4539 793 4598; x_wconf 90' lang='lat' dir='ltr'><strong>et</strong></span> <span class='ocrx_word' id='word_1_294' title='bbox 815 4534 977 4616; x_wconf 78' lang='lat' dir='ltr'><strong>prebeurla</strong></span> <span class='ocrx_word' id='word_1_295' title='bbox 1007 4536 1194 4600; x_wconf 88' lang='lat' dir='ltr'><strong>vacantibus</strong></span> <span class='ocrx_word' id='word_1_296' title='bbox 1223 4534 1274 4599; x_wconf 84' lang='lat' dir='ltr'><strong>vel</strong></span> <span class='ocrx_word' id='word_1_297' title='bbox 1306 4535 1466 4599; x_wconf 86' lang='lat' dir='ltr'><strong>vacatmis</strong></span> <span class='ocrx_word' id='word_1_298' title='bbox 1496 4533 1631 4599; x_wconf 89' lang='lat' dir='ltr'><strong>ecclesie</strong></span> <span class='ocrx_word' id='word_1_299' title='bbox 1666 4535 1879 4619; x_wconf 81' lang='lat' dir='ltr'><strong>Ryuagensis,</strong></span> <span class='ocrx_word' id='word_1_300' title='bbox 1915 4539 2044 4622; x_wconf 82' lang='lat' dir='ltr'><strong>Argenti·</strong></span> 
     </span>
     <span class='ocr_line' id='line_1_31' title="bbox 551 4639 2043 4721; baseline -0.001 -16"><span class='ocrx_word' id='word_1_301' title='bbox 551 4639 659 4706; x_wconf 89' lang='lat' dir='ltr'><strong>nensis</strong></span> <span class='ocrx_word' id='word_1_302' title='bbox 681 4639 826 4717; x_wconf 87' lang='lat' dir='ltr'><strong>diocesis,</strong></span> <span class='ocrx_word' id='word_1_303' title='bbox 851 4639 1022 4720; x_wconf 80' lang='lat' dir='ltr'><strong>dignemini</strong></span> <span class='ocrx_word' id='word_1_304' title='bbox 1044 4639 1310 4721; x_wconf 69' lang='lat' dir='ltr'><strong>provideremus</strong></span> <span class='ocrx_word' id='word_1_305' title='bbox 1334 4639 1557 4721; x_wconf 85' lang='lat' dir='ltr'><strong>aceeptaoioue</strong></span> <span class='ocrx_word' id='word_1_306' title='bbox 1573 4643 1606 4702; x_wconf 89' lang='lat' dir='ltr'><strong>et</strong></span> <span class='ocrx_word' id='word_1_307' title='bbox 1620 4658 1682 4703; x_wconf 92' lang='lat' dir='ltr'><strong>nou</strong></span> <span class='ocrx_word' id='word_1_308' title='bbox 1705 4639 1913 4708; x_wconf 88' lang='lat' dir='ltr'><strong>obstantibus</strong></span> <span class='ocrx_word' id='word_1_309' title='bbox 1929 4649 1961 4707; x_wconf 81' lang='lat' dir='ltr'><strong>et</strong></span> <span class='ocrx_word' id='word_1_310' title='bbox 1975 4641 2043 4706; x_wconf 85' lang='lat' dir='ltr'><strong>clau·</strong></span> 
     </span>
     <span class='ocr_line' id='line_1_32' title="bbox 552 4742 1463 4826; baseline -0.001 -18"><span class='ocrx_word' id='word_1_311' title='bbox 552 4742 630 4808; x_wconf 89' lang='lat' dir='ltr'><strong>sulis</strong></span> <span class='ocrx_word' id='word_1_312' title='bbox 653 4744 818 4826; x_wconf 89' lang='lat' dir='ltr'><strong>oportunis</strong></span> <span class='ocrx_word' id='word_1_313' title='bbox 841 4749 874 4808; x_wconf 89' lang='lat' dir='ltr'><strong>et</strong></span> <span class='ocrx_word' id='word_1_314' title='bbox 897 4742 1119 4809; x_wconf 80' lang='lat' dir='ltr'><strong>executoribus</strong></span> <span class='ocrx_word' id='word_1_315' title='bbox 1143 4751 1214 4822; x_wconf 85' lang='lat' dir='ltr'><strong>ote,</strong></span> <span class='ocrx_word' id='word_1_316' title='bbox 1240 4750 1275 4808; x_wconf 90' lang='lat' dir='ltr'><strong>ut</strong></span> <span class='ocrx_word' id='word_1_317' title='bbox 1297 4746 1330 4809; x_wconf 93' lang='lat' dir='ltr'><strong>iu</strong></span> <span class='ocrx_word' id='word_1_318' title='bbox 1353 4743 1463 4809; x_wconf 83' lang='lat' dir='ltr'><strong>forma.</strong></span> 
     </span>
    </p>

    <p class='ocr_par' dir='ltr' id='par_1_12' title="bbox 655 4848 788 4912">
     <span class='ocr_line' id='line_1_33' title="bbox 655 4848 788 4912; baseline 0 0"><span class='ocrx_word' id='word_1_319' title='bbox 655 4848 729 4912; x_wconf 89' lang='lat' dir='ltr'><strong>Fiat</strong></span> <span class='ocrx_word' id='word_1_320' title='bbox 751 4848 788 4912; x_wconf 86' lang='lat' dir='ltr'><strong>R.</strong></span> 
     </span>
    </p>

    <p class='ocr_par' dir='ltr' id='par_1_13' title="bbox 551 4949 2045 5453">
     <span class='ocr_line' id='line_1_34' title="bbox 659 4949 2043 5034; baseline -0.001 -18"><span class='ocrx_word' id='word_1_321' title='bbox 659 4952 741 5016; x_wconf 90' lang='lat' dir='ltr'><strong>ltom</strong></span> <span class='ocrx_word' id='word_1_322' title='bbox 763 4952 932 5034; x_wconf 85' lang='lat' dir='ltr'><strong>supplicat,</strong></span> <span class='ocrx_word' id='word_1_323' title='bbox 950 4959 1107 5033; x_wconf 87' lang='lat' dir='ltr'><strong>quatenus</strong></span> <span class='ocrx_word' id='word_1_324' title='bbox 1123 4952 1184 5016; x_wconf 90' lang='lat' dir='ltr'><strong>sibi</strong></span> <span class='ocrx_word' id='word_1_325' title='bbox 1200 4953 1231 5017; x_wconf 93' lang='lat' dir='ltr'><strong>in</strong></span> <span class='ocrx_word' id='word_1_326' title='bbox 1247 4970 1413 5034; x_wconf 86' lang='lat' dir='ltr'><strong>personam</strong></span> <span class='ocrx_word' id='word_1_327' title='bbox 1431 4950 1538 5016; x_wconf 87' lang='lat' dir='ltr'><strong>dilecti</strong></span> <span class='ocrx_word' id='word_1_328' title='bbox 1562 4950 1611 5014; x_wconf 91' lang='lat' dir='ltr'><strong>sui</strong></span> <span class='ocrx_word' id='word_1_329' title='bbox 1634 4949 1781 5032; x_wconf 84' lang='lat' dir='ltr'><strong>Hagonis</strong></span> <span class='ocrx_word' id='word_1_330' title='bbox 1798 4952 1879 5018; x_wconf 87' lang='lat' dir='ltr'><strong>dicti</strong></span> <span class='ocrx_word' id='word_1_331' title='bbox 1895 4952 2043 5025; x_wconf 70' lang='lat' dir='ltr'><strong>Gensefia</strong></span> 
     </span>
     <span class='ocr_line' id='line_1_35' title="bbox 552 5054 2045 5139; baseline -0.001 -17"><span class='ocrx_word' id='word_1_332' title='bbox 552 5058 741 5139; x_wconf 63' lang='lat' dir='ltr'><strong>presbytori,</strong></span> <span class='ocrx_word' id='word_1_333' title='bbox 765 5056 875 5122; x_wconf 88' lang='lat' dir='ltr'><strong>fratris</strong></span> <span class='ocrx_word' id='word_1_334' title='bbox 898 5058 1039 5138; x_wconf 72' lang='lat' dir='ltr'><strong>genuani</strong></span> <span class='ocrx_word' id='word_1_335' title='bbox 1063 5058 1139 5122; x_wconf 77' lang='lat' dir='ltr'><strong>clicti</strong></span> <span class='ocrx_word' id='word_1_336' title='bbox 1164 5058 1284 5135; x_wconf 78' lang='lat' dir='ltr'><strong>rnilitiS,</strong></span> <span class='ocrx_word' id='word_1_337' title='bbox 1309 5056 1444 5121; x_wconf 88' lang='lat' dir='ltr'><strong>similem</strong></span> <span class='ocrx_word' id='word_1_338' title='bbox 1466 5054 1845 5138; x_wconf 79' lang='lat' dir='ltr'><strong>g1·aciamlacientes‚ei</strong></span> <span class='ocrx_word' id='word_1_339' title='bbox 1874 5059 1914 5124; x_wconf 83' lang='lat' dir='ltr'><strong>de</strong></span> <span class='ocrx_word' id='word_1_340' title='bbox 1938 5058 2045 5122; x_wconf 85' lang='lat' dir='ltr'><strong>canoni·</strong></span> 
     </span>
     <span class='ocr_line' id='line_1_36' title="bbox 553 5160 2045 5246; baseline -0.002 -20"><span class='ocrx_word' id='word_1_341' title='bbox 553 5167 626 5226; x_wconf 89' lang='lat' dir='ltr'><strong>catu</strong></span> <span class='ocrx_word' id='word_1_342' title='bbox 650 5167 684 5227; x_wconf 90' lang='lat' dir='ltr'><strong>et</strong></span> <span class='ocrx_word' id='word_1_343' title='bbox 705 5162 867 5244; x_wconf 89' lang='lat' dir='ltr'><strong>prebenda</strong></span> <span class='ocrx_word' id='word_1_344' title='bbox 889 5163 1075 5227; x_wconf 86' lang='lat' dir='ltr'><strong>vacantibus</strong></span> <span class='ocrx_word' id='word_1_345' title='bbox 1106 5161 1156 5224; x_wconf 88' lang='lat' dir='ltr'><strong>vel</strong></span> <span class='ocrx_word' id='word_1_346' title='bbox 1188 5163 1349 5226; x_wconf 68' lang='lat' dir='ltr'><strong>varraturis</strong></span> <span class='ocrx_word' id='word_1_347' title='bbox 1380 5161 1514 5225; x_wconf 69' lang='lat' dir='ltr'><strong>eccclesie</strong></span> <span class='ocrx_word' id='word_1_348' title='bbox 1544 5161 1647 5224; x_wconf 88' lang='lat' dir='ltr'><strong>sancti</strong></span> <span class='ocrx_word' id='word_1_349' title='bbox 1674 5160 1795 5225; x_wconf 78' lang='lat' dir='ltr'><strong>Thomu</strong></span> <span class='ocrx_word' id='word_1_350' title='bbox 1821 5163 2045 5246; x_wconf 78' lang='lat' dir='ltr'><strong>Argentiuensis</strong></span> 
     </span>
     <span class='ocr_line' id='line_1_37' title="bbox 553 5265 2045 5349; baseline -0.001 -19"><span class='ocrx_word' id='word_1_351' title='bbox 553 5265 724 5349; x_wconf 78' lang='lat' dir='ltr'><strong>dignamini</strong></span> <span class='ocrx_word' id='word_1_352' title='bbox 747 5266 923 5347; x_wconf 83' lang='lat' dir='ltr'><strong>prouidere,</strong></span> <span class='ocrx_word' id='word_1_353' title='bbox 949 5285 1018 5330; x_wconf 91' lang='lat' dir='ltr'><strong>cum</strong></span> <span class='ocrx_word' id='word_1_354' title='bbox 1042 5267 1267 5347; x_wconf 29' lang='lat' dir='ltr'><strong>acvcoptaaioue</strong></span> <span class='ocrx_word' id='word_1_355' title='bbox 1284 5273 1343 5332; x_wconf 90' lang='lat' dir='ltr'><strong>etc.</strong></span> <span class='ocrx_word' id='word_1_356' title='bbox 1361 5270 1516 5347; x_wconf 89' lang='lat' dir='ltr'><strong>utsupra,</strong></span> <span class='ocrx_word' id='word_1_357' title='bbox 1533 5265 1769 5344; x_wconf 86' lang='lat' dir='ltr'><strong>nonobstante,</strong></span> <span class='ocrx_word' id='word_1_358' title='bbox 1791 5269 1879 5347; x_wconf 75' lang='lat' dir='ltr'><strong>quocl</strong></span> <span class='ocrx_word' id='word_1_359' title='bbox 1895 5269 2045 5334; x_wconf 82' lang='lat' dir='ltr'><strong>ecclesian</strong></span> 
     </span>
     <span class='ocr_line' id='line_1_38' title="bbox 551 5369 1965 5453; baseline 0.004 -19"><span class='ocrx_word' id='word_1_360' title='bbox 551 5369 782 5453; x_wconf 85' lang='lat' dir='ltr'><strong>parrochialem</strong></span> <span class='ocrx_word' id='word_1_361' title='bbox 806 5369 885 5435; x_wconf 86' lang='lat' dir='ltr'><strong>alias</strong></span> <span class='ocrx_word' id='word_1_362' title='bbox 907 5371 1076 5435; x_wconf 89' lang='lat' dir='ltr'><strong>rectoriam</strong></span> <span class='ocrx_word' id='word_1_363' title='bbox 1098 5372 1282 5435; x_wconf 83' lang='lat' dir='ltr'><strong>monasterii</strong></span> <span class='ocrx_word' id='word_1_364' title='bbox 1307 5372 1338 5435; x_wconf 93' lang='lat' dir='ltr'><strong>in</strong></span> <span class='ocrx_word' id='word_1_365' title='bbox 1362 5370 1527 5447; x_wconf 84' lang='lat' dir='ltr'><strong>Eschaue,</strong></span> <span class='ocrx_word' id='word_1_366' title='bbox 1551 5369 1635 5433; x_wconf 84' lang='lat' dir='ltr'><strong>‹licte</strong></span> <span class='ocrx_word' id='word_1_367' title='bbox 1660 5369 1807 5449; x_wconf 86' lang='lat' dir='ltr'><strong>diocesis,</strong></span> <span class='ocrx_word' id='word_1_368' title='bbox 1832 5374 1965 5439; x_wconf 89' lang='lat' dir='ltr'><strong>obtinet.</strong></span> 
     </span>
    </p>

    <p class='ocr_par' dir='ltr' id='par_1_14' title="bbox 656 5474 788 5540">
     <span class='ocr_line' id='line_1_39' title="bbox 656 5474 788 5540; baseline -0.008 -2"><span class='ocrx_word' id='word_1_369' title='bbox 656 5474 730 5540; x_wconf 84' lang='lat' dir='ltr'><strong>Fiat</strong></span> <span class='ocrx_word' id='word_1_370' title='bbox 752 5474 788 5538; x_wconf 89' lang='lat' dir='ltr'><strong>R.</strong></span> 
     </span>
    </p>

    <p class='ocr_par' dir='ltr' id='par_1_15' title="bbox 555 5578 2047 5766">
     <span class='ocr_line' id='line_1_40' title="bbox 658 5578 2046 5661; baseline -0.002 -18"><span class='ocrx_word' id='word_1_371' title='bbox 658 5579 738 5644; x_wconf 89' lang='lat' dir='ltr'><strong>Item</strong></span> <span class='ocrx_word' id='word_1_372' title='bbox 762 5579 930 5661; x_wconf 78' lang='lat' dir='ltr'><strong>supplicat,</strong></span> <span class='ocrx_word' id='word_1_373' title='bbox 961 5579 1046 5660; x_wconf 76' lang='lat' dir='ltr'><strong>quorl</strong></span> <span class='ocrx_word' id='word_1_374' title='bbox 1069 5579 1153 5643; x_wconf 74' lang='lat' dir='ltr'><strong>(licto</strong></span> <span class='ocrx_word' id='word_1_375' title='bbox 1176 5578 1278 5658; x_wconf 86' lang='lat' dir='ltr'><strong>militi,</strong></span> <span class='ocrx_word' id='word_1_376' title='bbox 1310 5579 1395 5644; x_wconf 86' lang='lat' dir='ltr'><strong>Ncse</strong></span> <span class='ocrx_word' id='word_1_377' title='bbox 1427 5578 1518 5642; x_wconf 78' lang='lat' dir='ltr'><strong>rixari</strong></span> <span class='ocrx_word' id='word_1_378' title='bbox 1549 5581 1582 5642; x_wconf 87' lang='lat' dir='ltr'><strong>et</strong></span> <span class='ocrx_word' id='word_1_379' title='bbox 1613 5578 1729 5659; x_wconf 77' lang='lat' dir='ltr'><strong>Agneti</strong></span> <span class='ocrx_word' id='word_1_380' title='bbox 1760 5582 1864 5646; x_wconf 89' lang='lat' dir='ltr'><strong>sorori</strong></span> <span class='ocrx_word' id='word_1_381' title='bbox 1897 5600 1934 5646; x_wconf 87' lang='lat' dir='ltr'><strong>ac</strong></span> <span class='ocrx_word' id='word_1_382' title='bbox 1957 5578 2046 5647; x_wconf 72' lang='lat' dir='ltr'><strong>Grada</strong></span> 
     </span>
     <span class='ocr_line' id='line_1_41' title="bbox 555 5681 2047 5766; baseline 0.001 -20"><span class='ocrx_word' id='word_1_383' title='bbox 555 5682 639 5748; x_wconf 87' lang='lat' dir='ltr'><strong>dicte</strong></span> <span class='ocrx_word' id='word_1_384' title='bbox 662 5682 867 5766; x_wconf 77' lang='lat' dir='ltr'><strong>Kumegelin,</strong></span> <span class='ocrx_word' id='word_1_385' title='bbox 884 5683 1117 5764; x_wconf 86' lang='lat' dir='ltr'><strong>consanguineo</strong></span> <span class='ocrx_word' id='word_1_386' title='bbox 1141 5683 1242 5765; x_wconf 88' lang='lat' dir='ltr'><strong>ipsius</strong></span> <span class='ocrx_word' id='word_1_387' title='bbox 1266 5683 1375 5748; x_wconf 90' lang='lat' dir='ltr'><strong>militis</strong></span> <span class='ocrx_word' id='word_1_388' title='bbox 1398 5682 1560 5748; x_wconf 75' lang='lat' dir='ltr'><strong>Friclarieo</strong></span> <span class='ocrx_word' id='word_1_389' title='bbox 1583 5681 1668 5747; x_wconf 81' lang='lat' dir='ltr'><strong>dicto</strong></span> <span class='ocrx_word' id='word_1_390' title='bbox 1691 5681 1933 5752; x_wconf 84' lang='lat' dir='ltr'><strong>Groszfritsalre</strong></span> <span class='ocrx_word' id='word_1_391' title='bbox 1947 5684 2047 5751; x_wconf 82' lang='lat' dir='ltr'><strong>eteius</strong></span> 
     </span>
    </p>
   </div>
   <div class='ocr_carea' id='block_1_11' title="bbox 0 0 2612 7044">
    <p class='ocr_par' dir='ltr' id='par_1_16' title="bbox 0 0 2612 7044">
     <span class='ocr_line' id='line_1_42' title="bbox 0 0 2612 7044; baseline 0 0"><span class='ocrx_word' id='word_1_392' title='bbox 0 0 2612 7044; x_wconf 95' lang='lat' dir='ltr'><strong> </strong></span> 
     </span>
    </p>
   </div>
  </div>
 </body>
</html>
