5184 7050
678 840 744 907 510

680 1043 1146 1116 matemautensem
1175 1043 1214 1108 clc
1236 1042 1506 1125 araucenoorqs)
1538 1042 1685 1109 cauouico
1717 1041 1866 1108 ccclesiae
1897 1044 2033 1105 sauciae
2066 1040 2181 1105 Mariae

678 1153 845 1236 Aquensis,
868 1149 1050 1216 Laodieusis
1073 1148 1213 1226 diocesis,
1237 1147 1376 1231 amplius
1400 1147 1604 1230 dispeusator
1624 1167 1721 1230 supcr
1743 1146 1867 1226 defectu
1891 1144 2065 1219 nataliam,
2096 1148 2181 1226 prout

772 1256 808 1321 iu
830 1276 914 1321 uum.
938 1256 1002 1319 872
1023 1252 1238 1336 supplicatum
1261 1252 1375 1318 acuo.
1400 1254 1454 1327 ,D.
1477 1250 1635 1317 Auiuioue
1660 1252 1694 1315 X
1710 1250 1775 1316 lcal.
1799 1250 1886 1316 Maii
1907 1271 1939 1315 a.
1965 1249 2097 1331 quinto!

740 1420 768 1613 Ξ
1647 1468 1810 1549 Aoiuioue,
1834 1469 1921 1534 1347
1946 1464 2076 1552 Apulis
2098 1468 2147 1531 22.

785 1706 932 1762 Clementis
957 1706 993 1759 Vl
1018 1707 1051 1759 A.
1071 1705 1123 1774 Vll
1142 1708 1200 1770 (88)
1219 1704 1239 1757 f.
1261 1705 1320 1759 lus'
1340 1721 1367 1757 u.
1385 1707 1444 1769 580,
1463 1702 1632 1757 diversarum
1657 1700 1806 1756 formarum
1825 1716 1871 1768 qn.
1891 1705 1923 1753 13
1937 1698 2016 1751 :ll
2039 1702 2089 1752 176
2106 1695 2125 1751 f.
2141 1701 2181 1749 ‘etl

681 1811 709 1848 n.
728 1797 778 1848 578
798 1793 867 1863 (sic).
885 1823 918 1832 -
945 1795 969 1860 ⁸)
988 1790 1211 1860 ,Brandemborg‘
1229 1792 1263 1844 A.

1333 2005 1426 2013 ,-.-,-
1446 2005 1535 2013 σ--ι-

683 2357 773 2424 874.
798 2356 935 2436 Alberto,
959 2357 1033 2422 duci
1054 2356 1217 2436 Austriuc,
1240 2355 1391 2420 scribitur
1412 2355 1450 2420 dc
1472 2354 1695 2420 amicabilibus
1722 2354 1893 2437 colloquiis,
1913 2354 2111 2439 peripsum
2130 2371 2187 2417 acu

683 2462 982 2527 LudooicoBaoaro
1004 2460 1131 2536 bobii-is,
1154 2464 1184 2525 el
1206 2464 1348 2542 roqatur,
1368 2463 1405 2523 ut
1429 2459 1630 2543 Carolo,reqi
1648 2463 1870 2549 Romanorum,
1895 2458 2038 2524 auxiliis
2059 2460 2188 2537 ost-soro

1308 2565 1396 2628 ribus
1419 2565 1563 2629 assistat.

1532 2710 1537 2717 -
1650 2667 1814 2751 Aoiuioue,
1840 2671 1928 2736 1347
1950 2669 2085 2756 Aprilis
2104 2674 2153 2738 29.

785 2889 823 2952 D.
846 2888 868 2953 f.
892 2887 989 2952 nobili
1013 2889 1080 2952 viro
1105 2886 1245 2964 alberto,
1269 2885 1341 2950 duci
1367 2885 1506 2950 dustria.
1529 2885 1716 2950 Presentate
1746 2888 1837 2952 uobis
1863 2907 1971 2971 nuper
2007 2895 2067 2955 tue
2089 2890 2189 2955 nobili·

683 2992 760 3057 tatis
783 2992 889 3056 littere
913 2993 1126 3070 continebant,
1148 2992 1241 3073 quod,
1265 2992 1339 3072 quis
1363 2990 1544 3055 Ludouicus
1567 2989 1606 3053 de
1628 2991 1767 3055 Bauaria
1792 2992 1854 3057 hiis
1877 2993 1996 3059 diebus
2021 2997 2185 3077 preteritis,

683 3096 723 3161 ad
747 3096 872 3161 domum
895 3117 957 3161 uon
980 3097 1132 3162 invitatus
1155 3096 1295 3174 veniens,
1311 3102 1417 3161 tecum
1432 3094 1544 3159 habuit
1559 3093 1715 3177 colloquia
1734 3096 1924 3176 amicabilia,
1942 3100 1975 3163 iu
1997 3099 2089 3165 nullo
2111 3100 2186 3164 curie

682 3200 824 3266 Romane
847 3201 1117 3286 preiudicaucia·)
1149 3201 1378 3283 quoquomodo,
1409 3203 1556 3282 pretextu
1588 3199 1745 3264 adventus
1776 3207 1809 3265 et
1836 3202 2071 3270 collocucionis
2092 3204 2186 3269 huius

682 3305 767 3371 modi
790 3305 909 3370 nullam
931 3305 1085 3371 vellemus
1109 3310 1217 3369 contra
1240 3304 1400 3369 sinistram
1431 3304 1644 3386 suspicionem
1673 3303 1800 3385 habere,
1835 3326 1906 3372 cum
1931 3308 2185 3390 predecessorum

682 3416 808 3475 tuorum
839 3409 1011 3475 inherendo
1041 3409 1186 3492 vestigiis
1217 3428 1288 3473 esse
1320 3408 1400 3472 velis
1431 3414 1464 3472 et
1493 3407 1622 3473 affectes
1657 3414 1765 3473 sancte
1799 3411 1911 3475 matris
1943 3413 2085 3479 ecclesie
2115 3413 2186 3478 filius

684 3513 835 3580 obediens
859 3519 892 3579 et
914 3513 1047 3580 devotus
1070 3533 1107 3580 ac
1130 3514 1306 3597 persistere
1320 3514 1352 3579 in
1369 3512 1540 3578 devocione
1556 3510 1630 3579 fidei
1646 3513 1829 3578 orthodoxe.
1854 3514 1949 3597 Sane,
1975 3515 2035 3597 fili,
2057 3518 2185 3601 quanvis

685 3621 801 3702 prelati
824 3619 988 3699 Ludouici,
1013 3620 1052 3684 dc
1075 3620 1183 3684 multis
1206 3619 1355 3683 heresum
1379 3625 1411 3683 et
1434 3619 1618 3682 scismatum
1641 3618 1824 3684 criminibus
1859 3623 2105 3689 sentencialiter
2125 3642 2186 3688 con·

684 3725 844 3806 dempnati
861 3743 899 3788 ac
915 3724 1048 3790 diversis
1065 3724 1425 3789 excommunicacionum
1441 3723 1612 3788 sentenciis
1628 3723 1779 3800 innodati,
1801 3724 1998 3808 colloquium
2023 3729 2184 3809 cuicunque

684 3828 770 3893 fideli
793 3828 887 3893 valde
910 3828 1123 3910 periculosum
1146 3828 1272 3906 existat,
1296 3830 1371 3910 quia
1393 3834 1498 3892 tamen
1519 3827 1558 3891 de
1573 3832 1606 3892 te
1623 3826 1817 3906 confidimus,
1841 3831 1928 3911 quod
1950 3832 1999 3896 nil
2024 3838 2080 3897 tue
2102 3830 2182 3896 saluti

685 3934 788 3998 anime
811 3934 973 4014 statuique
996 3949 1148 4014 prospero
1172 3932 1371 4008 contrarium,
1389 3932 1556 4012 presertim
1577 3933 1608 3996 iu
1628 3933 1679 3997 dei
1702 3937 1735 3997 et
1758 3939 1868 3998 sancte
1887 3934 2039 4003 Romane
2054 3937 2182 4006 ecclesie

690 4038 801 4104 matris
813 4044 878 4117 tue,
892 4035 1041 4101 offensam
1052 4036 1103 4100 vel
1115 4036 1272 4114 iniuriam,
1287 4041 1505 4118 attemptares,
1519 4056 1556 4100 ex
1569 4039 1732 4119 premissis
1745 4038 1775 4101 iu
1787 4039 1852 4102 tuis
1867 4039 2029 4119 predictis
2045 4041 2185 4106 contentis

686 4144 803 4208 litteris
827 4147 937 4207 contra
958 4146 991 4205 te
1015 4142 1228 4222 suspicionem
1245 4141 1435 4205 contrariam
1451 4160 1512 4205 non
1529 4143 1729 4223 concepimus
1745 4162 1803 4206 nec
1818 4143 1988 4224 habemus,
2003 4148 2080 4228 quin
2095 4147 2182 4218 inune

685 4253 719 4313 te
742 4247 890 4312 devotum
914 4253 1056 4312 nostrum
1079 4251 1112 4310 et
1135 4246 1235 4328 ipsius
1258 4245 1394 4309 ecclesie
1424 4251 1618 4327 reputantes,
1646 4246 1686 4311 ad
1709 4259 1756 4324 ea,
1781 4266 1842 4329 que
1864 4253 1922 4312 tue
1946 4250 2066 4316 salutis
2089 4257 2118 4313 et
2137 4250 2181 4312 lm

686 4354 772 4418 noris
796 4352 958 4417 commoda
982 4352 1163 4433 respicient,
1186 4368 1253 4428 neS,
1278 4355 1431 4432 quantum
1455 4369 1524 4414 cum
1555 4350 1615 4414 deo
1646 4370 1703 4431 per
1725 4369 1783 4414 nos
1805 4349 1876 4416 fieri
1899 4355 2035 4433 poterit,
2057 4353 2182 4435 reperies

685 4456 878 4521 favorabiles
909 4462 941 4521 ct
971 4456 1133 4537 benignos,
1165 4454 1362 4519 nobilitatem
1394 4459 1542 4536 rogantes
1573 4454 1716 4532 candem,
1748 4460 1908 4536 quatenus
1932 4477 1960 4522 c.
1987 4461 2021 4524 in
2044 4459 2100 4525 Ch.
2121 4459 2140 4523 f.
2158 4476 2181 4519 u.

687 4561 810 4640 Carula,
833 4562 901 4644 rugi
925 4561 1135 4626 Romanorum
1160 4559 1285 4636 illustri,
1310 4558 1446 4636 auxiliis
1464 4558 1605 4623 consiliis
1629 4563 1662 4623 et
1684 4559 1845 4625 favoribus
1868 4564 2042 4643 oportunis
2057 4563 2179 4628 assistas

686 4666 726 4730 D.
751 4667 908 4731 Aninioue
931 4665 980 4730 111
1004 4665 1065 4728 kal.
1091 4664 1168 4729 Maii
1193 4683 1221 4727 a.
1246 4664 1368 4746 quinto.

792 4803 846 4890 [ln
871 4808 975 4865 eodem
998 4809 1088 4865 modo
1112 4811 1140 4863 et
1162 4810 1216 4865 sub
1241 4807 1348 4863 cadem
1373 4808 1450 4863 clato
1472 4808 1622 4864 scribitur
1644 4805 1823 4876 ichaunae,
1847 4808 1998 4868 drocissae
2022 4797 2178 4889 Ameriae]

793 5047 941 5101 Clementis
967 5047 1004 5099 Vl
1028 5047 1060 5099 V.
1082 5051 1132 5099 140
1151 5050 1230 5108 (secr.
1250 5062 1275 5098 a.
1293 5043 1327 5106 V)
1347 5044 1365 5097 f.
1388 5044 1447 5098 ‘270'
1467 5060 1493 5096 u.
1517 5048 1583 5096 1246
1602 5049 1629 5097 et
1651 5050 1724 5098 tels.
1747 5074 1780 5083 —
1799 5043 1849 5098 Ed.
1871 5044 2044 5119 Werunslry,
2063 5049 2173 5114 Exeat

688 5152 715 5190 n.
736 5139 793 5202 148,
811 5134 901 5188 Vatilr.
922 5132 1014 5187 Akteu
1033 5151 1058 5187 u.
1078 5139 1154 5186 2324.
1175 5132 1270 5186 lluber
1289 5136 1348 5197 778,
1367 5148 1392 5183 ιι.
1414 5136 1470 5183 195.
1491 5160 1524 5169 -ω
1551 5130 1574 5195 ·)
1594 5129 1761 5197 ,prejudicia‘
1780 5131 1812 5184 V.
