5184 7050
1868 860 1933 929 565

419 1077 531 1139 nostra
565 1089 652 1139 mera
685 1071 888 1151 liberalitate,
912 1071 1079 1138 donaciani
1111 1071 1286 1155 apostolice
1320 1088 1528 1150 reservamus,
1564 1071 1736 1137 ....1).
1772 1069 1929 1136 Auiuione

418 1178 466 1244 Vl
490 1176 665 1244 baldumi
689 1195 716 1243 a.
741 1177 885 1259 septimo.

525 1283 563 1348 ln
593 1301 621 1347 e.
653 1301 694 1346 m.
725 1280 776 1347 dd.
807 1280 839 1346 ff.
863 1331 896 1346 ..
920 1285 1030 1347 sancte
1061 1281 1163 1347 Mario
1194 1281 1226 1346 in
1257 1282 1365 1347 Arena
1396 1287 1484 1346 et..
1509 1281 1610 1346 sancti
1641 1279 1801 1346 vincentii
1832 1297 1933 1361 prope

418 1384 664 1452 Wratislauiam
695 1386 961 1453 monasteriorum
993 1385 1163 1452 abbatibus
1193 1404 1230 1451 ac
1253 1387 1387 1453 sacriste
1419 1385 1555 1452 ecclesie
1577 1384 1801 1452 buinionensis
1823 1400 1848 1449 s.
1872 1387 1932 1449 etc.

530 1493 569 1557 l).
593 1496 629 1556 ut
651 1509 676 1556 s.
1463 1500 1467 1507 ·

528 1627 678 1683 Clementis
702 1626 741 1682 VI
771 1629 805 1682 Α.
830 1627 907 1691 Villi
937 1630 993 1699 (99)
1017 1627 1035 1683 i.
1062 1630 1121 1685 lus'
1147 1646 1173 1683 n.
1200 1635 1241 1696 tl,
1270 1628 1305 1684 de
1329 1628 1496 1698 praebendis
1522 1626 1660 1684 vacaturis
1685 1644 1729 1697 qu.
1752 1625 1931 1682 s:V.1as

415 1716 436 1770 t.
456 1717 502 1771 31'
521 1730 548 1772 ιι.
567 1721 608 1771 tl.
627 1747 661 1758 -
680 1714 868 1785 Registrmum
886 1715 914 1770 in
934 1715 1034 1774 ZVGA
1053 1714 1208 1773 Schlssiens
1227 1715 1312 1784 XXV,
1330 1716 1355 1771 S.
1375 1722 1435 1771 296.

418 2083 516 2152 996.
549 2081 690 2166 Sumam,
724 2086 800 2149 ueto
833 2083 993 2167 ςιιοιιάαιιι
1027 2084 1166 2150 Martini
1200 2083 1238 2150 dc
1271 2082 1413 2161 otochus,
1445 2081 1557 2150 clerico
1586 2082 1761 2166 Praeensis
1791 2081 1933 2158 aarum

394 2190 600 2274 ¹reseruatur
620 2186 802 2270 beneficium
825 2206 895 2252 uem
916 2186 964 2252 vet
985 2187 1053 2252 siae
1075 2208 1163 2268 uua,
1188 2192 1367 2253 concretum
1389 2187 1510 2255 clericis
1524 2187 1743 2254 saecularibus
1759 2185 1931 2269 melanuri,

394 2286 396 2290 ’
415 2291 509 2357 cuim
524 2296 657 2372 fructus
679 2296 722 2358 25
737 2313 819 2376 resp.
835 2296 879 2359 18
893 2313 1076 2358 urarcauum
1092 2293 1217 2373 arpenti
1231 2313 1257 2356 s.
1273 2296 1296 2357 t.
1313 2292 1343 2358 d.
1359 2292 1497 2358 valorem
1520 2312 1661 2359 aunuum
1683 2312 1746 2358 uou
1767 2289 1931 2367 mcedaut,

414 2397 446 2461 si
469 2397 551 2480 quud
574 2397 617 2461 ad
640 2395 837 2461 collationem
860 2396 1042 2462 abbatissae
1056 2400 1086 2460 et
1101 2401 1267 2462 conuentus
1282 2398 1467 2463 monasterii
1482 2397 1586 2463 saocti
1604 2398 1732 2479 Georpii
1747 2394 1931 2477 Propensis,

414 2501 541 2567 ordinis
562 2501 670 2568 saluti
691 2502 866 2578 Benedicti,
889 2505 993 2577 vacat,
1015 2499 1064 2565 eet
1086 2521 1156 2566 eum
1178 2503 1349 2568 succcerit.
1377 2504 1431 2579 ‚D.
1455 2501 1612 2568 Auiuione
1635 2504 1677 2568 II
1693 2500 1759 2567 icat.
1781 2498 1876 2570 Juuii
1898 2520 1929 2564 a.

415 2606 572 2691 septime!
596 2645 638 2654 —
662 2608 702 2672 Iu
724 2629 749 2674 e.
772 2626 813 2671 m.
833 2606 1018 2690 praeposito
1040 2609 1070 2669 et
1100 2605 1218 2671 decano
1248 2608 1423 2690 Praqeusis
1452 2628 1492 2673 ac
1521 2608 1679 2674 scutatae
1707 2604 1932 2673 Aoiuioueusis

872 2711 1085 2777 ecclesiarum.
1131 2712 1249 2777 Forma
1271 2716 1308 2776 ut
1329 2713 1365 2777 iu
1387 2736 1416 2779 u.
1440 2718 1470 2779 2.

467 2832 491 2917 ¹)
1428 2836 1591 2918 lunum,
1618 2839 1705 2902 raes
1728 2835 1813 2903 mass
1834 2838 1887 2902 ar.

525 2988 674 3044 Clementis
692 2989 731 3044 v1
749 2989 874 3060 avuto
887 2993 960 3058 (rot)
972 2991 990 3045 l.
1004 2991 1100 3059 tl',de
1119 2990 1258 3047 beneflciis
1275 3008 1337 3046 cum
1355 2991 1398 3046 vel
1417 2992 1476 3048 sine
1494 3007 1561 3046 cura
1578 3007 1623 3060 qu.
1642 2998 1705 3046 2:
1718 2991 1750 3046 V.
1770 2996 1820 3047 187
1839 2990 1857 3044 t.
1878 2996 1929 3046 999

418 3093 446 3131 u.
466 3083 527 3131 497.
546 3108 579 3117 -
600 3079 619 3144 ¹)
637 3076 753 3132 Tenatio
772 3075 860 3132 deest

1068 3187 1275 3197 ...—-—-——-

415 3395 510 3463 997.
535 3395 649 3459 Petrus
672 3394 829 3461 Bucconis
850 3392 1020 3478 mumtmat,
1042 3397 1079 3457 ut
1100 3393 1217 3459 matria
1238 3414 1317 3459 suae
1331 3393 1438 3461 literis
1457 3393 1645 3461 concedatur
1659 3387 1813 3461 absolutio
1829 3392 1929 3480 pluro

1006 3498 1043 3565 iu
1063 3499 1175 3566 mestis
1197 3499 1342 3566 articulo.

1419 3586 1583 3665 Adsum,
1606 3590 1693 3656 1348
1714 3588 1809 3657 Juuii
1830 3588 1883 3655 13.

525 3743 689 3827 Supplicst
719 3743 750 3811 S.
774 3744 811 3810 V.
835 3745 969 3810 devotus
992 3745 1013 3810 i.
1036 3766 1064 3810 v.
1089 3747 1205 3812 Petrus
1238 3747 1402 3826 Basconis,
1436 3745 1556 3813 ordinis
1589 3747 1723 3812 fratrum
1756 3745 1925 3827 Minorum,

414 3849 556 3914 diocesis
571 3848 750 3932 Pragcnsis,
767 3849 799 3914 in
814 3867 981 3932 personam
998 3867 1055 3915 sue
1068 3848 1184 3915 dilecte
1196 3852 1306 3916 matris
1318 3851 1373 3931 M,
1386 3852 1498 3917 relicte
1506 3854 1532 3933 ⁸)
1545 3851 1585 3917 de
1598 3850 1748 3933 Opoczna
1760 3851 1926 3932 Basconis,

414 3954 556 4019 diocesis
579 3952 770 4038 supradicte,
795 3958 953 4035 qnatenus
975 3954 1131 4020 iacientes
1153 3957 1290 4037 graciam
1314 3956 1496 4038 specialem,
1512 3962 1547 4021 ut
1563 3955 1648 4022 dicte
1670 3955 1796 4021 domiue
1818 3954 1928 4023 liberis

415 4056 582 4124 comessor
615 4075 672 4124 seu
708 4058 915 4138 confessores,
950 4077 1043 4140 quem
1073 4077 1130 4125 seu
1161 4078 1240 4142 quos
1272 4061 1420 4127 duxerint
1451 4059 1640 4144 eligendum,
1672 4060 1771 4126 semol
1804 4065 1928 4128 tantum

413 4164 448 4229 iu
472 4162 585 4228 mortis
607 4163 740 4229 articulo
764 4163 890 4246 plenam
914 4162 1146 4247 indulgenciam
1170 4165 1246 4231 dare
1268 4166 1383 4247 valeat,
1400 4166 1576 4251 apostolica
1591 4165 1782 4232 auctoritate
1804 4165 1928 4233 miscri-

413 4266 557 4334 corditer
579 4267 751 4351 dignemini
774 4267 948 4351 indulgere,
972 4289 1044 4335 cnm
1067 4270 1211 4336 omnibus
1235 4289 1297 4336 uon
1321 4270 1521 4337 obstantibus
1537 4276 1570 4336 et
1586 4270 1736 4338 clausulis
1752 4270 1927 4354 oportunis.

522 4371 596 4437 Fiat
617 4372 654 4437 R.
699 4374 744 4440 Et
764 4392 794 4457 q.
818 4378 841 4439 t.
865 4392 890 4439 s.
914 4392 942 4440 a.
966 4374 987 4438 1.
1032 4373 1105 4440 Fiat
1127 4374 1164 4441 R.
1211 4375 1249 4441 D.
1273 4376 1431 4442 Auinione
1453 4376 1495 4442 id.
1519 4375 1610 4442 Junii
1631 4394 1659 4441 a.
1684 4376 1827 4459 septimo.

522 4543 773 4603 clementioris.
792 4546 870 4618 Vllsl
891 4548 947 4618 (lt)
965 4546 984 4603 t.
1003 4548 1056 4603 84'.
1075 4577 1109 4588 -
1135 4552 1158 4613 ⁸)
1176 4546 1225 4616 ,lae
1243 4546 1357 4605 Relicte‘
1375 4548 1411 4618 S,
1428 4564 1498 4605 corr.
1517 4548 1552 4605 ab
1571 4547 1685 4605 editors.

412 4898 511 4967 998.
537 4895 736 4972 Guidelmus,
758 4896 848 4962 titadi
861 4902 993 4963 sauctae
1009 4899 1137 4965 Mariae
1152 4900 1187 4966 iu
1204 4898 1368 4967 (hamdis
1382 4898 1535 4966 diaconus
1555 4899 1741 4976 cardinalis,
1757 4899 1926 4985 supplicat,

410 5005 575 5086 wudu
606 5001 699 5067 Petro
728 5001 865 5084 Beqoais
896 5002 934 5066 de
963 5002 1154 5068 canonicatu
1183 5007 1213 5067 et
1240 5003 1427 5088 praebendo
1455 5005 1490 5069 iu
1515 5003 1647 5070 ecclesia
1672 5005 1871 5072 Cracouicusi
1891 5005 1927 5071 iu

890 5107 1037 5191 prosim
1058 5109 1223 5173 amaturis
1240 5108 1458 5192 provideatur.

1416 5212 1582 5291 Auiuioue,
1605 5216 1692 5280 1348
1713 5215 1808 5282 Juuii
1828 5216 1881 5281 14.

522 5366 688 5454 Supplicat
704 5368 735 5436 S.
748 5368 785 5436 V.
803 5368 919 5435 devota
934 5375 1082 5436 creatura
1097 5375 1203 5436 vestra
1218 5369 1446 5456 G[uillelmus],
1463 5376 1573 5437 sancte
1588 5371 1692 5438 Mario
1707 5372 1740 5438 in
1756 5370 1926 5439 Cosmedin

412 5472 570 5541 diawnus
592 5472 771 5555 cardinalis,
794 5479 952 5558 quatenus
975 5475 1035 5541 sibi
1058 5476 1091 5540 in
1111 5494 1276 5559 personam
1293 5476 1437 5559 magistri
1454 5478 1540 5543 Petri
1560 5477 1707 5560 Begonis,
1723 5476 1924 5544 baccalaurei

411 5578 446 5647 iu
469 5578 605 5663 legibus,
627 5577 736 5645 dilecti
759 5577 924 5644 familiaris
946 5580 997 5646 sui
1028 5599 1064 5645 ac
1095 5583 1309 5663 procuratoris
1336 5581 1521 5664 principalis
1544 5582 1576 5645 iu
1598 5581 1705 5665 regnis
1728 5581 1866 5664 Vugarie
1890 5587 1924 5648 ot

410 5683 557 5764 Polonie,
591 5684 763 5768 specialem
797 5685 936 5768 graciam
970 5683 1135 5764 iacientes,
1170 5686 1210 5751 de
1243 5687 1429 5751 canonicatu
1460 5692 1493 5750 et
1523 5684 1686 5767 prebenda
1710 5684 1925 5768 draconiorum,

411 5808 496 5873 quos
526 5795 616 5855 tenet
645 5789 840 5870 Baczada,·)
873 5790 1012 5854 decanus
1043 5796 1075 5854 et
1106 5791 1276 5857 canonicus
1307 5792 1406 5873 ipsius
1434 5791 1569 5855 ecclesie
1592 5796 1624 5854 et
1645 5809 1703 5874 per
1726 5790 1763 5858 V.
1787 5792 1818 5858 S.
1843 5811 1925 5858 nuuc
