5184 7050
672 760 733 829 778

671 969 760 1035 sibus
783 970 816 1034 in
839 968 1028 1035 beneficium
1052 969 1306 1035 ecclesiasticum
1327 971 1453 1036 nominc
1475 970 1584 1053 gracie
1606 971 1771 1052 assignari,
1806 976 1841 1036 et
1876 989 1956 1035 cum
1992 968 2121 1035 ceteris
2152 988 2204 1033 nan

671 1074 874 1139 obstantibus
898 1079 931 1139 et
953 1074 1107 1140 clausulis
1130 1074 1294 1157 oportunis
1317 1092 1356 1139 ac
1378 1075 1611 1141 executoribus.

776 1177 850 1243 Fiat
872 1179 909 1244 R.
934 1179 977 1244 Et
999 1197 1029 1261 q.
1052 1184 1074 1244 t.
1099 1196 1125 1244 s.
1148 1199 1177 1244 a.
1200 1178 1221 1243 l.
1245 1178 1318 1244 Fiat
1339 1178 1377 1243 R.
1400 1179 1440 1244 D.
1464 1179 1622 1245 Auinione
1644 1178 1690 1245 IX
1712 1178 1777 1244 lral.
1796 1179 1949 1262 Augusti
1975 1197 2009 1243 a.
2035 1178 2204 1243 undecima

778 1330 930 1388 clementia
949 1332 987 1386 71
1004 1331 1030 1387 S.
1048 1331 1116 1402 Xlsl
1135 1334 1192 1400 (aa)
1210 1331 1229 1387 t
1249 1334 1301 1385 82'.

671 1673 792 1741 1617.
814 1672 963 1738 Andreae
984 1671 1022 1735 de
1046 1669 1237 1749 Rosclaoica,
1258 1672 1407 1735 cououica
1429 1674 1459 1735 et
1488 1669 1623 1753 officiali
1653 1666 1913 1749 Vratisluaieusi,
1947 1675 2145 1735 reservatur
2164 1671 2201 1735 ad

672 1776 934 1861 supplicationem
958 1774 1110 1850 stecalai,
1134 1775 1272 1858 episcopi
1290 1774 1560 1849 Vratislaaicasis,
1583 1773 1734 1854 dipuitas,
1753 1778 1961 1857 personatus
1986 1795 2051 1839 seu
2069 1774 2199 1856 officiosa

672 1902 742 1947 cum
770 1879 819 1945 cel
846 1879 916 1944 siue
946 1881 1086 1958 caraci
1114 1879 1149 1943 iu
1182 1879 1291 1943 eadem
1313 1879 1444 1943 ccclesia
1463 1882 1568 1956 accat
1590 1877 1638 1942 ael
1660 1898 1729 1942 cum
1751 1880 1936 1957 sumcere,
1961 1898 2034 1942 uon
2056 1878 2198 1953 obctama

673 1985 766 2068 ,quod
787 1985 822 2048 iu
849 1988 987 2067 prefata
1016 1983 1146 2048 ecclesia
1176 1987 1365 2066 perpetuum
1386 1981 1577 2065 beneficium,
1601 1980 1754 2047 allodium
1777 1983 2004 2065 anosoao1)
2031 1982 2198 2064 crapario«

672 2092 897 2172 auumcpatum,
928 2092 1107 2153 comaclum
1136 2088 1297 2153 canonicis
1326 2087 1429 2170 ipsius
1460 2085 1585 2151 ecclesie
1619 2086 1791 2166 ussipuari,
1827 2086 1979 2150 nosceris
2018 2087 2196 2154 elamet

673 2194 815 2259 ....D.
832 2192 988 2256 Auia-ione
1019 2193 1117 2257 VIIIl
1134 2191 1198 2256 leat.
1221 2190 1361 2271 Aupusta'
1383 2213 1412 2255 a.
1436 2190 1620 2255 undecimo}
1640 2228 1682 2237 -
1707 2192 1746 2255 lu
1767 2211 1792 2254 c.
1808 2211 1851 2254 m.
1869 2189 1993 2254 abaci
2016 2194 2194 2256 monastaii

672 2301 808 2362 suadae
841 2296 970 2362 diarriae
1003 2300 1033 2360 et
1060 2295 1244 2379 praeposito
1276 2294 1381 2361 sandi
1413 2294 1555 2378 Spiritus
1589 2298 1681 2359 extra
1713 2314 1820 2359 muros
1852 2294 2135 2361 Vrutislaaieasee
2160 2317 2192 2361 ac

780 2453 817 2468 -
905 2400 1062 2466 sacristae
1085 2398 1307 2465 Acinioueasis
1332 2398 1543 2465 ecclesiarum.
1590 2400 1707 2464 Forma
1728 2402 1765 2461 ut
1785 2399 1822 2462 iu
1844 2420 1876 2464 a.
1903 2402 1962 2466 52.

716 2523 765 2609 ,ἱ
780 2521 826 2607 ἱ.
1681 2535 1846 2612 nantem,
1871 2539 1966 2603 1352
1990 2539 2151 2605 auriac.

779 2691 928 2748 Clementis
954 2692 993 2746 71
1020 2694 1053 2747 Α.
1081 2691 1149 2761 xlta
1175 2690 1194 2745 f.
1221 2696 1272 2745 238
1299 2708 1325 2745 n.
1348 2697 1372 2759 3,
1400 2689 1435 2746 de
1462 2688 1639 2759 dignitatibus
1667 2689 1802 2747 vacaturis
1830 2708 1876 2760 qu.
1900 2699 1913 2746 1
1944 2702 1973 2747 et
2004 2695 2148 2749 unicus:
2162 2694 2186 2747 7.

681 2786 731 2834 213
750 2779 769 2834 t.
788 2781 829 2834 68'
849 2796 875 2832 n.
894 2787 919 2833 3.
937 2808 969 2819 -
988 2779 1055 2847 Reg.
1074 2778 1102 2833 in
1121 2778 1220 2832 ZVGA
1247 2776 1406 2832 Schlesiens
1424 2778 1509 2844 XXV,
1528 2784 1587 2832 289.
1608 2809 1637 2817 -
1659 2779 1679 2845 ¹)
1697 2777 1878 2834 Purbiscbau.
1921 2782 1943 2846 ¹)
1970 2779 2009 2835 de
2036 2781 2186 2836 manicata

677 2868 729 2921 sub
753 2883 815 2935 exp.
840 2865 1025 2935 praebendae,
1050 2881 1130 2933 quem
1155 2865 1281 2919 Andreas
1310 2864 1343 2920 de
1368 2864 1526 2921 Rosslaricc
1544 2866 1573 2919 iu
1592 2865 1689 2920 eadem
1708 2866 1828 2921 ccclesia
1847 2867 2009 2935 obtinebat,
2030 2868 2106 2937 (ride
2123 2885 2185 2921 nun.

676 2956 764 3021 itio),
782 2952 827 3007 hic
845 2952 921 3007 nulla
939 2951 970 3006 lit
987 2952 1098 3007 mentia.
1140 2994 1143 3000 .

677 3311 795 3378 1618.
827 3309 1015 3393 Caelmirua
1045 3329 1102 3375 rec
1133 3309 1291 3390 Pelopiae,
1322 3309 1484 3394 supplicat
1513 3313 1643 3392 practer
1673 3310 1750 3388 aliu,
1783 3314 1820 3374 ut
1844 3310 2010 3377 Floriano
2036 3314 2124 3378 Petri
2152 3312 2183 3375 dc

676 3415 817 3481 Motrslco
830 3415 853 3495 ¹)
885 3415 923 3478 de
953 3414 1117 3495 dipuitcte,
1146 3418 1323 3497 personatu
1351 3435 1407 3479 seu
1440 3413 1544 3497 officia
1574 3434 1644 3478 cum
1673 3413 1811 3479 celsiore
1832 3434 1925 3489 cura,
1949 3417 1981 3479 si
2006 3418 2042 3479 iu
2064 3417 2180 3483 ecclesio

682 3517 923 3584 Vrctislaaieasi
954 3518 998 3583 ad
1031 3517 1227 3584 couutiarum
1264 3518 1403 3602 episcopi
1434 3517 1690 3584 Vratislauieusis
1720 3515 1897 3594 accatucci
1921 3521 2179 3595 cumcacarerit,

1319 3622 1535 3706 provideatur.

1684 3706 1848 3789 Aviuioue,
1870 3711 1963 3776 1352
1984 3711 2076 3779 Julii
2095 3715 2144 3778 27.

777 3866 942 3949 Supplicat
958 3866 989 3933 S.
1005 3866 1043 3931 V.
1060 3866 1194 3931 devotus
1217 3863 1301 3930 filius
1324 3866 1515 3945 Kazimirus,
1538 3885 1593 3931 rex
1617 3866 1757 3944 Palania,
1781 3869 1941 3947 quatenus
1964 3870 2000 3933 iu
2024 3887 2179 3952 personam

677 3969 791 4036 nabilis
824 3971 883 4035 viri
918 3970 1067 4050 Floriani,
1101 3972 1167 4035 nati
1202 3971 1289 4035 Petri
1324 3970 1364 4035 de
1397 3970 1552 4047 Matrslra,
1584 3970 1684 4051 ipsius
1707 3969 1931 4036 commensalis
1956 3977 1989 4037 et
2014 3973 2178 4048 familiaris,

677 4075 816 4156 graciam
848 4074 1003 4141 iacientes
1034 4074 1214 4157 specialem,
1246 4075 1348 4139 eidem
1379 4074 1526 4139 Floriana
1550 4074 1590 4138 de
1614 4074 1778 4156 dignitate,
1803 4082 1981 4157 personatu
2006 4095 2067 4142 seu
2089 4076 2179 4143 alticio

677 4196 748 4242 aum
771 4197 847 4243 cura
869 4179 919 4244 vel
942 4181 1012 4243 sine
1036 4197 1111 4243 cura
1135 4180 1167 4243 in
1189 4178 1326 4243 eeclesia
1349 4177 1616 4257 Wrotislauiensi,
1640 4183 1805 4260 spectante
1828 4179 1870 4244 ad
1901 4179 2111 4247 collacionem
2131 4200 2178 4245 seu

677 4282 890 4363 provisionem
915 4288 971 4348 aut
993 4283 1086 4347 aliam
1118 4282 1361 4364 disposicionem
1392 4282 1567 4364 quamlibet
1597 4283 1737 4364 episcopi
1760 4282 2055 4363 Wratislauiensis,
2079 4287 2105 4351 si
2126 4303 2179 4367 qua

676 4385 728 4451 vel
744 4387 771 4451 si
788 4388 860 4468 quis
875 4393 968 4451 vacat
983 4387 1023 4451 ad
1038 4405 1181 4469 presens,
1197 4386 1248 4452 vel
1265 4405 1336 4452 oum
1355 4388 1528 4465 vacaverit,
1545 4386 1716 4468 dignemini
1736 4386 1989 4455 misericorditer
2012 4391 2178 4474 procidere

679 4509 748 4556 aum
766 4493 999 4573 acceptatione,
1013 4491 1214 4569 inhibitione,
1233 4492 1361 4556 decreta
1377 4496 1411 4556 et
1426 4492 1541 4557 ceteris
1557 4491 1708 4557 clausulis
1724 4498 1757 4556 et
1772 4494 2001 4559 executoribus
2017 4495 2180 4579 oportunis.

678 4596 919 4674 nonobstante,
944 4596 1028 4677 quad
1051 4595 1134 4660 idem
1157 4595 1324 4660 Florianus
1348 4596 1380 4660 in
1403 4596 1539 4661 eeclesia
1563 4595 1766 4662 Oracouiensi
1802 4599 2030 4664 canonicatum
2061 4607 2094 4665 et
2121 4617 2177 4682 pre

677 4699 812 4765 bendam
838 4718 875 4765 ac
898 4698 1005 4763 villam
1026 4698 1176 4777 ruralem,
1199 4698 1239 4763 ad
1271 4698 1476 4765 collacionem
1507 4700 1639 4780 capituli
1671 4699 1893 4766 Cracauiensis
1924 4709 2133 4784 spectantem,
2153 4711 2181 4766 et

679 4803 856 4869 custodiam
887 4804 919 4867 in
950 4802 1086 4868 ecclesia
1116 4803 1285 4885 collegiata
1317 4803 1584 4882 Sandamum'ensi,
1615 4804 1752 4869 diocesis
1783 4803 2022 4888 Gracouiensis‚
2054 4809 2180 4874 nascitur

679 4908 832 4986 obtinere,
853 4927 945 4989 quarn
962 4908 1139 4971 custodiam
1156 4912 1286 4988 paratus
1302 4913 1352 4971 est
1367 4908 1536 4986 dimittere,
1554 4909 1725 4989 quamcito
1742 4910 1939 4991 corporalem
1956 4914 2179 4994 passessionem

678 5012 842 5095 dignitatis
864 5011 915 5076 vel
938 5015 1129 5094 personatus
1152 5011 1251 5077 tuerit
1273 5018 1450 5077 assecutus

782 5307 825 5373 Et
848 5306 932 5389 quod
954 5311 1120 5372 manserant
1135 5326 1159 5371 s.
1178 5326 1207 5373 a.
1224 5307 1243 5372 l.
1268 5307 1312 5373 Et
1334 5326 1466 5372 examen
1489 5309 1532 5374 sit
1554 5308 1601 5372 eis
1622 5308 1799 5374 remissum.
1823 5307 1898 5374 Fiat
1913 5309 1954 5375 R.
1979 5313 2020 5378 D.
2037 5312 2179 5378 Aniniaru

679 5409 723 5475 71
744 5408 808 5475 kal.
834 5412 969 5492 Augusti
992 5429 1020 5475 a.
1045 5411 1221 5478 undecimo.

784 5546 932 5603 clementis
951 5547 989 5601 Vl
1001 5548 1026 5602 S.
1041 5547 1107 5618 llll]
1121 5554 1176 5614 (22)
1190 5549 1210 5606 t.
1223 5553 1264 5604 88.
1276 5579 1310 5589 -—
1323 5549 1389 5616 aeg.
1403 5548 1433 5603 in
1444 5547 1543 5603 ZVGA
1556 5548 1711 5605 Scbleeiena
1723 5547 1882 5617 117289.
1898 5582 1930 5592 -
1949 5558 1970 5622 ¹)
1983 5554 2033 5608 cir.
2047 5571 2118 5609 num.
2130 5559 2177 5607 tat.
