5184 7050
1864 831 1926 897 179

414 1049 439 1096 c.
455 1029 506 1095 rel
522 1030 552 1095 d.
569 1030 610 1095 ari
633 1029 847 1112 collacionern,
871 1052 969 1115 prou,
987 1052 1069 1114 pres.
1091 1050 1148 1097 seu
1172 1054 1201 1116 q.
1226 1053 1253 1098 a
1272 1033 1302 1098 cl.
1327 1034 1460 1116 predicti
1484 1036 1625 1118 episcopi
1650 1037 1828 1120 pragensis
1852 1059 1924 1122 pre·

413 1136 518 1218 positi,
553 1135 666 1201 decani
699 1141 733 1201 et
755 1137 884 1218 capituli
908 1138 1051 1203 eiusclern
1074 1137 1208 1203 ecclesie
1231 1139 1410 1221 PrugensiS,
1445 1140 1473 1204 si
1496 1140 1581 1222 quod
1603 1148 1695 1206 vacat
1716 1142 1757 1207 aci
1781 1161 1922 1226 presens

411 1239 460 1303 1111
485 1241 717 1322 quamprimum
738 1243 900 1307 vacaverit
922 1242 954 1307 in
976 1241 1121 1322 ecelesia,
1152 1243 1280 1307 civitate
1303 1243 1354 1307 rel
1377 1243 1495 1308 diocesi
1523 1245 1684 1328 Pragensi,
1716 1265 1787 1311 cunr
1810 1265 1922 1329 aceep-

411 1344 546 1423 tacionc,
569 1344 771 1425 iuhibicione,
794 1348 1023 1425 reservacione,
1051 1347 1179 1412 decreto
1202 1353 1235 1411 et
1257 1345 1399 1411 clausula
1422 1346 1572 1412 anteferri
1597 1349 1700 1413 eirlern
1722 1349 1861 1415 Johauni
1885 1351 1925 1415 cie

411 1448 607 1530 benignitate
636 1449 812 1530 apostolico
841 1450 1011 1533 ‹lignernini
1042 1451 1218 1532 providere,
1253 1470 1315 1516 non
1345 1452 1501 1531 obstante,
1536 1453 1620 1533 queri
1655 1453 1737 1518 idem
1761 1454 1923 1519 lohannes

411 1552 566 1635 capellani
588 1560 769 1619 sanctoruni
791 1554 900 1619 decern
922 1554 1043 1619 rniliurn
1065 1555 1199 1620 militurn
1222 1556 1253 1619 in
1277 1554 1420 1636 predicto
1443 1561 1547 1620 castro
1571 1557 1811 1638 Pyrssensteyn,
1836 1557 1921 1622 dicte

412 1657 581 1739 Pragensis
611 1657 755 1735 ecclesie,
787 1664 820 1722 et
842 1659 1059 1724 canonicatum
1082 1659 1114 1723 in
1137 1657 1273 1723 ecelesia
1305 1657 1439 1736 Cieensi,
1471 1657 1750 1741 Neuenburgensis
1774 1660 1924 1742 diocesis,

410 1762 468 1826 sub
499 1763 725 1844 expectacione
759 1763 919 1845 prebende
953 1764 1142 1828 auctoritate
1176 1762 1355 1827 litterarum
1386 1768 1561 1827 vestrarum
1590 1763 1732 1828 noscitur
1766 1763 1923 1832 obtinere,

409 1881 478 1930 cum
512 1867 658 1931 omnibus
691 1866 762 1931 aliis
796 1887 858 1932 non
891 1867 1100 1946 obstantibus,
1134 1866 1285 1932 clausulis
1316 1868 1479 1948 oportunis
1510 1871 1543 1932 et
1573 1868 1796 1932 executoribus
1830 1869 1920 1933 utin

410 1970 521 2036 forma.

514 2076 587 2140 Fiat
608 2077 710 2141 eciam
732 2076 772 2139 de
794 2075 898 2141 officio
921 2082 981 2141 etc.
1005 2077 1042 2141 R.
1080 2076 1123 2142 Et
1146 2096 1175 2159 q.
1199 2081 1220 2140 t.
1246 2094 1270 2140 s
1295 2096 1323 2141 a.
1348 2075 1367 2140 l.
1393 2075 1463 2141 Fiat
1486 2075 1522 2140 R.
1558 2077 1597 2141 b.
1621 2077 1777 2142 Auinione
1801 2077 1831 2142 11
1854 2076 1917 2143 kal

411 2179 578 2244 Februarii
602 2199 629 2245 a.
655 2180 804 2245 seeundo.

516 2370 666 2426 Clementis
684 2371 722 2424 VI
741 2372 759 2423 S
778 2371 832 2441 1111
854 2375 892 2441 (3)
912 2372 930 2426 1.
951 2374 1018 2425 145'.
1043 2403 1075 2410 —
1104 2373 1122 2440 ¹)
1149 2373 1187 2426 eie
1211 2370 1246 2439 S,
1271 2380 1299 2427 et
1324 2371 1419 2426 eudem
1444 2369 1601 2439 corruptela
1625 2369 1760 2439 repetitur
1786 2369 1867 2426 etiarn
1892 2370 1920 2425 iu

412 2457 578 2526 provisione,
599 2458 821 2512 subnotato&
841 2459 972 2514 Fortasse
992 2459 1100 2524 ‚Rast‘l

1069 2638 1269 2647 Μ

413 2947 500 3014 298.
539 2947 633 3010 Petro
655 2948 814 3029 quondam
842 2949 876 3015 U
876 2947 951 3013 irici
972 2949 1052 3014 dicti
1074 2946 1240 3025 Piicsserii,
1275 2948 1424 3014 canonico
1447 2947 1594 3013 eclesiae
1623 2946 1921 3029 Vyoeeprodeneie·)

409 3072 508 3134 prope
534 3053 686 3132 Propom,
720 3057 902 3117 reserentur
924 3052 1106 3135 beneficium
1127 3053 1376 3119 ecclesiasticum
1398 3073 1470 3118 cum
1492 3051 1538 3117 vel
1559 3053 1627 3117 sine
1649 3073 1738 3128 eoru,
1771 3051 1921 3116 etiamsi

412 3154 564 3236 dipnitas,
585 3161 776 3239 personatur
791 3157 839 3221 vel
853 3156 992 3242 efficium
1014 3157 1141 3234 existat,
1164 3162 1313 3241 spectans
1333 3158 1377 3223 od
1392 3157 1588 3224 collationem
1609 3157 1748 3240 episcopi
1762 3161 1792 3220 et
1807 3155 1921 3221 decom

411 3263 441 3322 et
464 3259 602 3343 capituli
634 3260 858 3339 Olomucensis,
889 3261 1023 3345 siquod
1044 3262 1078 3325 in
1100 3262 1231 3328 ecclesio
1262 3262 1310 3326 cel
1341 3263 1468 3328 civitate
1497 3265 1554 3325 out
1583 3260 1699 3325 diocesi
1723 3258 1921 3324 Oiomecensi

411 3368 508 3428 oacoi
531 3364 575 3429 od
592 3385 757 3449 praesens,
788 3365 836 3430 oei
858 3387 928 3430 eum
948 3367 1121 3443 occurrerit,
1153 3387 1214 3431 non
1235 3366 1378 3432 obstem
1399 3371 1435 3430 at
1456 3367 1491 3431 ia
1513 3367 1640 3432 11297.
1686 3365 1739 3441 ,D.
1763 3363 1920 3428 Aninione

411 3468 445 3531 X
463 3467 530 3535 boi.
563 3468 732 3533 Fcbmarii
761 3492 791 3533 u.
822 3470 1041 3536 31114ηάοέ-
1068 3473 1106 3537 In
1135 3493 1160 3535 e.
1184 3492 1225 3536 ai.
1249 3470 1392 3555 episcopo
1426 3470 1596 3535 Pomensi
1623 3472 1654 3534 ei
1685 3466 1861 3535 clirinwnei
1889 3470 1920 3531 et

541 3573 744 3649 Grodicensi,
767 3574 915 3641 ecciesiae
939 3576 1121 3656 Propensis,
1145 3574 1388 3641 archidiaconis.
1436 3575 1549 3638 Forma
1573 3573 1664 3637 utin
1687 3596 1716 3639 n.
1742 3574 1792 3637 76.

455 3799 499 3854 .X
523 3800 566 3853 X.

516 3938 665 3993 Clementis
683 3937 765 3991 VIA
783 3938 839 4002 ruo
859 3941 914 4008 (lt)
934 3940 953 3993 1.
965 3941 1034 4005 544¹,
1053 3939 1087 3993 de
1098 3937 1238 3993 beneficiis
1257 3935 1372 3991 cumvel
1386 3936 1444 3990 sine
1464 3951 1530 3990 curn
1548 3951 1592 4003 qu.
1613 3942 1627 3988 ’1
1646 3953 1679 3987 z
1698 3935 1730 3988 V.
1751 3939 1799 3987 158
1818 3933 1836 3988 1.
1856 3935 1916 3988 408'

412 4042 437 4079 u.
458 4031 517 4080 761.
537 4056 570 4066 -
589 4024 640 4080 Ed.
659 4024 744 4079 GDM.
764 4024 816 4078 Vll
835 4042 861 4079 n.
882 4031 940 4094 535,
960 4025 1044 4080 RBM.
1064 4024 1103 4078 IV
1121 4042 1147 4080 n.
1170 4030 1242 4078 1373.
1262 4054 1295 4064 -
1323 4028 1346 4090 ¹)
1364 4022 1618 4091 ,wissegradensis
1637 4024 1671 4076 A.

1348 3748 1511 3823 Aninione,
1533 3748 1621 3812 1344
1642 3746 1799 3814 leonorii
1820 3745 1873 3812 23.

1062 4274 1269 4286 --—.-—

413 4519 502 4585 299.
547 4518 701 4593 Jobonni,
735 4523 811 4582 noto
842 4518 1044 4583 Hemesonis
1054 4525 1081 4596 ⁸)
1110 4516 1149 4580 de
1178 4510 1368 4591 lursceinr)
1402 4512 1552 4577 canonico
1582 4508 1732 4575 ecciesiae
1765 4508 1915 4586 Cicereio,

413 4622 685 4704 Noomburpenois
700 4622 726 4708 c)
749 4623 891 4695 diocesis,
926 4625 1106 4686 reservatur
1128 4619 1310 4701 beneficium
1332 4637 1388 4681 eeu
1409 4615 1550 4701 officim
1576 4612 1824 4679 ecclesiasticum
1847 4633 1917 4677 eum

411 4726 455 4790 oei
483 4727 552 4790 sim
582 4747 670 4800 curo,
703 4732 853 4809 spectans
883 4727 927 4790 orl
957 4725 1153 4789 collationem
1181 4723 1329 4807 episcopi,
1360 4720 1547 4803 praepositi,
1578 4717 1691 4783 decom
1721 4722 1750 4781 ci
1782 4715 1917 4799 capituli

413 4829 592 4909 Properois,
614 4830 645 4892 si
666 4829 749 4913 quod
769 4831 804 4894 in
826 4829 957 4894 ecclesio
981 4828 1028 4893 vei
1050 4829 1176 4893 civitate
1198 4830 1255 4891 utet
1280 4825 1395 4890 diocesi
1416 4822 1572 4903 Hopeuoi
1585 4825 1681 4886 vocet
1695 4820 1916 4903 adpraesens,

411 4931 455 4994 oei
484 4952 557 4996 eum
578 4934 749 5010 vocaverit,
784 4953 845 4997 non
874 4933 1017 4997 obstante
1046 4936 1081 4995 ut
1103 4932 1137 4996 in
1159 4953 1189 4995 n.
1212 4933 1286 4995 297.
1333 4929 1386 5004 ,D.
1410 4926 1567 4991 Auinioae
1598 4926 1631 4989 X
1648 4923 1713 4989 irai.
1747 4921 1917 4987 lbbruarii

411 5056 440 5100 o.
462 5035 619 5102 acuendo!
650 5073 695 5084 -
728 5039 768 5101 In
800 5060 825 5101 e.
860 5057 901 5099 m.
932 5038 1075 5119 episeopo
1110 5036 1279 5100 Pomnensi
1309 5038 1339 5098 ei
1371 5030 1547 5099 Clerimenei
1579 5033 1610 5094 ei
1647 5028 1848 5108 Gradieenoi,
1882 5027 1916 5092 in

666 5139 797 5205 ecclesio
823 5140 988 5221 hupenci,
1020 5140 1262 5205 archidiaconis.
1307 5140 1423 5203 lbrmo
1446 5141 1482 5200 ut
1503 5135 1538 5201 in
1559 5137 1666 5200 1176.

514 5296 551 5434 Ξ
1343 5312 1505 5389 Aninione,
1529 5310 1615 5374 1344
1636 5307 1795 5377 Januarit
1817 5310 1870 5373 23.

462 5258 498 5362 .¹.

450 5381 491 5433 .x

509 5502 660 5557 clementis
679 5501 716 5556 Vl
735 5505 757 5555 Α
779 5501 833 5569 ilfa
853 5505 908 5570 (75)
929 5503 1029 5569 15111,
1049 5502 1082 5556 de
1102 5502 1243 5557 beneficiis
1262 5519 1322 5556 curu
1342 5501 1384 5555 vel
1405 5501 1464 5554 sine
1484 5515 1550 5554 cura
1568 5515 1612 5567 qu.
1632 5496 1808 5550 ‘1:V.1bss
1827 5496 1845 5550 i.
1866 5501 1915 5548 409

409 5595 556 5642 1762.-
587 5591 609 5657 Ι)
628 5589 824 5657 ,Haynusonis‘
844 5593 876 5642 Α.
905 5590 927 5648 t,
947 5590 1163 5657 ,l'yrssensteyu‘
1182 5591 1215 5642 A.
1243 5592 1264 5646 tl
1285 5586 1537 5655 ,Nueurburgensis‘
1558 5588 1591 5638 Α.
