5184 7050
658 874 720 939 146

655 1081 820 1146 ferendum
844 1079 903 1143 tibi
928 1129 934 1142 .
960 1130 967 1142 .
993 1128 999 1141 .
1025 1129 1031 1140 .
1056 1077 1086 1141 d.
1111 1097 1140 1141 a.
1163 1096 1374 1142 reservamus,
1400 1129 1406 1142 .
1432 1129 1439 1142 .
1464 1130 1471 1143 .
1496 1099 1524 1155 .;
1554 1080 1872 1144 nonobstantibus.
1898 1129 1905 1144 .
1929 1130 1936 1144 .
1963 1131 1969 1145 .
2002 1099 2059 1145 seu
2083 1082 2162 1161 quod

655 1184 773 1249 dudum
807 1202 904 1264 super
936 1183 1116 1264 provisione
1148 1182 1208 1247 tibi
1243 1181 1392 1246 iacienda
1422 1182 1461 1247 de
1491 1183 1645 1247 beneficio
1676 1182 1893 1248 ecclesiastico
1917 1202 1990 1249 cunr
2013 1202 2091 1248 cura
2113 1184 2161 1249 vel

657 1290 727 1353 sinc
760 1306 837 1353 cura
871 1286 912 1351 ad
946 1286 1152 1351 collacionem
1185 1285 1237 1350 vel
1270 1286 1483 1368 provisionem
1517 1305 1545 1350 v.
1569 1287 1591 1352 f.
1614 1306 1643 1352 u.
1661 1337 1694 1353 ..
1721 1287 1863 1371 episcopi
1888 1288 2164 1354 Wratislauiensis

656 1398 783 1458 nostras
805 1393 837 1456 in
861 1409 900 1456 ea
921 1390 1032 1468 forma,
1056 1391 1230 1455 secuudum
1253 1408 1348 1472 quam
1371 1408 1428 1471 pro
1451 1389 1647 1474 pauperibus
1670 1391 1795 1459 clericis
1829 1389 2061 1458 beneficiandis
2090 1397 2164 1458 tuuc

657 1494 853 1578 scripsimus,
882 1494 1010 1559 litteras
1040 1494 1220 1575 impetrasti
1250 1499 1283 1559 et
1313 1513 1422 1559 earum
1453 1495 1645 1559 auctoritate
1674 1495 1858 1560 huiusmodi
1888 1493 2079 1560 beneficium
2110 1515 2163 1561 no·

658 1600 757 1665 sceris
799 1603 978 1681 expectare.
1025 1597 1179 1662 Volumus
1220 1603 1337 1676 autem,
1372 1597 1465 1678 quod,
1504 1598 1606 1662 eciam
1626 1600 1672 1664 'si
1709 1617 1768 1680 per
1804 1599 1986 1664 huiusmodi
2026 1606 2165 1666 nonnam

657 1704 866 1784 posteriorem
882 1703 1020 1785 graciam
1035 1702 1093 1766 tibi
1109 1702 1227 1767 factam
1244 1704 1414 1784 antequam
1435 1722 1494 1785 per
1506 1701 1533 1785 ἀ)
1557 1703 1661 1769 dictas
1684 1704 1806 1785 priores
1829 1703 1954 1768 litteras
1976 1704 2165 1770 beneficium

658 1807 788 1888 assequi
811 1811 844 1870 te
868 1806 1039 1888 contingat,
1064 1805 1133 1883 tibi,
1157 1806 1326 1887 quominus
1356 1825 1413 1887 per
1443 1806 1571 1871 easdem
1601 1807 1726 1888 priores
1756 1806 1893 1885 litteras,
1923 1822 2003 1889 quas
2033 1808 2166 1873 nichilo

657 1912 762 1975 miuus
778 1912 810 1975 in
826 1929 883 1975 suo
900 1912 1012 1976 robore
1029 1911 1228 1975 deceruimus
1250 1910 1442 1974 auctoritate
1465 1910 1643 1990 apostolica
1664 1929 1839 1990 remanere,
1856 1910 2045 1977 beneficium
2065 1911 2164 1977 libere

658 2017 809 2097 consequi
833 2014 940 2079 valcas
967 2020 999 2104 et
1030 2033 1093 2078 una
1125 2033 1194 2078 cum
1223 2014 1369 2096 predicto
1399 2013 1461 2078 alio
1476 2016 1502 2095 θ)
1534 2013 1697 2092 beneficio,
1722 2015 1748 2079 si
1773 2033 1808 2079 se
1831 2016 2073 2097 compaciautur
2096 2035 2163 2081 cum

659 2119 714 2183 illo
744 2120 889 2197 invicem,
918 2118 1069 2197 retinere,
1100 2116 1221 2181 nullum
1250 2116 1460 2199 prciudioium
1490 2119 1670 2200 generetur,
1693 2118 1714 2183 f.
1738 2134 1763 2182 r.
1787 2115 1945 2183 Bouiiacii
1967 2134 2053 2199 pape
2077 2120 2163 2197 Vlll,

659 2223 896 2305 predecessoris
919 2223 1029 2301 nostri,
1053 2241 1149 2303 super
1173 2221 1231 2285 hoc
1254 2221 1343 2285 edita
1365 2226 1398 2285 et
1420 2221 1564 2302 qualibet
1586 2222 1816 2287 constitucione
1840 2220 2000 2286 contraria
2026 2238 2090 2287 uon
2113 2224 2164 2288 ob-

663 2331 769 2390 stante
772 2376 878 2390 .....
904 2327 942 2391 D.
967 2327 1053 2408 apud
1076 2326 1319 2404 Villamnouam,
1343 2327 1381 2390 Α.
1405 2326 1446 2404 d,
1469 2326 1499 2391 X
1522 2325 1586 2390 kal.
1612 2324 1759 2391 Octobris
1783 2345 1811 2390 a.
1836 2326 1986 2391 secundo.

764 2431 801 2494 ln
824 2449 851 2494 e.
876 2450 915 2495 m.
940 2431 991 2496 dd.
1015 2429 1046 2496 ff.
1066 2481 1097 2495 ..
1122 2430 1220 2510 priori
1243 2430 1428 2494 monasterii
1453 2430 1485 2494 in
1508 2429 1699 2509 Mawrbach‚
1723 2449 1781 2512 per
1795 2431 1931 2511 priorem
1948 2430 2035 2495 soliti
2051 2431 2163 2513 guber-

661 2535 741 2612 nari,
765 2540 798 2600 ot
814 2584 846 2598 ..
869 2535 1068 2599 Lubuceusis
1092 2553 1129 2598 ac
1145 2585 1177 2598 ..
1202 2533 1511 2615 Mentissauctipetri
1534 2535 1729 2612 in'Bruuua,
1754 2534 1958 2600 Patauiensis
1980 2540 2014 2600 et
2037 2534 2164 2601 Olomu-

661 2639 766 2703 ceusis
789 2637 973 2718 diaconum,
995 2638 1168 2721 prepositis
1190 2637 1408 2716 ecclesiarum,
1432 2655 1456 2702 s.
1481 2642 1540 2702 etc.
1558 2689 1564 2702 .
1584 2689 1591 2702 .
1609 2689 1641 2703 ..
1667 2640 1706 2704 D.
1730 2644 1767 2704 ut
1788 2656 1813 2703 s.

766 2825 915 2881 Clementis
931 2826 1012 2881 VIA
1029 2827 1086 2898 Ille
1105 2829 1160 2896 (lc)
1178 2826 1198 2881 f.
1216 2832 1278 2894 415,
1302 2825 1336 2880 de
1355 2825 1495 2882 beneficiis
1520 2842 1581 2881 cum
1599 2827 1643 2881 vel
1661 2827 1721 2882 sina
1745 2843 1811 2882 cura
1835 2828 1887 2883 sub
1906 2829 2099 2897 expectatione
2118 2847 2160 2899 qu.

661 2911 768 2966 3:V.
789 2911 875 2966 1csf.
894 2913 998 2967 314'11.
1018 2920 1076 2968 mo.
1095 2945 1129 2953 —
1155 2916 1178 2982 ⁴)
1204 2921 1355 2969 correctum
1379 2913 1408 2967 in
1433 2912 1554 2983 margine
1579 2930 1614 2968 ex
1637 2913 1779 2984 ‚Legnutz‘
1797 2917 1829 2968 Δ.
1857 2912 1882 2982 ¹³)
1902 2915 2027 2984 sequitur
2045 2924 2084 2983 ,et
2101 2934 2162 2986 apo·

662 2997 863 3066 stolicam‘,sed
882 2999 1063 3054 cancellatum
1079 3000 1112 3054 A.
1140 2998 1574 3067 osias,1000,Patauiensis‘.
1602 3001 1627 3069 t)
1645 2999 1803 3069 suppletum
1816 3017 1900 3071 supra
1912 3005 1945 3056 A.
1973 3011 1996 3071 ο)
2014 3013 2163 3060 correctum

665 3103 701 3141 ex
718 3085 810 3154 ,alios‘
827 3087 862 3139 A.

661 3471 753 3541 238.
787 3468 931 3540 Iohanni
962 3470 1116 3547 Banderi,
1145 3476 1297 3555 perpetuo
1332 3471 1497 3557 capellam
1519 3474 1554 3539 in
1575 3473 1703 3540 ecclesia
1727 3476 1882 3555 Itemerni,
1913 3474 2099 3560 providetur
2121 3475 2163 3542 ad

659 3576 923 3659 supplicationem
951 3576 1121 3652 Jolcannis,
1155 3578 1239 3658 repis
1272 3577 1452 3653 Bolemiac,
1464 3578 1487 3659 ¹)
1518 3579 1606 3644 cnins
1640 3579 1825 3661 capellanus
1854 3580 1972 3655 existit,
2003 3580 2042 3645 de
2076 3581 2162 3645 bene-

653 3680 732 3763 flcio
763 3684 898 3745 vacante
929 3680 978 3745 ael
1008 3684 1168 3757 vacaturo,
1204 3701 1274 3746 cum
1306 3680 1354 3746 vel
1386 3682 1455 3746 sine
1484 3703 1571 3761 cura,
1595 3684 1692 3748 etiam
1721 3683 1807 3747 siin
1828 3682 1960 3749 ecclesia
1983 3684 2164 3749 cathedrali

662 3784 789 3864 existat,
822 3785 911 3849 cuins
934 3790 1067 3866 fructae
1096 3788 1140 3853 60
1168 3807 1251 3870 resp.
1281 3788 1326 3853 40
1349 3785 1506 3851 librarum
1530 3785 1757 3851 Ueronensium
1779 3784 1916 3851 valorem
1938 3808 2081 3852 annuum
2104 3810 2164 3853 non

661 3888 824 3964 excedant,
857 3894 1019 3972 spectante
1052 3891 1096 3956 ad
1130 3890 1328 3956 collationem
1361 3891 1500 3974 episcopi
1533 3895 1563 3953 ct
1596 3892 1718 3970 decani,
1750 3890 1884 3974 capituli
1912 3894 1942 3955 et
1971 3890 2165 3973 sinqalomm

662 3992 884 4057 comanorum
904 3994 1055 4061 ecclesiae
1080 3994 1356 4062 Cattalannensis.
1402 3997 1454 4071 ‚D.
1480 3994 1567 4079 apud
1597 3993 1837 4072 Vcllammnnm,
1861 3995 1900 4062 A.
1924 3995 1965 4076 d,
1997 3997 2085 4062 VIII
2099 3995 2163 4061 lcal.

1027 4100 1171 4165 Octobris
1193 4123 1224 4167 a.
1246 4100 1401 4167 secante!
1435 4102 1556 4165 Forma
1577 4104 1614 4163 nt
1638 4100 1673 4163 in
1694 4121 1725 4166 n.
1750 4102 1801 4166 76.

783 4180 791 4252 ι

768 4271 814 4392 ξ,
1356 4299 1453 4385 Apta
1482 4298 1721 4378 peramplam,
1743 4301 1829 4364 rara
1853 4298 2045 4382 sermons
2068 4301 2120 4364 24.

765 4497 913 4555 Clementis
930 4501 969 4555 VI
988 4504 1012 4555 A
1031 4504 1087 4574 Illo
1107 4505 1162 4572 (75)
1182 4504 1199 4556 l.
1219 4508 1278 4568 423,
1303 4500 1337 4554 de
1362 4498 1502 4554 beneficiis
1526 4515 1588 4553 cum
1611 4497 1654 4551 vel
1676 4497 1735 4553 sine
1753 4513 1819 4552 cura
1836 4497 1886 4553 sub
1906 4497 2101 4566 expectatione
2120 4514 2164 4566 qn.

661 4589 725 4636 4:
738 4584 769 4637 V.
791 4592 839 4639 158
858 4588 875 4642 f.
895 4594 946 4642 320
965 4608 989 4642 n.
1011 4598 1069 4643 osli.
1090 4624 1122 4630 -
1144 4594 1163 4658 ¹)
1184 4587 1348 4657 supplicatio
1367 4587 1420 4640 ista
1438 4602 1494 4639 uon
1513 4593 1556 4639 est
1572 4590 1691 4654 reperta.

660 5078 750 5145 239.
784 5072 951 5140 Francisco
974 5066 1132 5148 ommam
1165 5067 1317 5147 Wpyandi
1340 5063 1377 5130 de
1402 5068 1511 5147 Propo
1537 5069 1723 5151 providetur
1745 5070 1783 5135 ele
1805 5070 1995 5136 canonicatu
2019 5071 2164 5137 ecclcsiae

870 5169 1041 5250 I‘rapensis
1063 5168 1118 5232 stab
1142 5170 1356 5252 expectatione
1379 5171 1590 5253 praebendae.
1621 5177 1738 5240 Forma
1759 5177 1796 5241 nt
1816 5175 1851 5239 in
1872 5193 1903 5239 n.
1926 5176 1957 5240 6.

705 5330 744 5467 l
774 5262 820 5464 ὲ
1352 5369 1451 5453 Apus
1481 5373 1718 5451 3333333333,
1741 5377 1829 5442 rece
1851 5374 2045 5459 spineas
2065 5377 2117 5442 sc.

764 5550 802 5612 o.

826 5546 848 5610 i.
873 5546 1053 5626 Francisco
1078 5553 1152 5613 ueto
1176 5551 1336 5631 quorrdam
1350 5552 1509 5635 Wygoudi
1528 5556 1567 5619 do
1583 5557 1695 5637 Prepa,
1713 5556 1864 5621 canonico
1879 5556 2043 5638 Pragensi,
2060 5575 2085 5622 s.
2101 5562 2159 5622 etc.

664 5653 829 5716 Attributa
851 5651 910 5715 tibi
934 5654 1047 5716 merita
1063 5705 1070 5717 .
1088 5704 1094 5716 .
1112 5703 1145 5717 ..
1169 5653 1322 5720 Volentes
1346 5658 1453 5738 itaque
1477 5659 1536 5723 tibi
1559 5680 1588 5740 p.
1605 5680 1644 5724 m.
1661 5668 1684 5725 t.
1708 5679 1829 5725 necnon
1855 5659 2112 5744 consideracione
2132 5679 2157 5724 c.

662 5754 691 5816 iu
717 5754 774 5819 Ch.
798 5756 818 5820 f.
843 5776 872 5819 n.
898 5755 1060 5836 dorimini,
1083 5758 1168 5839 regis
1192 5759 1322 5824 Polonie
1345 5762 1489 5839 illustris,
1513 5782 1570 5844 pro
1593 5770 1625 5827 te
1657 5766 1748 5830 uobis
1779 5783 1875 5849 super
1907 5763 1968 5829 hoc
2000 5763 2158 5830 humiliter
