<?xml version="1.0" encoding="UTF-8"?>
<!DOCTYPE html PUBLIC "-//W3C//DTD XHTML 1.0 Transitional//EN"
    "http://www.w3.org/TR/xhtml1/DTD/xhtml1-transitional.dtd">
<html xmlns="http://www.w3.org/1999/xhtml" xml:lang="en" lang="en">
 <head>
  <title>
</title>
<meta http-equiv="Content-Type" content="text/html;charset=utf-8" />
  <meta name='ocr-system' content='tesseract 3.04.00' />
  <meta name='ocr-capabilities' content='ocr_page ocr_carea ocr_par ocr_line ocrx_word'/>
</head>
<body>
  <div class='ocr_page' id='page_1' title='image "./monumentavatica01vatigoog_0582.png"; bbox 0 0 5184 7050; ppageno 0'>
   <div class='ocr_carea' id='block_1_1' title="bbox 684 787 750 854">
    <p class='ocr_par' dir='ltr' id='par_1_1' title="bbox 684 787 750 854">
     <span class='ocr_line' id='line_1_1' title="bbox 684 787 750 854; baseline 0 0"><span class='ocrx_word' id='word_1_1' title='bbox 684 787 750 854; x_wconf 79' lang='lat'><em>560</em></span> 
     </span>
    </p>
   </div>
   <div class='ocr_carea' id='block_1_2' title="bbox 684 994 2184 1186">
    <p class='ocr_par' dir='ltr' id='par_1_2' title="bbox 684 994 2184 1186">
     <span class='ocr_line' id='line_1_2' title="bbox 684 994 2184 1082; baseline 0 -19"><span class='ocrx_word' id='word_1_2' title='bbox 684 997 777 1064; x_wconf 85' lang='grc'><strong><em>986.</em></strong></span> <span class='ocrx_word' id='word_1_3' title='bbox 811 994 954 1071; x_wconf 82' lang='lat' dir='ltr'><em>Carolus,</em></span> <span class='ocrx_word' id='word_1_4' title='bbox 988 997 1200 1060; x_wconf 80' lang='lat' dir='ltr'><em>Romanorum</em></span> <span class='ocrx_word' id='word_1_5' title='bbox 1229 1000 1259 1058; x_wconf 89' lang='lat' dir='ltr'><em>ct</em></span> <span class='ocrx_word' id='word_1_6' title='bbox 1286 995 1456 1062; x_wconf 80' lang='lat' dir='ltr'><em>Boleroiae</em></span> <span class='ocrx_word' id='word_1_7' title='bbox 1479 1019 1544 1076; x_wconf 82' lang='lat' dir='ltr'><em>rea,</em></span> <span class='ocrx_word' id='word_1_8' title='bbox 1567 996 1738 1082; x_wconf 74' lang='lat' dir='ltr'><em>supplicat,</em></span> <span class='ocrx_word' id='word_1_9' title='bbox 1761 1001 1797 1061; x_wconf 82' lang='lat' dir='ltr'><em>at</em></span> <span class='ocrx_word' id='word_1_10' title='bbox 1822 997 1958 1063; x_wconf 87' lang='lat' dir='ltr'><em>Nicolao</em></span> <span class='ocrx_word' id='word_1_11' title='bbox 1983 997 2184 1064; x_wconf 78' lang='lat' dir='ltr'><em>Hostislaile</em></span> 
     </span>
     <span class='ocr_line' id='line_1_3' title="bbox 842 1098 2041 1186; baseline 0.002 -20"><span class='ocrx_word' id='word_1_12' title='bbox 842 1100 993 1166; x_wconf 79' lang='lat' dir='ltr'><em>Hor&#39;ooicc</em></span> <span class='ocrx_word' id='word_1_13' title='bbox 1014 1100 1052 1165; x_wconf 78' lang='lat' dir='ltr'><em>cle</em></span> <span class='ocrx_word' id='word_1_14' title='bbox 1068 1098 1271 1185; x_wconf 72' lang='lat' dir='ltr'><em>parrochiali</em></span> <span class='ocrx_word' id='word_1_15' title='bbox 1293 1101 1427 1166; x_wconf 87' lang='lat' dir='ltr'><em>ecclesia</em></span> <span class='ocrx_word' id='word_1_16' title='bbox 1448 1101 1483 1166; x_wconf 83' lang='lat' dir='ltr'><em>ia</em></span> <span class='ocrx_word' id='word_1_17' title='bbox 1506 1103 1648 1168; x_wconf 77' lang='lat' dir='ltr'><em>IlIoclr&#39;icc</em></span> <span class='ocrx_word' id='word_1_18' title='bbox 1668 1103 1797 1168; x_wconf 76' lang='lat' dir='ltr'><em>accorti</em></span> <span class='ocrx_word' id='word_1_19' title='bbox 1814 1103 2041 1186; x_wconf 74' lang='lat' dir='ltr'><em>provideatur.</em></span> 
     </span>
    </p>
   </div>
   <div class='ocr_carea' id='block_1_3' title="bbox 1697 1242 2154 1318">
    <p class='ocr_par' dir='ltr' id='par_1_3' title="bbox 1697 1242 2154 1318">
     <span class='ocr_line' id='line_1_4' title="bbox 1697 1242 2154 1318; baseline 0.007 -11"><span class='ocrx_word' id='word_1_20' title='bbox 1697 1242 1862 1318; x_wconf 79' lang='lat' dir='ltr'><em>Aoiaioac,</em></span> <span class='ocrx_word' id='word_1_21' title='bbox 1887 1244 1976 1309; x_wconf 75' lang='lat'><em>1348</em></span> <span class='ocrx_word' id='word_1_22' title='bbox 2000 1243 2089 1309; x_wconf 71' lang='lat' dir='ltr'><em>clais·</em></span> <span class='ocrx_word' id='word_1_23' title='bbox 2110 1247 2154 1310; x_wconf 79' lang='grc'><em>19.</em></span> 
     </span>
    </p>
   </div>
   <div class='ocr_carea' id='block_1_4' title="bbox 686 1379 2189 2817">
    <p class='ocr_par' dir='ltr' id='par_1_4' title="bbox 686 1379 2189 2612">
     <span class='ocr_line' id='line_1_5' title="bbox 789 1379 2188 1467; baseline 0.001 -19"><span class='ocrx_word' id='word_1_24' title='bbox 789 1380 957 1464; x_wconf 86' lang='lat' dir='ltr'><em>Supplicat</em></span> <span class='ocrx_word' id='word_1_25' title='bbox 980 1381 1010 1447; x_wconf 81' lang='lat' dir='ltr'><em>S.</em></span> <span class='ocrx_word' id='word_1_26' title='bbox 1034 1381 1071 1445; x_wconf 90' lang='lat' dir='ltr'><em>V.</em></span> <span class='ocrx_word' id='word_1_27' title='bbox 1096 1380 1231 1447; x_wconf 88' lang='lat' dir='ltr'><em>devotus</em></span> <span class='ocrx_word' id='word_1_28' title='bbox 1253 1380 1275 1444; x_wconf 89' lang='lat' dir='ltr'><em>f.</em></span> <span class='ocrx_word' id='word_1_29' title='bbox 1300 1399 1327 1444; x_wconf 87' lang='grc' dir='ltr'><strong>ι.</strong></span> <span class='ocrx_word' id='word_1_30' title='bbox 1353 1379 1502 1457; x_wconf 83' lang='lat' dir='ltr'><em>Karalus,</em></span> <span class='ocrx_word' id='word_1_31' title='bbox 1526 1381 1576 1445; x_wconf 91' lang='lat' dir='ltr'><em>dei</em></span> <span class='ocrx_word' id='word_1_32' title='bbox 1603 1382 1711 1464; x_wconf 84' lang='lat' dir='ltr'><em>gracia</em></span> <span class='ocrx_word' id='word_1_33' title='bbox 1741 1381 1958 1448; x_wconf 84' lang='lat' dir='ltr'><em>Romanorum</em></span> <span class='ocrx_word' id='word_1_34' title='bbox 1989 1402 2049 1447; x_wconf 83' lang='lat' dir='ltr'><em>rex</em></span> <span class='ocrx_word' id='word_1_35' title='bbox 2081 1402 2188 1467; x_wconf 85' lang='lat' dir='ltr'><em>semper</em></span> 
     </span>
     <span class='ocr_line' id='line_1_6' title="bbox 689 1485 2188 1569; baseline 0.001 -18"><span class='ocrx_word' id='word_1_36' title='bbox 689 1492 843 1569; x_wconf 76' lang='lat' dir='ltr'><em>augustus</em></span> <span class='ocrx_word' id='word_1_37' title='bbox 865 1485 1059 1566; x_wconf 83' lang='lat' dir='ltr'><em>Boemieque</em></span> <span class='ocrx_word' id='word_1_38' title='bbox 1082 1504 1147 1561; x_wconf 84' lang='lat' dir='ltr'><em>rex,</em></span> <span class='ocrx_word' id='word_1_39' title='bbox 1172 1490 1330 1566; x_wconf 87' lang='lat' dir='ltr'><em>quatenus</em></span> <span class='ocrx_word' id='word_1_40' title='bbox 1354 1485 1414 1549; x_wconf 90' lang='lat' dir='ltr'><em>sibi</em></span> <span class='ocrx_word' id='word_1_41' title='bbox 1439 1486 1470 1549; x_wconf 93' lang='lat' dir='ltr'><em>in</em></span> <span class='ocrx_word' id='word_1_42' title='bbox 1496 1503 1661 1566; x_wconf 84' lang='lat' dir='ltr'><em>personam</em></span> <span class='ocrx_word' id='word_1_43' title='bbox 1684 1485 1791 1550; x_wconf 89' lang='lat' dir='ltr'><em>dilecti</em></span> <span class='ocrx_word' id='word_1_44' title='bbox 1815 1487 1867 1551; x_wconf 90' lang='lat' dir='ltr'><em>sui</em></span> <span class='ocrx_word' id='word_1_45' title='bbox 1889 1487 2057 1569; x_wconf 84' lang='lat' dir='ltr'><em>capellani</em></span> <span class='ocrx_word' id='word_1_46' title='bbox 2073 1487 2188 1561; x_wconf 75' lang='lat' dir='ltr'><em>Nicobi</em></span> 
     </span>
     <span class='ocr_line' id='line_1_7' title="bbox 687 1589 2189 1674; baseline 0.002 -19"><span class='ocrx_word' id='word_1_47' title='bbox 687 1591 753 1655; x_wconf 85' lang='lat' dir='ltr'><em>nati</em></span> <span class='ocrx_word' id='word_1_48' title='bbox 777 1589 892 1655; x_wconf 89' lang='lat' dir='ltr'><em>nobilis</em></span> <span class='ocrx_word' id='word_1_49' title='bbox 915 1590 975 1654; x_wconf 89' lang='lat' dir='ltr'><em>viri</em></span> <span class='ocrx_word' id='word_1_50' title='bbox 994 1589 1167 1672; x_wconf 84' lang='lat' dir='ltr'><em>Hcstyzlay</em></span> <span class='ocrx_word' id='word_1_51' title='bbox 1185 1589 1223 1652; x_wconf 90' lang='lat' dir='ltr'><em>de</em></span> <span class='ocrx_word' id='word_1_52' title='bbox 1241 1589 1405 1666; x_wconf 83' lang='lat' dir='ltr'><em>Horauitn,</em></span> <span class='ocrx_word' id='word_1_53' title='bbox 1423 1589 1591 1672; x_wconf 79' lang='lat' dir='ltr'><em>Pragensis</em></span> <span class='ocrx_word' id='word_1_54' title='bbox 1608 1589 1754 1669; x_wconf 77' lang='lat' dir='ltr'><em>diocesia,</em></span> <span class='ocrx_word' id='word_1_55' title='bbox 1771 1589 1949 1673; x_wconf 80' lang='lat' dir='ltr'><em>specialem</em></span> <span class='ocrx_word' id='word_1_56' title='bbox 1971 1592 2114 1674; x_wconf 81' lang='lat' dir='ltr'><em>graciam</em></span> <span class='ocrx_word' id='word_1_57' title='bbox 2128 1592 2189 1658; x_wconf 74' lang='lat' dir='ltr'><em>laci·</em></span> 
     </span>
     <span class='ocr_line' id='line_1_8' title="bbox 686 1692 2189 1779; baseline 0.003 -20"><span class='ocrx_word' id='word_1_58' title='bbox 686 1701 787 1772; x_wconf 81' lang='lat' dir='ltr'><em>antee,</em></span> <span class='ocrx_word' id='word_1_59' title='bbox 805 1695 844 1757; x_wconf 91' lang='lat' dir='ltr'><em>de</em></span> <span class='ocrx_word' id='word_1_60' title='bbox 868 1693 1003 1758; x_wconf 85' lang='lat' dir='ltr'><em>ecclesia</em></span> <span class='ocrx_word' id='word_1_61' title='bbox 1016 1693 1208 1775; x_wconf 79' lang='lat' dir='ltr'><em>parrochiali</em></span> <span class='ocrx_word' id='word_1_62' title='bbox 1229 1694 1260 1757; x_wconf 94' lang='lat' dir='ltr'><em>in</em></span> <span class='ocrx_word' id='word_1_63' title='bbox 1277 1692 1444 1770; x_wconf 85' lang='lat' dir='ltr'><em>Moderitz,</em></span> <span class='ocrx_word' id='word_1_64' title='bbox 1461 1692 1682 1759; x_wconf 73' lang='lat' dir='ltr'><em>olomucensis</em></span> <span class='ocrx_word' id='word_1_65' title='bbox 1698 1694 1844 1773; x_wconf 79' lang='lat' dir='ltr'><em>dionesie,</em></span> <span class='ocrx_word' id='word_1_66' title='bbox 1861 1700 2001 1762; x_wconf 86' lang='lat' dir='ltr'><em>vacante</em></span> <span class='ocrx_word' id='word_1_67' title='bbox 2017 1697 2060 1762; x_wconf 85' lang='lat' dir='ltr'><em>ad</em></span> <span class='ocrx_word' id='word_1_68' title='bbox 2077 1715 2189 1779; x_wconf 85' lang='lat' dir='ltr'><em>presens</em></span> 
     </span>
     <span class='ocr_line' id='line_1_9' title="bbox 688 1796 2189 1882; baseline 0.002 -19"><span class='ocrx_word' id='word_1_69' title='bbox 688 1818 745 1882; x_wconf 88' lang='lat' dir='ltr'><em>per</em></span> <span class='ocrx_word' id='word_1_70' title='bbox 761 1800 880 1864; x_wconf 89' lang='lat' dir='ltr'><em>obitum</em></span> <span class='ocrx_word' id='word_1_71' title='bbox 897 1798 1060 1880; x_wconf 79' lang='lat' dir='ltr'><em>Peregrini</em></span> <span class='ocrx_word' id='word_1_72' title='bbox 1076 1798 1115 1861; x_wconf 93' lang='lat' dir='ltr'><em>dc</em></span> <span class='ocrx_word' id='word_1_73' title='bbox 1131 1797 1328 1874; x_wconf 85' lang='lat' dir='ltr'><em>Nausedlitn,</em></span> <span class='ocrx_word' id='word_1_74' title='bbox 1345 1798 1487 1862; x_wconf 88' lang='lat' dir='ltr'><em>eiusdem</em></span> <span class='ocrx_word' id='word_1_75' title='bbox 1504 1796 1651 1875; x_wconf 80' lang='lat' dir='ltr'><em>diocesis,</em></span> <span class='ocrx_word' id='word_1_76' title='bbox 1664 1798 1766 1880; x_wconf 89' lang='lat' dir='ltr'><em>ipsius</em></span> <span class='ocrx_word' id='word_1_77' title='bbox 1782 1799 1922 1865; x_wconf 87' lang='lat' dir='ltr'><em>ecclesie</em></span> <span class='ocrx_word' id='word_1_78' title='bbox 1940 1801 2048 1866; x_wconf 91' lang='lat' dir='ltr'><em>ultimi</em></span> <span class='ocrx_word' id='word_1_79' title='bbox 2064 1802 2189 1877; x_wconf 69' lang='lat' dir='ltr'><em>redona</em></span> 
     </span>
     <span class='ocr_line' id='line_1_10' title="bbox 689 1902 2189 1986; baseline 0.002 -18"><span class='ocrx_word' id='word_1_80' title='bbox 689 1906 741 1986; x_wconf 80' lang='lat' dir='ltr'><em>qui</em></span> <span class='ocrx_word' id='word_1_81' title='bbox 765 1905 796 1967; x_wconf 91' lang='lat' dir='ltr'><em>in</em></span> <span class='ocrx_word' id='word_1_82' title='bbox 821 1904 910 1967; x_wconf 89' lang='lat' dir='ltr'><em>curia</em></span> <span class='ocrx_word' id='word_1_83' title='bbox 928 1902 1009 1967; x_wconf 90' lang='lat' dir='ltr'><em>diem</em></span> <span class='ocrx_word' id='word_1_84' title='bbox 1027 1902 1143 1966; x_wconf 86' lang='lat' dir='ltr'><em>clausit</em></span> <span class='ocrx_word' id='word_1_85' title='bbox 1158 1908 1344 1978; x_wconf 87' lang='lat' dir='ltr'><em>extremum,</em></span> <span class='ocrx_word' id='word_1_86' title='bbox 1363 1902 1452 1965; x_wconf 87' lang='lat' dir='ltr'><em>cuius</em></span> <span class='ocrx_word' id='word_1_87' title='bbox 1467 1902 1600 1979; x_wconf 66' lang='lat' dir='ltr'><em>fructus</em></span> <span class='ocrx_word' id='word_1_88' title='bbox 1617 1902 1760 1967; x_wconf 87' lang='lat' dir='ltr'><em>redditus</em></span> <span class='ocrx_word' id='word_1_89' title='bbox 1777 1909 1809 1966; x_wconf 89' lang='lat' dir='ltr'><em>et</em></span> <span class='ocrx_word' id='word_1_90' title='bbox 1824 1910 2006 1984; x_wconf 85' lang='lat' dir='ltr'><em>proventus</em></span> <span class='ocrx_word' id='word_1_91' title='bbox 2023 1904 2111 1970; x_wconf 81' lang='lat' dir='ltr'><em>XXV</em></span> <span class='ocrx_word' id='word_1_92' title='bbox 2125 1924 2189 1971; x_wconf 79' lang='lat' dir='ltr'><em>mar·</em></span> 
     </span>
     <span class='ocr_line' id='line_1_11' title="bbox 690 2005 2189 2089; baseline 0.003 -17"><span class='ocrx_word' id='word_1_93' title='bbox 690 2007 820 2073; x_wconf 87' lang='lat' dir='ltr'><em>charum</em></span> <span class='ocrx_word' id='word_1_94' title='bbox 837 2008 960 2087; x_wconf 81' lang='lat' dir='ltr'><em>argenti</em></span> <span class='ocrx_word' id='word_1_95' title='bbox 978 2005 1150 2071; x_wconf 87' lang='lat' dir='ltr'><em>secundum</em></span> <span class='ocrx_word' id='word_1_96' title='bbox 1166 2006 1365 2071; x_wconf 86' lang='lat' dir='ltr'><em>taxacionem</em></span> <span class='ocrx_word' id='word_1_97' title='bbox 1383 2006 1504 2070; x_wconf 85' lang='lat' dir='ltr'><em>decime</em></span> <span class='ocrx_word' id='word_1_98' title='bbox 1519 2005 1660 2071; x_wconf 87' lang='lat' dir='ltr'><em>valorem</em></span> <span class='ocrx_word' id='word_1_99' title='bbox 1675 2025 1812 2071; x_wconf 82' lang='lat' dir='ltr'><em>arinuum</em></span> <span class='ocrx_word' id='word_1_100' title='bbox 1828 2026 1891 2072; x_wconf 92' lang='lat' dir='ltr'><em>non</em></span> <span class='ocrx_word' id='word_1_101' title='bbox 1913 2010 2090 2089; x_wconf 75' lang='lat' dir='ltr'><em>excedunt,</em></span> <span class='ocrx_word' id='word_1_102' title='bbox 2105 2010 2189 2076; x_wconf 85' lang='lat' dir='ltr'><em>eideu</em></span> 
     </span>
     <span class='ocr_line' id='line_1_12' title="bbox 689 2110 2189 2195; baseline 0.001 -18"><span class='ocrx_word' id='word_1_103' title='bbox 689 2112 861 2195; x_wconf 72' lang='lat' dir='ltr'><em>dignemini</em></span> <span class='ocrx_word' id='word_1_104' title='bbox 876 2111 1054 2194; x_wconf 88' lang='lat' dir='ltr'><em>providere,</em></span> <span class='ocrx_word' id='word_1_105' title='bbox 1071 2130 1141 2175; x_wconf 92' lang='lat' dir='ltr'><em>cum</em></span> <span class='ocrx_word' id='word_1_106' title='bbox 1159 2111 1393 2192; x_wconf 88' lang='lat' dir='ltr'><em>acceptacione,</em></span> <span class='ocrx_word' id='word_1_107' title='bbox 1406 2110 1606 2187; x_wconf 87' lang='lat' dir='ltr'><em>inhibicicne,</em></span> <span class='ocrx_word' id='word_1_108' title='bbox 1623 2112 1852 2188; x_wconf 88' lang='lat' dir='ltr'><em>reservacicue,</em></span> <span class='ocrx_word' id='word_1_109' title='bbox 1866 2112 2002 2178; x_wconf 89' lang='lat' dir='ltr'><em>decreto</em></span> <span class='ocrx_word' id='word_1_110' title='bbox 2016 2119 2051 2179; x_wconf 88' lang='lat' dir='ltr'><em>et</em></span> <span class='ocrx_word' id='word_1_111' title='bbox 2066 2113 2189 2180; x_wconf 75' lang='lat' dir='ltr'><em>clausule</em></span> 
     </span>
     <span class='ocr_line' id='line_1_13' title="bbox 691 2215 2188 2297; baseline 0 -16"><span class='ocrx_word' id='word_1_112' title='bbox 691 2217 840 2283; x_wconf 82' lang='lat' dir='ltr'><em>anteferri</em></span> <span class='ocrx_word' id='word_1_113' title='bbox 866 2222 899 2280; x_wconf 89' lang='lat' dir='ltr'><em>et</em></span> <span class='ocrx_word' id='word_1_114' title='bbox 921 2235 991 2279; x_wconf 92' lang='lat' dir='ltr'><em>cum</em></span> <span class='ocrx_word' id='word_1_115' title='bbox 1013 2216 1159 2280; x_wconf 86' lang='lat' dir='ltr'><em>omnibus</em></span> <span class='ocrx_word' id='word_1_116' title='bbox 1183 2215 1255 2280; x_wconf 90' lang='lat' dir='ltr'><em>aliis</em></span> <span class='ocrx_word' id='word_1_117' title='bbox 1278 2234 1340 2279; x_wconf 90' lang='lat' dir='ltr'><em>non</em></span> <span class='ocrx_word' id='word_1_118' title='bbox 1363 2215 1565 2279; x_wconf 81' lang='lat' dir='ltr'><em>obstantibus</em></span> <span class='ocrx_word' id='word_1_119' title='bbox 1588 2221 1621 2279; x_wconf 90' lang='lat' dir='ltr'><em>et</em></span> <span class='ocrx_word' id='word_1_120' title='bbox 1644 2215 1796 2280; x_wconf 83' lang='lat' dir='ltr'><em>clausulis</em></span> <span class='ocrx_word' id='word_1_121' title='bbox 1819 2219 1992 2297; x_wconf 77' lang='lat' dir='ltr'><em>oportunis</em></span> <span class='ocrx_word' id='word_1_122' title='bbox 2024 2238 2064 2283; x_wconf 91' lang='lat' dir='ltr'><em>ac</em></span> <span class='ocrx_word' id='word_1_123' title='bbox 2094 2237 2188 2282; x_wconf 83' lang='lat' dir='ltr'><em>execu-</em></span> 
     </span>
     <span class='ocr_line' id='line_1_14' title="bbox 692 2317 2187 2404; baseline -0.001 -17"><span class='ocrx_word' id='word_1_124' title='bbox 692 2322 824 2398; x_wconf 86' lang='lat' dir='ltr'><em>toribus,</em></span> <span class='ocrx_word' id='word_1_125' title='bbox 855 2340 917 2384; x_wconf 89' lang='lat' dir='ltr'><em>nnn</em></span> <span class='ocrx_word' id='word_1_126' title='bbox 948 2321 1104 2397; x_wconf 88' lang='lat' dir='ltr'><em>obstante,</em></span> <span class='ocrx_word' id='word_1_127' title='bbox 1135 2319 1218 2401; x_wconf 85' lang='lat' dir='ltr'><em>quod</em></span> <span class='ocrx_word' id='word_1_128' title='bbox 1249 2320 1334 2384; x_wconf 89' lang='lat' dir='ltr'><em>idem</em></span> <span class='ocrx_word' id='word_1_129' title='bbox 1365 2317 1516 2383; x_wconf 82' lang='lat' dir='ltr'><em>Nicolaus</em></span> <span class='ocrx_word' id='word_1_130' title='bbox 1548 2320 1764 2384; x_wconf 87' lang='lat' dir='ltr'><em>canonicatum</em></span> <span class='ocrx_word' id='word_1_131' title='bbox 1792 2320 1851 2384; x_wconf 91' lang='lat' dir='ltr'><em>sub</em></span> <span class='ocrx_word' id='word_1_132' title='bbox 1875 2324 2110 2403; x_wconf 85' lang='lat' dir='ltr'><em>expectucione</em></span> <span class='ocrx_word' id='word_1_133' title='bbox 2131 2341 2187 2404; x_wconf 75' lang='lat' dir='ltr'><em>pie</em></span> 
     </span>
     <span class='ocr_line' id='line_1_15' title="bbox 689 2421 2186 2510; baseline 0.003 -25"><span class='ocrx_word' id='word_1_134' title='bbox 689 2425 791 2489; x_wconf 88' lang='lat' dir='ltr'><em>bende</em></span> <span class='ocrx_word' id='word_1_135' title='bbox 825 2445 863 2488; x_wconf 89' lang='lat' dir='ltr'><em>ac</em></span> <span class='ocrx_word' id='word_1_136' title='bbox 896 2425 1115 2488; x_wconf 88' lang='lat' dir='ltr'><em>canonicatum</em></span> <span class='ocrx_word' id='word_1_137' title='bbox 1149 2428 1181 2486; x_wconf 87' lang='lat' dir='ltr'><em>et</em></span> <span class='ocrx_word' id='word_1_138' title='bbox 1216 2423 1411 2504; x_wconf 84' lang='lat' dir='ltr'><em>prebendam</em></span> <span class='ocrx_word' id='word_1_139' title='bbox 1445 2427 1478 2486; x_wconf 91' lang='lat' dir='ltr'><em>et</em></span> <span class='ocrx_word' id='word_1_140' title='bbox 1512 2421 1728 2487; x_wconf 86' lang='lat' dir='ltr'><em>obedienciam</em></span> <span class='ocrx_word' id='word_1_141' title='bbox 1762 2424 1795 2487; x_wconf 91' lang='lat' dir='ltr'><em>in</em></span> <span class='ocrx_word' id='word_1_142' title='bbox 1818 2423 1970 2490; x_wconf 86' lang='lat' dir='ltr'><em>ecclesiis</em></span> <span class='ocrx_word' id='word_1_143' title='bbox 1994 2425 2186 2510; x_wconf 78' lang='lat' dir='ltr'><em>Pragensiet</em></span> 
     </span>
     <span class='ocr_line' id='line_1_16' title="bbox 689 2527 1810 2612; baseline -0.007 -17"><span class='ocrx_word' id='word_1_144' title='bbox 689 2531 790 2595; x_wconf 85' lang='lat' dir='ltr'><em>suncti</em></span> <span class='ocrx_word' id='word_1_145' title='bbox 813 2529 921 2612; x_wconf 77' lang='lat' dir='ltr'><em>Egidii</em></span> <span class='ocrx_word' id='word_1_146' title='bbox 944 2530 1116 2610; x_wconf 79' lang='lat' dir='ltr'><em>Pragensis</em></span> <span class='ocrx_word' id='word_1_147' title='bbox 1140 2527 1281 2593; x_wconf 89' lang='lat' dir='ltr'><em>noscitur</em></span> <span class='ocrx_word' id='word_1_148' title='bbox 1304 2527 1457 2591; x_wconf 88' lang='lat' dir='ltr'><em>obtinere.</em></span> <span class='ocrx_word' id='word_1_149' title='bbox 1808 2545 1810 2549; x_wconf 52' lang='lat'><strong><em>¹</em></strong></span> 
     </span>
    </p>

    <p class='ocr_par' dir='ltr' id='par_1_5' title="bbox 688 2629 2187 2817">
     <span class='ocr_line' id='line_1_17' title="bbox 794 2629 2187 2713; baseline 0.001 -16"><span class='ocrx_word' id='word_1_150' title='bbox 794 2633 864 2699; x_wconf 83' lang='lat' dir='ltr'><em>Fiat</em></span> <span class='ocrx_word' id='word_1_151' title='bbox 888 2633 925 2697; x_wconf 88' lang='lat' dir='ltr'><em>R.</em></span> <span class='ocrx_word' id='word_1_152' title='bbox 948 2635 992 2699; x_wconf 86' lang='lat' dir='ltr'><em>Et</em></span> <span class='ocrx_word' id='word_1_153' title='bbox 1015 2637 1200 2698; x_wconf 87' lang='lat' dir='ltr'><em>remaneant</em></span> <span class='ocrx_word' id='word_1_154' title='bbox 1223 2631 1283 2696; x_wconf 91' lang='lat' dir='ltr'><em>sibi</em></span> <span class='ocrx_word' id='word_1_155' title='bbox 1307 2630 1413 2713; x_wconf 61' lang='lat' dir='ltr'><em>macie</em></span> <span class='ocrx_word' id='word_1_156' title='bbox 1436 2629 1472 2693; x_wconf 86' lang='lat' dir='ltr'><em>R.</em></span> <span class='ocrx_word' id='word_1_157' title='bbox 1508 2630 1551 2695; x_wconf 85' lang='lat' dir='ltr'><em>Et</em></span> <span class='ocrx_word' id='word_1_158' title='bbox 1574 2650 1602 2711; x_wconf 90' lang='lat' dir='ltr'><em>q.</em></span> <span class='ocrx_word' id='word_1_159' title='bbox 1626 2637 1649 2695; x_wconf 91' lang='lat' dir='ltr'><em>t.</em></span> <span class='ocrx_word' id='word_1_160' title='bbox 1675 2650 1699 2696; x_wconf 71' lang='grc' dir='ltr'><em>ε.</em></span> <span class='ocrx_word' id='word_1_161' title='bbox 1722 2650 1751 2697; x_wconf 87' lang='grc' dir='ltr'><em>ιι.</em></span> <span class='ocrx_word' id='word_1_162' title='bbox 1775 2630 1796 2695; x_wconf 91' lang='lat' dir='ltr'><em>l.</em></span> <span class='ocrx_word' id='word_1_163' title='bbox 1819 2631 1893 2697; x_wconf 85' lang='lat' dir='ltr'><em>Fiat</em></span> <span class='ocrx_word' id='word_1_164' title='bbox 1916 2633 1956 2697; x_wconf 83' lang='lat' dir='ltr'><em>R.</em></span> <span class='ocrx_word' id='word_1_165' title='bbox 1981 2634 2024 2698; x_wconf 87' lang='grc' dir='ltr'><em>Ι).</em></span> <span class='ocrx_word' id='word_1_166' title='bbox 2049 2633 2187 2700; x_wconf 77' lang='lat' dir='ltr'><em>Asinium</em></span> 
     </span>
     <span class='ocr_line' id='line_1_18' title="bbox 688 2737 1207 2817; baseline 0 -15"><span class='ocrx_word' id='word_1_167' title='bbox 688 2737 786 2804; x_wconf 87' lang='lat' dir='ltr'><em>xl111</em></span> <span class='ocrx_word' id='word_1_168' title='bbox 810 2738 876 2803; x_wconf 84' lang='lat' dir='ltr'><em>kal.</em></span> <span class='ocrx_word' id='word_1_169' title='bbox 899 2738 987 2803; x_wconf 85' lang='lat' dir='ltr'><em>lunii</em></span> <span class='ocrx_word' id='word_1_170' title='bbox 1010 2758 1038 2802; x_wconf 84' lang='lat' dir='ltr'><em>a.</em></span> <span class='ocrx_word' id='word_1_171' title='bbox 1063 2737 1207 2817; x_wconf 85' lang='lat' dir='ltr'><em>septimo.</em></span> 
     </span>
    </p>
   </div>
   <div class='ocr_carea' id='block_1_5' title="bbox 794 2872 1625 2942">
    <p class='ocr_par' dir='ltr' id='par_1_6' title="bbox 794 2872 1625 2942">
     <span class='ocr_line' id='line_1_19' title="bbox 794 2872 1625 2942; baseline -0.002 -16"><span class='ocrx_word' id='word_1_172' title='bbox 794 2873 920 2942; x_wconf 78' lang='lat' dir='ltr'><em>Ligatum</em></span> <span class='ocrx_word' id='word_1_173' title='bbox 941 2889 1034 2928; x_wconf 87' lang='lat' dir='ltr'><em>errore</em></span> <span class='ocrx_word' id='word_1_174' title='bbox 1053 2873 1088 2929; x_wconf 80' lang='lat' dir='ltr'><em>ad</em></span> <span class='ocrx_word' id='word_1_175' title='bbox 1107 2873 1259 2928; x_wconf 86' lang='lat' dir='ltr'><em>Innocentii</em></span> <span class='ocrx_word' id='word_1_176' title='bbox 1277 2872 1315 2926; x_wconf 88' lang='lat' dir='ltr'><em>Vl</em></span> <span class='ocrx_word' id='word_1_177' title='bbox 1334 2874 1360 2926; x_wconf 76' lang='lat' dir='ltr'><em>S.</em></span> <span class='ocrx_word' id='word_1_178' title='bbox 1379 2873 1459 2939; x_wconf 74' lang='lat' dir='ltr'><em>Villi</em></span> <span class='ocrx_word' id='word_1_179' title='bbox 1479 2875 1534 2940; x_wconf 86' lang='lat'><strong>(30)</strong></span> <span class='ocrx_word' id='word_1_180' title='bbox 1554 2872 1572 2925; x_wconf 88' lang='lat' dir='ltr'><em>s.</em></span> <span class='ocrx_word' id='word_1_181' title='bbox 1592 2873 1625 2925; x_wconf 75' lang='grc' dir='ltr'><em>ι’.</em></span> 
     </span>
    </p>
   </div>
   <div class='ocr_carea' id='block_1_6' title="bbox 633 3211 2188 4297">
    <p class='ocr_par' dir='ltr' id='par_1_7' title="bbox 633 3211 2188 4297">
     <span class='ocr_line' id='line_1_20' title="bbox 633 3211 2187 3311; baseline 0.002 -22"><span class='ocrx_word' id='word_1_182' title='bbox 633 3211 636 3218; x_wconf 62' lang='grc'><strong>’</strong></span> <span class='ocrx_word' id='word_1_183' title='bbox 688 3223 780 3289; x_wconf 73' lang='grc'><strong><em>987.</em></strong></span> <span class='ocrx_word' id='word_1_184' title='bbox 811 3222 953 3301; x_wconf 85' lang='lat' dir='ltr'><em>Nicolao,</em></span> <span class='ocrx_word' id='word_1_185' title='bbox 978 3227 1053 3287; x_wconf 87' lang='lat' dir='ltr'><em>nato</em></span> <span class='ocrx_word' id='word_1_186' title='bbox 1076 3246 1105 3286; x_wconf 86' lang='lat' dir='ltr'><em>a.</em></span> <span class='ocrx_word' id='word_1_187' title='bbox 1131 3245 1156 3286; x_wconf 87' lang='lat' dir='ltr'><em>e.</em></span> <span class='ocrx_word' id='word_1_188' title='bbox 1183 3220 1341 3286; x_wconf 84' lang='lat' dir='ltr'><em>IIostislai</em></span> <span class='ocrx_word' id='word_1_189' title='bbox 1363 3220 1401 3285; x_wconf 80' lang='lat' dir='ltr'><em>cle</em></span> <span class='ocrx_word' id='word_1_190' title='bbox 1426 3220 1618 3303; x_wconf 70' lang='lat' dir='ltr'><em>Hor&#39;ooica,⁵i</em></span> <span class='ocrx_word' id='word_1_191' title='bbox 1645 3221 1831 3305; x_wconf 79' lang='lat' dir='ltr'><em>providetur</em></span> <span class='ocrx_word' id='word_1_192' title='bbox 1862 3225 1907 3288; x_wconf 86' lang='lat' dir='ltr'><em>ccl</em></span> <span class='ocrx_word' id='word_1_193' title='bbox 1937 3226 2187 3311; x_wconf 71' lang='lat' dir='ltr'><em>supplicaciones</em></span> 
     </span>
     <span class='ocr_line' id='line_1_21' title="bbox 691 3324 2188 3415; baseline 0.001 -23"><span class='ocrx_word' id='word_1_194' title='bbox 691 3324 807 3400; x_wconf 78' lang='lat' dir='ltr'><em>Caroli,</em></span> <span class='ocrx_word' id='word_1_195' title='bbox 836 3328 1045 3395; x_wconf 79' lang='lat' dir='ltr'><em>Itorrcanorsm</em></span> <span class='ocrx_word' id='word_1_196' title='bbox 1071 3326 1299 3409; x_wconf 76' lang='lat' dir='ltr'><em>Holcmiaeqac</em></span> <span class='ocrx_word' id='word_1_197' title='bbox 1322 3325 1415 3407; x_wconf 74' lang='lat' dir='ltr'><em>repis,</em></span> <span class='ocrx_word' id='word_1_198' title='bbox 1447 3326 1537 3390; x_wconf 75' lang='lat' dir='ltr'><em>cuites</em></span> <span class='ocrx_word' id='word_1_199' title='bbox 1566 3325 1750 3410; x_wconf 79' lang='lat' dir='ltr'><em>capellanus</em></span> <span class='ocrx_word' id='word_1_200' title='bbox 1781 3328 1901 3406; x_wconf 75' lang='lat' dir='ltr'><em>existit,</em></span> <span class='ocrx_word' id='word_1_201' title='bbox 1934 3331 1974 3395; x_wconf 85' lang='lat' dir='ltr'><em>cle</em></span> <span class='ocrx_word' id='word_1_202' title='bbox 2005 3328 2188 3415; x_wconf 74' lang='lat' dir='ltr'><em>parrocliali</em></span> 
     </span>
     <span class='ocr_line' id='line_1_22' title="bbox 688 3429 2186 3512; baseline 0.004 -19"><span class='ocrx_word' id='word_1_203' title='bbox 688 3429 876 3494; x_wconf 75' lang='lat' dir='ltr'><em>ecclesiola</em></span> <span class='ocrx_word' id='word_1_204' title='bbox 900 3429 1078 3512; x_wconf 51' lang='lat' dir='ltr'><em>Mattiaci)</em></span> <span class='ocrx_word' id='word_1_205' title='bbox 1105 3430 1318 3495; x_wconf 71' lang='lat' dir='ltr'><em>Obraoceosis</em></span> <span class='ocrx_word' id='word_1_206' title='bbox 1348 3429 1490 3508; x_wconf 85' lang='lat' dir='ltr'><em>diocesis,</em></span> <span class='ocrx_word' id='word_1_207' title='bbox 1514 3435 1656 3510; x_wconf 75' lang='lat' dir='ltr'><em>vacante,</em></span> <span class='ocrx_word' id='word_1_208' title='bbox 1681 3431 1770 3495; x_wconf 81' lang='lat' dir='ltr'><em>caius</em></span> <span class='ocrx_word' id='word_1_209' title='bbox 1796 3434 1931 3510; x_wconf 79' lang='lat' dir='ltr'><em>fructccs</em></span> <span class='ocrx_word' id='word_1_210' title='bbox 1953 3438 2000 3501; x_wconf 82' lang='lat'><em>25</em></span> <span class='ocrx_word' id='word_1_211' title='bbox 2024 3454 2186 3500; x_wconf 75' lang='lat' dir='ltr'><em>mccrccm</em></span> 
     </span>
     <span class='ocr_line' id='line_1_23' title="bbox 690 3535 2185 3615; baseline 0.001 -17"><span class='ocrx_word' id='word_1_212' title='bbox 690 3536 861 3615; x_wconf 70' lang='lat' dir='ltr'><em>arpentis.</em></span> <span class='ocrx_word' id='word_1_213' title='bbox 885 3540 907 3598; x_wconf 92' lang='lat' dir='ltr'><em>t.</em></span> <span class='ocrx_word' id='word_1_214' title='bbox 930 3535 961 3598; x_wconf 79' lang='lat' dir='ltr'><em>cl.</em></span> <span class='ocrx_word' id='word_1_215' title='bbox 984 3535 1123 3599; x_wconf 85' lang='lat' dir='ltr'><em>calorem</em></span> <span class='ocrx_word' id='word_1_216' title='bbox 1158 3556 1299 3599; x_wconf 78' lang='lat' dir='ltr'><em>arrrcauoc</em></span> <span class='ocrx_word' id='word_1_217' title='bbox 1333 3556 1394 3600; x_wconf 81' lang='lat' dir='ltr'><em>ron</em></span> <span class='ocrx_word' id='word_1_218' title='bbox 1425 3536 1589 3611; x_wconf 79' lang='lat' dir='ltr'><em>coccedunt,</em></span> <span class='ocrx_word' id='word_1_219' title='bbox 1624 3555 1685 3600; x_wconf 82' lang='lat' dir='ltr'><em>aon</em></span> <span class='ocrx_word' id='word_1_220' title='bbox 1713 3535 1855 3602; x_wconf 81' lang='lat' dir='ltr'><em>obstante</em></span> <span class='ocrx_word' id='word_1_221' title='bbox 1883 3542 1923 3602; x_wconf 87' lang='lat' dir='ltr'><em>ut</em></span> <span class='ocrx_word' id='word_1_222' title='bbox 1955 3539 1994 3603; x_wconf 82' lang='lat' dir='ltr'><em>ia</em></span> <span class='ocrx_word' id='word_1_223' title='bbox 2017 3561 2099 3604; x_wconf 80' lang='lat' dir='ltr'><em>nam.</em></span> <span class='ocrx_word' id='word_1_224' title='bbox 2126 3541 2185 3604; x_wconf 83' lang='lat' dir='ltr'><em>ces.</em></span> 
     </span>
     <span class='ocr_line' id='line_1_24' title="bbox 691 3638 2187 3727; baseline 0.002 -25"><span class='ocrx_word' id='word_1_225' title='bbox 691 3640 744 3716; x_wconf 87' lang='lat' dir='ltr'><em>,I).</em></span> <span class='ocrx_word' id='word_1_226' title='bbox 761 3638 919 3704; x_wconf 73' lang='lat' dir='ltr'><em>Aoircione</em></span> <span class='ocrx_word' id='word_1_227' title='bbox 941 3641 1049 3705; x_wconf 88' lang='lat' dir='ltr'><em>XIIII</em></span> <span class='ocrx_word' id='word_1_228' title='bbox 1068 3639 1132 3703; x_wconf 83' lang='lat' dir='ltr'><em>lul.</em></span> <span class='ocrx_word' id='word_1_229' title='bbox 1156 3639 1251 3707; x_wconf 82' lang='lat' dir='ltr'><em>Jonii</em></span> <span class='ocrx_word' id='word_1_230' title='bbox 1274 3660 1304 3703; x_wconf 90' lang='lat' dir='ltr'><em>a.</em></span> <span class='ocrx_word' id='word_1_231' title='bbox 1326 3641 1479 3723; x_wconf 67' lang='lat' dir='ltr'><em>septimo!</em></span> <span class='ocrx_word' id='word_1_232' title='bbox 1502 3677 1544 3686; x_wconf 88' lang='lat'>—</span> <span class='ocrx_word' id='word_1_233' title='bbox 1568 3642 1608 3704; x_wconf 84' lang='lat' dir='ltr'><em>In</em></span> <span class='ocrx_word' id='word_1_234' title='bbox 1629 3662 1654 3704; x_wconf 89' lang='lat' dir='ltr'><em>e.</em></span> <span class='ocrx_word' id='word_1_235' title='bbox 1677 3661 1718 3706; x_wconf 89' lang='lat' dir='ltr'><em>m.</em></span> <span class='ocrx_word' id='word_1_236' title='bbox 1743 3640 1981 3727; x_wconf 70' lang='lat' dir='ltr'><em>archiepiscopo</em></span> <span class='ocrx_word' id='word_1_237' title='bbox 2006 3643 2187 3726; x_wconf 67' lang='lat' dir='ltr'><em>Prcpeacid</em></span> 
     </span>
     <span class='ocr_line' id='line_1_25' title="bbox 690 3741 2185 3819; baseline 0.002 -13"><span class='ocrx_word' id='word_1_238' title='bbox 690 3741 914 3807; x_wconf 73' lang='lat' dir='ltr'><em>archidiacono</em></span> <span class='ocrx_word' id='word_1_239' title='bbox 950 3743 1145 3819; x_wconf 82' lang='lat' dir='ltr'><em>Znoimcosi,</em></span> <span class='ocrx_word' id='word_1_240' title='bbox 1183 3742 1414 3818; x_wconf 66' lang='lat' dir='ltr'><em>(olomucensis,</em></span> <span class='ocrx_word' id='word_1_241' title='bbox 1452 3765 1491 3808; x_wconf 90' lang='lat' dir='ltr'><em>ac</em></span> <span class='ocrx_word' id='word_1_242' title='bbox 1534 3744 1691 3809; x_wconf 81' lang='lat' dir='ltr'><em>sacristae</em></span> <span class='ocrx_word' id='word_1_243' title='bbox 1728 3743 1954 3812; x_wconf 64' lang='lat' dir='ltr'><em>avinionensis</em></span> <span class='ocrx_word' id='word_1_244' title='bbox 1992 3748 2185 3815; x_wconf 62' lang='lat' dir='ltr'><em>ecclesiaram</em></span> 
     </span>
     <span class='ocr_line' id='line_1_26' title="bbox 809 3849 1645 3932; baseline -0.002 -17"><span class='ocrx_word' id='word_1_245' title='bbox 809 3862 816 3932; x_wconf 75' lang='grc' dir='ltr'>Ι</span> <span class='ocrx_word' id='word_1_246' title='bbox 1264 3849 1381 3916; x_wconf 83' lang='lat' dir='ltr'><em>Forma</em></span> <span class='ocrx_word' id='word_1_247' title='bbox 1403 3849 1440 3910; x_wconf 80' lang='lat' dir='ltr'><em>at</em></span> <span class='ocrx_word' id='word_1_248' title='bbox 1461 3849 1497 3911; x_wconf 83' lang='lat' dir='ltr'><em>io</em></span> <span class='ocrx_word' id='word_1_249' title='bbox 1517 3869 1548 3913; x_wconf 84' lang='grc' dir='ltr'><em>ιι.</em></span> <span class='ocrx_word' id='word_1_250' title='bbox 1573 3850 1645 3913; x_wconf 83' lang='grc'><strong><em>178.</em></strong></span> 
     </span>
     <span class='ocr_line' id='line_1_27' title="bbox 654 3914 2151 4024; baseline 0.004 -28"><span class='ocrx_word' id='word_1_251' title='bbox 654 3998 657 4005; x_wconf 81' lang='grc'>,</span> <span class='ocrx_word' id='word_1_252' title='bbox 747 3914 831 4024; x_wconf 50' lang='grc' dir='ltr'><em>[Ξ</em></span> <span class='ocrx_word' id='word_1_253' title='bbox 1340 4020 1342 4024; x_wconf 23' lang='grc' dir='ltr'>Ι</span> <span class='ocrx_word' id='word_1_254' title='bbox 1702 3933 1980 4012; x_wconf 78' lang='lat' dir='ltr'><em>Aoiaione‚1348</em></span> <span class='ocrx_word' id='word_1_255' title='bbox 2004 3938 2089 4006; x_wconf 83' lang='lat' dir='ltr'><em>Maii</em></span> <span class='ocrx_word' id='word_1_256' title='bbox 2108 3941 2151 4003; x_wconf 83' lang='lat'><em>19.</em></span> 
     </span>
     <span class='ocr_line' id='line_1_28' title="bbox 735 4036 846 4090; baseline 0.009 -1"><span class='ocrx_word' id='word_1_257' title='bbox 735 4036 775 4089; x_wconf 76' lang='grc' dir='ltr'><em>,Χ</em></span> <span class='ocrx_word' id='word_1_258' title='bbox 802 4036 846 4090; x_wconf 84' lang='grc' dir='ltr'><em>Χ.</em></span> 
     </span>
     <span class='ocr_line' id='line_1_29' title="bbox 799 4140 2182 4212; baseline 0.001 -20"><span class='ocrx_word' id='word_1_259' title='bbox 799 4140 946 4196; x_wconf 75' lang='lat' dir='ltr'><em>Clementis</em></span> <span class='ocrx_word' id='word_1_260' title='bbox 964 4142 1001 4194; x_wconf 89' lang='lat' dir='ltr'><em>Vl</em></span> <span class='ocrx_word' id='word_1_261' title='bbox 1021 4144 1052 4194; x_wconf 85' lang='grc' dir='ltr'><em>Α.</em></span> <span class='ocrx_word' id='word_1_262' title='bbox 1073 4142 1153 4210; x_wconf 69' lang='lat' dir='ltr'><em>Vllfs</em></span> <span class='ocrx_word' id='word_1_263' title='bbox 1171 4145 1244 4209; x_wconf 80' lang='grc' dir='ltr'><strong>(ιιι)</strong></span> <span class='ocrx_word' id='word_1_264' title='bbox 1263 4142 1281 4195; x_wconf 84' lang='lat' dir='ltr'><em>l.</em></span> <span class='ocrx_word' id='word_1_265' title='bbox 1303 4142 1361 4196; x_wconf 77' lang='lat' dir='ltr'><em>ibi&#39;</em></span> <span class='ocrx_word' id='word_1_266' title='bbox 1375 4159 1400 4195; x_wconf 91' lang='lat' dir='ltr'><em>n.</em></span> <span class='ocrx_word' id='word_1_267' title='bbox 1418 4148 1459 4208; x_wconf 83' lang='grc'><em>33,</em></span> <span class='ocrx_word' id='word_1_268' title='bbox 1479 4141 1513 4196; x_wconf 91' lang='lat' dir='ltr'><em>de</em></span> <span class='ocrx_word' id='word_1_269' title='bbox 1533 4142 1671 4198; x_wconf 86' lang='lat' dir='ltr'><em>beneficiis</em></span> <span class='ocrx_word' id='word_1_270' title='bbox 1689 4142 1847 4198; x_wconf 82' lang='lat' dir='ltr'><em>vacantibus</em></span> <span class='ocrx_word' id='word_1_271' title='bbox 1864 4158 1913 4212; x_wconf 86' lang='lat' dir='ltr'><em>qu.</em></span> <span class='ocrx_word' id='word_1_272' title='bbox 1933 4145 2038 4199; x_wconf 77' lang='lat' dir='ltr'><em>izv.</em></span> <span class='ocrx_word' id='word_1_273' title='bbox 2058 4151 2104 4200; x_wconf 76' lang='lat'><em>18⁹</em></span> <span class='ocrx_word' id='word_1_274' title='bbox 2119 4143 2135 4198; x_wconf 88' lang='lat' dir='ltr'><em>l.</em></span> <span class='ocrx_word' id='word_1_275' title='bbox 2150 4141 2182 4195; x_wconf 64' lang='grc' dir='ltr'><strong>τι</strong></span> 
     </span>
     <span class='ocr_line' id='line_1_30' title="bbox 692 4227 1802 4297; baseline 0.001 -15"><span class='ocrx_word' id='word_1_276' title='bbox 692 4244 718 4282; x_wconf 90' lang='grc' dir='ltr'><em>ιι.</em></span> <span class='ocrx_word' id='word_1_277' title='bbox 737 4234 778 4280; x_wconf 84' lang='grc'><em>33.</em></span> <span class='ocrx_word' id='word_1_278' title='bbox 799 4258 830 4266; x_wconf 90' lang='grc'>-</span> <span class='ocrx_word' id='word_1_279' title='bbox 850 4227 899 4281; x_wconf 86' lang='lat' dir='ltr'><em>Ed.</em></span> <span class='ocrx_word' id='word_1_280' title='bbox 921 4227 1006 4282; x_wconf 84' lang='lat' dir='ltr'><strong>CDM.</strong></span> <span class='ocrx_word' id='word_1_281' title='bbox 1024 4228 1076 4282; x_wconf 84' lang='lat' dir='ltr'><em>vu</em></span> <span class='ocrx_word' id='word_1_282' title='bbox 1095 4247 1120 4283; x_wconf 91' lang='lat' dir='ltr'><em>n.</em></span> <span class='ocrx_word' id='word_1_283' title='bbox 1142 4234 1200 4283; x_wconf 81' lang='grc'><em>793.</em></span> <span class='ocrx_word' id='word_1_284' title='bbox 1220 4261 1252 4268; x_wconf 90' lang='grc'>-</span> <span class='ocrx_word' id='word_1_285' title='bbox 1280 4233 1303 4297; x_wconf 84' lang='grc' dir='ltr'><em>Ι)</em></span> <span class='ocrx_word' id='word_1_286' title='bbox 1321 4228 1474 4297; x_wconf 83' lang='lat' dir='ltr'><em>,Harauicz‘</em></span> <span class='ocrx_word' id='word_1_287' title='bbox 1493 4231 1526 4282; x_wconf 83' lang='lat' dir='ltr'><em>A.</em></span> <span class='ocrx_word' id='word_1_288' title='bbox 1554 4230 1576 4290; x_wconf 83' lang='lat' dir='ltr'><em>b)</em></span> <span class='ocrx_word' id='word_1_289' title='bbox 1595 4229 1751 4295; x_wconf 83' lang='lat' dir='ltr'><em>,Medericz‘</em></span> <span class='ocrx_word' id='word_1_290' title='bbox 1770 4232 1802 4283; x_wconf 88' lang='lat' dir='ltr'><em>A.</em></span> 
     </span>
    </p>
   </div>
   <div class='ocr_carea' id='block_1_7' title="bbox 692 4579 2182 4771">
    <p class='ocr_par' dir='ltr' id='par_1_8' title="bbox 692 4579 2182 4771">
     <span class='ocr_line' id='line_1_31' title="bbox 692 4579 2182 4664; baseline -0.003 -17"><span class='ocrx_word' id='word_1_291' title='bbox 692 4582 785 4648; x_wconf 92' lang='grc'><strong><em>988.</em></strong></span> <span class='ocrx_word' id='word_1_292' title='bbox 810 4579 975 4658; x_wconf 74' lang='lat' dir='ltr'><em>Arrcestas,</em></span> <span class='ocrx_word' id='word_1_293' title='bbox 1000 4580 1255 4664; x_wconf 71' lang='lat' dir='ltr'><em>archiepiscopos</em></span> <span class='ocrx_word' id='word_1_294' title='bbox 1278 4581 1460 4661; x_wconf 72' lang='lat' dir='ltr'><em>I’rapcasis,</em></span> <span class='ocrx_word' id='word_1_295' title='bbox 1480 4580 1651 4664; x_wconf 83' lang='lat' dir='ltr'><em>supplicat,</em></span> <span class='ocrx_word' id='word_1_296' title='bbox 1667 4584 1824 4664; x_wconf 62' lang='lat' dir='ltr'><em>quaeras</em></span> <span class='ocrx_word' id='word_1_297' title='bbox 1846 4581 1910 4645; x_wconf 80' lang='lat' dir='ltr'><em>sili</em></span> <span class='ocrx_word' id='word_1_298' title='bbox 1934 4581 2182 4664; x_wconf 63' lang='lat' dir='ltr'><em>truaconem</em></span> 
     </span>
     <span class='ocr_line' id='line_1_32' title="bbox 853 4684 2059 4771; baseline 0.004 -22"><span class='ocrx_word' id='word_1_299' title='bbox 853 4684 1029 4768; x_wconf 75' lang='lat' dir='ltr'><em>capellanis</em></span> <span class='ocrx_word' id='word_1_300' title='bbox 1052 4689 1082 4749; x_wconf 90' lang='lat' dir='ltr'><em>ct</em></span> <span class='ocrx_word' id='word_1_301' title='bbox 1105 4684 1228 4750; x_wconf 74' lang='lat' dir='ltr'><em>clericis</em></span> <span class='ocrx_word' id='word_1_302' title='bbox 1250 4685 1317 4749; x_wconf 70' lang='lat' dir='ltr'><em>scits</em></span> <span class='ocrx_word' id='word_1_303' title='bbox 1341 4684 1378 4748; x_wconf 84' lang='lat' dir='ltr'><em>dc</em></span> <span class='ocrx_word' id='word_1_304' title='bbox 1400 4684 1559 4749; x_wconf 73' lang='lat' dir='ltr'><em>mrcaallis</em></span> <span class='ocrx_word' id='word_1_305' title='bbox 1583 4684 1739 4767; x_wconf 70' lang='lat' dir='ltr'><em>beneficiis</em></span> <span class='ocrx_word' id='word_1_306' title='bbox 1756 4685 1927 4768; x_wconf 80' lang='lat' dir='ltr'><em>providere</em></span> <span class='ocrx_word' id='word_1_307' title='bbox 1942 4691 2059 4771; x_wconf 86' lang='lat' dir='ltr'><em>possit.</em></span> 
     </span>
    </p>
   </div>
   <div class='ocr_carea' id='block_1_8' title="bbox 1704 4824 2152 4902">
    <p class='ocr_par' dir='ltr' id='par_1_9' title="bbox 1704 4824 2152 4902">
     <span class='ocr_line' id='line_1_33' title="bbox 1704 4824 2152 4902; baseline -0.002 -13"><span class='ocrx_word' id='word_1_308' title='bbox 1704 4824 1866 4902; x_wconf 81' lang='lat' dir='ltr'><em>Aoioioae,</em></span> <span class='ocrx_word' id='word_1_309' title='bbox 1890 4830 1982 4894; x_wconf 78' lang='grc'><strong><em>1348</em></strong></span> <span class='ocrx_word' id='word_1_310' title='bbox 2004 4828 2089 4895; x_wconf 80' lang='lat' dir='ltr'><em>Maii</em></span> <span class='ocrx_word' id='word_1_311' title='bbox 2107 4829 2152 4892; x_wconf 77' lang='lat' dir='ltr'><em>lt.</em></span> 
     </span>
    </p>
   </div>
   <div class='ocr_carea' id='block_1_9' title="bbox 693 4963 2191 5779">
    <p class='ocr_par' dir='ltr' id='par_1_10' title="bbox 693 4963 2191 5779">
     <span class='ocr_line' id='line_1_34' title="bbox 799 4963 2183 5050; baseline 0.001 -19"><span class='ocrx_word' id='word_1_312' title='bbox 799 4963 964 5046; x_wconf 88' lang='lat' dir='ltr'><em>Supplicat</em></span> <span class='ocrx_word' id='word_1_313' title='bbox 987 4964 1017 5030; x_wconf 82' lang='lat' dir='ltr'><em>S.</em></span> <span class='ocrx_word' id='word_1_314' title='bbox 1042 4965 1079 5027; x_wconf 88' lang='lat' dir='ltr'><em>V.</em></span> <span class='ocrx_word' id='word_1_315' title='bbox 1104 4965 1220 5029; x_wconf 85' lang='lat' dir='ltr'><em>‹levota</em></span> <span class='ocrx_word' id='word_1_316' title='bbox 1243 4970 1391 5028; x_wconf 87' lang='lat' dir='ltr'><em>creatura</em></span> <span class='ocrx_word' id='word_1_317' title='bbox 1413 4970 1518 5028; x_wconf 84' lang='lat' dir='ltr'><em>vestra</em></span> <span class='ocrx_word' id='word_1_318' title='bbox 1543 4965 1709 5042; x_wconf 88' lang='lat' dir='ltr'><em>Arnestus,</em></span> <span class='ocrx_word' id='word_1_319' title='bbox 1733 4964 1997 5049; x_wconf 87' lang='lat' dir='ltr'><em>archiepiscopus</em></span> <span class='ocrx_word' id='word_1_320' title='bbox 2028 4963 2183 5050; x_wconf 70' lang='grc' dir='ltr'><strong>Ριιιιιιιίῑι</strong></span> 
     </span>
     <span class='ocr_line' id='line_1_35' title="bbox 694 5065 2183 5153; baseline 0.001 -23"><span class='ocrx_word' id='word_1_321' title='bbox 694 5076 850 5150; x_wconf 71' lang='grc' dir='ltr'><strong>ιμιιιιιιιιιε</strong></span> <span class='ocrx_word' id='word_1_322' title='bbox 874 5069 933 5132; x_wconf 92' lang='lat' dir='ltr'><em>sibi</em></span> <span class='ocrx_word' id='word_1_323' title='bbox 958 5068 998 5131; x_wconf 89' lang='lat' dir='ltr'><em>ad</em></span> <span class='ocrx_word' id='word_1_324' title='bbox 1021 5068 1090 5144; x_wconf 89' lang='lat' dir='ltr'><em>hoc,</em></span> <span class='ocrx_word' id='word_1_325' title='bbox 1113 5075 1150 5131; x_wconf 92' lang='lat' dir='ltr'><em>ut</em></span> <span class='ocrx_word' id='word_1_326' title='bbox 1172 5069 1355 5149; x_wconf 86' lang='lat' dir='ltr'><em>capellanos</em></span> <span class='ocrx_word' id='word_1_327' title='bbox 1378 5074 1410 5131; x_wconf 87' lang='lat' dir='ltr'><em>et</em></span> <span class='ocrx_word' id='word_1_328' title='bbox 1434 5068 1566 5132; x_wconf 87' lang='lat' dir='ltr'><em>clericos</em></span> <span class='ocrx_word' id='word_1_329' title='bbox 1591 5086 1675 5146; x_wconf 79' lang='lat' dir='ltr'><em>sune,</em></span> <span class='ocrx_word' id='word_1_330' title='bbox 1700 5069 1754 5150; x_wconf 87' lang='lat' dir='ltr'><em>qui</em></span> <span class='ocrx_word' id='word_1_331' title='bbox 1774 5067 1911 5134; x_wconf 87' lang='lat' dir='ltr'><em>ecclesie</em></span> <span class='ocrx_word' id='word_1_332' title='bbox 1927 5070 2082 5153; x_wconf 82' lang='lat' dir='ltr'><em>Pragensi</em></span> <span class='ocrx_word' id='word_1_333' title='bbox 2096 5065 2183 5136; x_wconf 82' lang='lat' dir='ltr'><em>ets&#39;bi</em></span> 
     </span>
     <span class='ocr_line' id='line_1_36' title="bbox 693 5160 2185 5254; baseline -0.001 -16"><span class='ocrx_word' id='word_1_334' title='bbox 693 5180 758 5238; x_wconf 86' lang='lat' dir='ltr'><em>tam</em></span> <span class='ocrx_word' id='word_1_335' title='bbox 789 5192 891 5254; x_wconf 91' lang='lat' dir='ltr'><em>nuper</em></span> <span class='ocrx_word' id='word_1_336' title='bbox 922 5172 1004 5254; x_wconf 89' lang='lat' dir='ltr'><em>apud</em></span> <span class='ocrx_word' id='word_1_337' title='bbox 1036 5173 1142 5236; x_wconf 71' lang='lat' dir='ltr'><em>sellem</em></span> <span class='ocrx_word' id='word_1_338' title='bbox 1175 5173 1381 5254; x_wconf 89' lang='lat' dir='ltr'><em>apostolicam</em></span> <span class='ocrx_word' id='word_1_339' title='bbox 1413 5192 1508 5253; x_wconf 61' lang='lat' dir='ltr'><em>cluam</em></span> <span class='ocrx_word' id='word_1_340' title='bbox 1538 5173 1616 5237; x_wconf 85' lang='lat' dir='ltr'><em>alias</em></span> <span class='ocrx_word' id='word_1_341' title='bbox 1651 5173 1725 5237; x_wconf 86' lang='lat' dir='ltr'><em>alibi</em></span> <span class='ocrx_word' id='word_1_342' title='bbox 1743 5160 1932 5238; x_wconf 76' lang='lat' dir='ltr'><em>¹sancierunt</em></span> <span class='ocrx_word' id='word_1_343' title='bbox 1955 5181 1991 5241; x_wconf 89' lang='lat' dir='ltr'><em>et</em></span> <span class='ocrx_word' id='word_1_344' title='bbox 2013 5172 2185 5241; x_wconf 76' lang='lat' dir='ltr'><em>servientis</em></span> 
     </span>
     <span class='ocr_line' id='line_1_37' title="bbox 694 5275 2186 5362; baseline -0.001 -19"><span class='ocrx_word' id='word_1_345' title='bbox 694 5279 845 5355; x_wconf 81' lang='lat' dir='ltr'><em>futurum,</em></span> <span class='ocrx_word' id='word_1_346' title='bbox 880 5277 1023 5356; x_wconf 48' lang='lat' dir='ltr'><em>calcate)</em></span> <span class='ocrx_word' id='word_1_347' title='bbox 1058 5279 1089 5340; x_wconf 90' lang='lat' dir='ltr'><em>in</em></span> <span class='ocrx_word' id='word_1_348' title='bbox 1125 5277 1231 5357; x_wconf 88' lang='lat' dir='ltr'><em>aliquo</em></span> <span class='ocrx_word' id='word_1_349' title='bbox 1267 5278 1434 5358; x_wconf 85' lang='lat' dir='ltr'><em>prerniare,</em></span> <span class='ocrx_word' id='word_1_350' title='bbox 1470 5278 1641 5358; x_wconf 85' lang='lat' dir='ltr'><em>specialem</em></span> <span class='ocrx_word' id='word_1_351' title='bbox 1675 5277 1814 5359; x_wconf 83' lang='lat' dir='ltr'><em>graciam</em></span> <span class='ocrx_word' id='word_1_352' title='bbox 1848 5276 2020 5358; x_wconf 85' lang='lat' dir='ltr'><em>facientes,</em></span> <span class='ocrx_word' id='word_1_353' title='bbox 2053 5275 2186 5362; x_wconf 76' lang='lat' dir='ltr'><em>quodie</em></span> 
     </span>
     <span class='ocr_line' id='line_1_38' title="bbox 696 5378 2188 5467; baseline 0.003 -22"><span class='ocrx_word' id='word_1_354' title='bbox 696 5378 914 5464; x_wconf 83' lang='lat' dir='ltr'><em>dignitatibus,</em></span> <span class='ocrx_word' id='word_1_355' title='bbox 946 5382 1169 5462; x_wconf 85' lang='lat' dir='ltr'><em>personatibus</em></span> <span class='ocrx_word' id='word_1_356' title='bbox 1201 5387 1234 5444; x_wconf 87' lang='lat' dir='ltr'><em>et</em></span> <span class='ocrx_word' id='word_1_357' title='bbox 1264 5379 1377 5446; x_wconf 83' lang='lat' dir='ltr'><em>ciliciis</em></span> <span class='ocrx_word' id='word_1_358' title='bbox 1401 5383 1441 5446; x_wconf 89' lang='lat' dir='ltr'><em>ad</em></span> <span class='ocrx_word' id='word_1_359' title='bbox 1465 5400 1554 5445; x_wconf 87' lang='lat' dir='ltr'><em>suam</em></span> <span class='ocrx_word' id='word_1_360' title='bbox 1579 5382 1733 5446; x_wconf 84' lang='lat' dir='ltr'><em>duntaxat</em></span> <span class='ocrx_word' id='word_1_361' title='bbox 1756 5380 1966 5449; x_wconf 72' lang='lat' dir='ltr'><em>collisionem</em></span> <span class='ocrx_word' id='word_1_362' title='bbox 1990 5382 2188 5467; x_wconf 65' lang='lat' dir='ltr'><em>spatiantis</em></span> 
     </span>
     <span class='ocr_line' id='line_1_39' title="bbox 695 5483 2188 5568; baseline 0 -18"><span class='ocrx_word' id='word_1_363' title='bbox 695 5505 816 5550; x_wconf 88' lang='lat' dir='ltr'><em>necnon</em></span> <span class='ocrx_word' id='word_1_364' title='bbox 840 5487 880 5550; x_wconf 88' lang='lat' dir='ltr'><em>de</em></span> <span class='ocrx_word' id='word_1_365' title='bbox 903 5486 1068 5550; x_wconf 88' lang='lat' dir='ltr'><em>duodecim</em></span> <span class='ocrx_word' id='word_1_366' title='bbox 1094 5485 1256 5550; x_wconf 86' lang='lat' dir='ltr'><em>beneficiis</em></span> <span class='ocrx_word' id='word_1_367' title='bbox 1286 5486 1513 5550; x_wconf 83' lang='lat' dir='ltr'><em>ecclesiasticis</em></span> <span class='ocrx_word' id='word_1_368' title='bbox 1545 5505 1615 5550; x_wconf 89' lang='lat' dir='ltr'><em>cum</em></span> <span class='ocrx_word' id='word_1_369' title='bbox 1648 5504 1723 5549; x_wconf 80' lang='lat' dir='ltr'><em>cum</em></span> <span class='ocrx_word' id='word_1_370' title='bbox 1755 5485 1803 5550; x_wconf 86' lang='lat' dir='ltr'><em>vel</em></span> <span class='ocrx_word' id='word_1_371' title='bbox 1836 5487 1907 5551; x_wconf 90' lang='lat' dir='ltr'><em>sine</em></span> <span class='ocrx_word' id='word_1_372' title='bbox 1939 5506 2030 5568; x_wconf 85' lang='lat' dir='ltr'><em>cura,</em></span> <span class='ocrx_word' id='word_1_373' title='bbox 2057 5483 2188 5554; x_wconf 81' lang='lat' dir='ltr'><em>ecisnsi</em></span> 
     </span>
     <span class='ocr_line' id='line_1_40' title="bbox 696 5587 2190 5675; baseline 0.001 -24"><span class='ocrx_word' id='word_1_374' title='bbox 696 5590 802 5654; x_wconf 82' lang='lat' dir='ltr'><em>cilicia</em></span> <span class='ocrx_word' id='word_1_375' title='bbox 826 5591 940 5654; x_wconf 85' lang='lat' dir='ltr'><em>altaria</em></span> <span class='ocrx_word' id='word_1_376' title='bbox 964 5591 1013 5653; x_wconf 83' lang='lat' dir='ltr'><em>vel</em></span> <span class='ocrx_word' id='word_1_377' title='bbox 1038 5591 1140 5654; x_wconf 84' lang='lat' dir='ltr'><em>inedie</em></span> <span class='ocrx_word' id='word_1_378' title='bbox 1163 5592 1324 5670; x_wconf 86' lang='lat' dir='ltr'><em>prebende</em></span> <span class='ocrx_word' id='word_1_379' title='bbox 1341 5593 1488 5669; x_wconf 78' lang='lat' dir='ltr'><em>existant,</em></span> <span class='ocrx_word' id='word_1_380' title='bbox 1506 5592 1545 5654; x_wconf 89' lang='lat' dir='ltr'><em>ad</em></span> <span class='ocrx_word' id='word_1_381' title='bbox 1563 5608 1652 5653; x_wconf 85' lang='lat' dir='ltr'><em>suam</em></span> <span class='ocrx_word' id='word_1_382' title='bbox 1668 5596 1701 5654; x_wconf 87' lang='lat' dir='ltr'><em>et</em></span> <span class='ocrx_word' id='word_1_383' title='bbox 1716 5590 1882 5671; x_wconf 85' lang='lat' dir='ltr'><em>prepositi,</em></span> <span class='ocrx_word' id='word_1_384' title='bbox 1899 5592 2016 5658; x_wconf 85' lang='lat' dir='ltr'><em>decani</em></span> <span class='ocrx_word' id='word_1_385' title='bbox 2031 5601 2066 5660; x_wconf 87' lang='lat' dir='ltr'><em>et</em></span> <span class='ocrx_word' id='word_1_386' title='bbox 2081 5587 2190 5675; x_wconf 83' lang='lat' dir='ltr'><em>capituli</em></span> 
     </span>
     <span class='ocr_line' id='line_1_41' title="bbox 696 5692 2191 5779; baseline 0.005 -26"><span class='ocrx_word' id='word_1_387' title='bbox 696 5696 832 5760; x_wconf 74' lang='lat' dir='ltr'><em>ecclesie</em></span> <span class='ocrx_word' id='word_1_388' title='bbox 849 5696 1015 5776; x_wconf 80' lang='lat' dir='ltr'><em>Pragensis</em></span> <span class='ocrx_word' id='word_1_389' title='bbox 1027 5693 1255 5779; x_wconf 62' lang='lat' dir='ltr'><em>[collacicuem‘p</em></span> <span class='ocrx_word' id='word_1_390' title='bbox 1270 5692 1296 5767; x_wconf 74' lang='grc' dir='ltr'><em>1ἰ</em></span> <span class='ocrx_word' id='word_1_391' title='bbox 1314 5696 1521 5758; x_wconf 87' lang='lat' dir='ltr'><em>communiter</em></span> <span class='ocrx_word' id='word_1_392' title='bbox 1537 5701 1569 5757; x_wconf 89' lang='lat' dir='ltr'><em>ct</em></span> <span class='ocrx_word' id='word_1_393' title='bbox 1584 5694 1710 5759; x_wconf 82' lang='lat' dir='ltr'><em>divisim</em></span> <span class='ocrx_word' id='word_1_394' title='bbox 1726 5695 1886 5762; x_wconf 82' lang='lat' dir='ltr'><em>incedam</em></span> <span class='ocrx_word' id='word_1_395' title='bbox 1903 5698 2045 5765; x_wconf 83' lang='lat' dir='ltr'><em>ecclesia</em></span> <span class='ocrx_word' id='word_1_396' title='bbox 2060 5698 2109 5763; x_wconf 78' lang='lat' dir='ltr'><em>sel</em></span> <span class='ocrx_word' id='word_1_397' title='bbox 2120 5705 2191 5763; x_wconf 79' lang='lat' dir='ltr'><em>esta</em></span> 
     </span>
    </p>
   </div>
   <div class='ocr_carea' id='block_1_10' title="bbox 0 0 2614 7044">
    <p class='ocr_par' dir='ltr' id='par_1_11' title="bbox 0 0 2614 7044">
     <span class='ocr_line' id='line_1_42' title="bbox 0 0 2614 7044; baseline 0 0"><span class='ocrx_word' id='word_1_398' title='bbox 0 0 2614 7044; x_wconf 95' lang='lat' dir='ltr'><em> </em></span> 
     </span>
    </p>
   </div>
  </div>
 </body>
</html>
