5184 7050
546 868 588 933 68

545 1091 583 1137 ac
605 1070 799 1153 prebendam
823 1070 893 1147 sibi,
917 1088 988 1133 cum
1018 1074 1158 1147 vacaret,
1189 1069 1412 1133 conferendam
1448 1067 1615 1134 donaciom'
1647 1067 1823 1147 apostolice
1854 1070 2061 1146 reservastis,

545 1194 602 1240 seu
635 1173 720 1256 quod
742 1172 974 1255 parrochialem
997 1173 1166 1238 ecclesiam
1190 1174 1223 1236 in
1245 1171 1375 1257 Gyczin,
1398 1171 1569 1252 Pragensis
1592 1170 1739 1250 diocesis,
1763 1189 1801 1233 ac
1824 1171 1932 1236 altare
1956 1173 2062 1237 sancti

546 1277 694 1355 Materni,
718 1277 814 1340 situm
837 1276 870 1339 in
893 1276 979 1340 dictu
1002 1275 1139 1340 ecclesia
1161 1274 1325 1357 Prageusi,
1348 1276 1491 1339 noscitur
1513 1274 1666 1352 obtinere,
1690 1274 1775 1355 quod
1798 1274 1930 1356 quidem
1954 1276 2061 1340 altare

545 1382 662 1447 obtulit
684 1399 719 1445 se
742 1380 912 1458 dimittere,
936 1398 1007 1444 cum
1029 1379 1212 1445 huiusmodi
1234 1378 1441 1442 canonicatus
1464 1383 1497 1442 et
1522 1378 1684 1460 prebende
1715 1379 1852 1444 ecclesie
1881 1379 2061 1461 Pragensis

545 1487 645 1552 inerit
665 1485 901 1568 possessionem
923 1482 1089 1565 pacificam
1113 1486 1290 1559 assecutus,
1307 1500 1377 1545 cum
1402 1483 1518 1546 ceteris
1540 1500 1603 1546 non
1625 1482 1828 1547 obstantibus
1850 1487 1885 1548 et
1900 1483 2061 1548 clausulis

546 1590 713 1671 oportunis
736 1592 769 1652 et
792 1588 1024 1652 executoribus.

649 1692 724 1757 Fiat
745 1693 778 1755 in
801 1691 903 1757 forma
924 1690 962 1755 rt
987 1691 1030 1756 Et
1045 1708 1075 1771 q.
1092 1694 1114 1754 t.
1132 1708 1157 1754 s.
1175 1708 1203 1753 a.
1220 1690 1241 1754 l.
1266 1689 1340 1753 Fiat
1356 1688 1393 1753 R.
1417 1690 1456 1754 D.
1481 1690 1639 1756 Auinione
1661 1690 1703 1755 id.
1729 1689 1879 1756 Octobris
1896 1710 1925 1756 a.
1943 1693 2061 1774 primo.

650 1879 798 1934 Clementis
817 1879 856 1933 Vl
873 1877 891 1933 S
909 1879 951 1950 Ill
970 1879 1008 1946 (1)
1028 1877 1046 1931 f.
1066 1881 1124 1932 266.
1143 1906 1178 1917 -
1204 1878 1227 1944 ¹)
1247 1875 1405 1946 suppletum
1423 1891 1507 1946 supra
1526 1877 1552 1931 S.

548 2396 637 2461 118.
659 2392 789 2474 Spmorrr'
810 2390 848 2455 de
869 2390 958 2457 Jurn
979 2392 1160 2453 reservatur
1176 2387 1361 2471 praebenda
1384 2388 1532 2455 ecclesiae
1560 2392 1831 2473 Vyaoepradeasr's.
1877 2397 2000 2463 Fbrmo
2025 2403 2065 2462 ut

1228 2493 1263 2556 in
1285 2514 1316 2557 rr.
1340 2495 1370 2558 6.

677 2563 685 2635 Ι

610 2633 635 2773 1lK
661 2652 698 2772 ξ
1492 2631 1765 2713 Aoiaione,1342
1791 2636 1938 2704 Octobris
1960 2642 2015 2707 15.

651 2849 734 2915 Di.
759 2849 885 2932 Symoni
909 2848 949 2912 de
972 2846 1089 2925 Gitzin,
1114 2848 1264 2910 canonico
1299 2846 1433 2911 ecclesie
1455 2847 1712 2930 Wisegradensis
1735 2869 1835 2933 prope
1858 2854 2008 2938 Pragam,
2034 2880 2059 2925 s.

549 2956 622 3020 Vite
644 2973 683 3018 ac
704 2971 825 3018 morum
847 2950 999 3016 honestas
1016 3001 1023 3015 .
1041 3001 1048 3015 .
1067 3001 1073 3014 .
1092 3001 1099 3014 .
1124 2948 1277 3013 Volentes
1294 2950 1403 3031 itaque
1418 2951 1489 3029 tibi,
1506 2952 1561 3032 qui
1577 2952 1609 3015 in
1625 2954 1811 3020 canonicum
1827 2958 1908 3022 etin
1923 2959 2060 3029 fratrem

548 3055 820 3138 wissegradensis
844 3054 979 3119 ecclesie
1000 3072 1100 3136 prope
1119 3054 1255 3135 Pragam
1270 3071 1329 3135 per
1344 3053 1395 3117 dd.
1411 3053 1441 3119 ff.
1460 3055 1634 3136 capitulum
1658 3057 1760 3139 ipsius
1783 3060 1919 3125 ecclesie
1942 3068 2060 3131 unani·

548 3164 641 3227 miter
672 3160 795 3223 electus
828 3176 863 3222 es
896 3162 933 3222 ut
966 3158 1086 3222 asseris
1119 3161 1152 3221 et
1186 3161 1380 3238 assumptus,
1404 3175 1433 3237 p.
1458 3163 1481 3222 t.
1504 3177 1545 3222 m.
1577 3177 1616 3236 o,
1646 3178 1704 3241 pro
1739 3181 1801 3244 quo
1843 3165 1945 3229 eciam
1977 3167 2058 3235 dicti

548 3264 722 3347 capitulum
744 3263 836 3327 nobis
859 3262 891 3326 in
913 3262 974 3325 hac
997 3267 1089 3343 parte
1110 3260 1274 3325 humiliter
1295 3261 1525 3343 supplicarunt,
1538 3261 1562 3345 ¹)
1586 3283 1615 3345 g.
1638 3263 1659 3328 f.
1684 3283 1720 3343 s.,
1743 3267 1939 3347 prebendam
1974 3273 2056 3338 nulli

549 3367 605 3432 alii
627 3366 666 3432 de
688 3369 758 3432 iure
782 3365 931 3443 debitam,
956 3367 983 3429 si
1005 3384 1069 3447 qua
1092 3368 1124 3431 in
1148 3366 1233 3431 dicta
1256 3366 1394 3430 ecclesia
1416 3372 1510 3431 vacat
1533 3368 1574 3432 ad
1604 3387 1747 3451 presens,
1773 3372 1825 3436 vel
1856 3391 1927 3438 curn
1960 3395 2058 3442 vaca-

548 3472 632 3537 verit
647 3524 654 3538 .
672 3524 680 3538 .
698 3523 730 3537 ..
756 3469 979 3537 conterendam
994 3471 1053 3536 tibi
1070 3521 1077 3536 .
1096 3521 1103 3537 .
1121 3521 1153 3536 ..
1178 3470 1208 3535 d.
1226 3487 1254 3534 a.
1271 3488 1472 3535 reservamus
1489 3523 1496 3536 .
1515 3523 1521 3537 .
1539 3521 1547 3537 .
1565 3492 1589 3552 .;
1614 3492 1676 3538 non
1692 3474 1912 3544 obstantibus.
1928 3530 1935 3543 .
1951 3530 1958 3544 .
1973 3531 1980 3544 .
1998 3499 2058 3547 seu

548 3577 632 3658 quod
647 3576 815 3641 ecclesiam
830 3576 1062 3658 parrochialem
1085 3577 1117 3642 in
1142 3575 1268 3659 Gytzin,
1285 3575 1456 3658 Pragensis
1480 3576 1626 3656 diocesis
1650 3596 1689 3642 ac
1711 3580 1744 3644 in
1767 3581 1921 3664 Pragensi
1945 3592 2059 3651 nostra

549 3681 635 3744 etin
666 3680 754 3745 dicta
777 3679 1022 3762 vissegradensi
1038 3681 1194 3745 dictorum
1217 3679 1351 3761 capituli
1374 3681 1619 3746 auctoritatibus
1643 3685 1849 3750 canonicatus
1873 3688 1962 3752 etin
1985 3689 2060 3771 ipsa

549 3784 703 3868 Pragensi
726 3783 829 3848 altare
852 3785 955 3849 sancti
979 3784 1117 3850 Materni
1141 3785 1265 3848 obtines
1282 3785 1362 3849 etin
1378 3785 1490 3849 eadem
1513 3785 1666 3869 Pragensi
1690 3789 1834 3855 ecclesiis
1857 3793 2056 3873 prebendam

550 3893 701 3970 expectas
704 3939 812 3954 .....
836 3889 874 3953 Ι).
899 3890 1057 3954 Auinione
1080 3888 1121 3953 id.
1146 3887 1295 3954 Octobris
1319 3909 1346 3953 a.
1370 3889 1481 3970 primo.

652 3993 803 4058 lnam.
830 3992 879 4055 dd.
904 3991 935 4057 ff.
960 3993 1240 4057 deBrunoniaet
1275 3993 1315 4057 de
1344 3992 1527 4076 Aularegia,
1557 3996 1728 4079 Pragensis
1762 4000 1911 4078 diocesis,
1945 4020 2057 4068 mona-

549 4097 722 4161 steriorum
746 4096 916 4161 abbatibus
939 4115 977 4161 ac
999 4096 1019 4162 J
1022 4095 1138 4161 ohanni
1161 4096 1201 4160 de
1216 4096 1364 4176 Pistorio,
1381 4099 1531 4164 canonico
1546 4099 1753 4181 Traieotensi,
1770 4122 1794 4168 s.
1811 4155 1818 4168 .
1836 4153 1843 4168 .
1862 4155 1868 4169 .
1886 4155 1894 4169 .
1918 4106 1958 4170 D.
1976 4112 2014 4173 ut
2030 4126 2056 4174 s.

655 4283 803 4339 Clementis
815 4284 891 4338 Vld
911 4284 969 4352 llll
987 4289 1041 4347 (69)
1060 4283 1078 4337 i.
1094 4289 1144 4338 583
1163 4300 1189 4338 n.
1209 4290 1268 4353 896,
1292 4284 1327 4338 de
1347 4285 1514 4354 praebendis
1531 4290 1667 4344 vacaturis
1684 4307 1729 4359 qu.
1748 4298 1781 4345 45
1794 4311 1821 4343 :
1834 4292 1866 4347 V.
1887 4299 1937 4349 1⁶6
1955 4294 1974 4349 f.
1996 4302 2056 4351 126.

549 4389 574 4425 n.
594 4376 653 4424 896.
673 4403 705 4411 -
726 4373 745 4439 ¹)
772 4371 935 4440 supplicarit
961 4387 1012 4440 pro
1039 4370 1136 4425 eodem
1164 4372 1247 4426 etiam
1275 4372 1398 4440 Carolus,
1425 4374 1545 4429 marchio
1572 4375 1720 4444 Moraviae,
1748 4379 1825 4434 cuius
1852 4381 1893 4435 rei
1912 4381 1957 4436 hic
1977 4384 2056 4439 nulla

550 4459 581 4512 fit
593 4458 704 4512 mentio.
723 4457 793 4512 Vide
811 4475 884 4513 num.
906 4464 963 4512 117.

551 4913 640 4980 119.
665 4911 851 4991 Cosimiras,
875 4933 932 4977 rer
955 4912 1112 4988 Potoaiee,
1128 4918 1158 4976 et
1183 4911 1324 4989 Carolus,
1341 4914 1482 4979 marchio
1498 4919 1673 4997 Morociuc,
1689 4921 2055 5006 supplicamentum

547 5014 691 5082 Joburmr‘
713 5014 796 5079 dicto
820 5017 975 5079 Pcduono
998 5015 1036 5079 de
1058 5018 1248 5081 canonicatu
1268 5017 1418 5082 ccclesiae
1440 5020 1612 5101 Prepcrcsis
1633 5023 1690 5086 sub
1713 5029 1927 5107 expectatione
1956 5054 2052 5114 prue-

1120 5119 1238 5184 beadue
1254 5121 1473 5204 provideatur.

1492 5263 1655 5346 Aeinione,
1679 5271 1765 5333 1342
1790 5270 1934 5338 Octobris
1957 5279 2012 5342 17.

652 5448 842 5531 Supplicant
872 5450 901 5515 S.
935 5450 972 5513 V.
1006 5450 1201 5516 devotissimi
1235 5452 1265 5518 ff.
1297 5473 1346 5516 vv.
1382 5454 1572 5533 Karinrirus,
1605 5476 1662 5521 rex
1685 5459 1825 5539 Polonie,
1849 5468 1881 5527 et
1904 5465 2054 5550 Karolns,

548 5554 777 5634 primogenitus
812 5554 896 5636 regis
930 5553 1082 5619 Bohemie
1116 5562 1148 5618 et
1182 5557 1322 5621 nrorclrio
1357 5557 1511 5640 Morauie,
1543 5564 1702 5641 quatenus
1736 5565 1783 5628 eis
1817 5566 1849 5629 in
1884 5587 2053 5649 personam

547 5656 704 5722 Johannis
728 5657 805 5722 dicti
828 5658 983 5736 Paduoni,
1001 5659 1139 5723 doctoris
1162 5659 1371 5738 (toleratorum,
1395 5663 1496 5743 ipsius
1519 5666 1603 5745 regis
1626 5666 1777 5732 Bohemie
1801 5689 1839 5733 ac
1861 5673 2053 5742 marchionis

548 5762 646 5826 iurati
677 5761 850 5826 consiliarii
880 5768 913 5826 et
943 5764 1108 5828 secretarii
1138 5766 1292 5846 precipui,
1322 5767 1462 5849 grumam
1492 5767 1648 5834 facientes
1679 5774 1860 5854 specialem,
1884 5778 1988 5845 eidem
2012 5781 2051 5846 de
