5184 7050
662 862 726 930 744

659 1070 827 1136 ecclesiam
850 1070 952 1134 sancti
975 1069 1061 1134 Petri
1086 1072 1116 1133 iu
1140 1068 1350 1146 Porniecn,⁰⁰t
1385 1070 1603 1134 annotavimus
1626 1075 1659 1133 et
1682 1070 1889 1151 ascripsimus
1914 1089 1953 1134 ac
1977 1071 2176 1152 presentibus

659 1179 847 1240 annotamus
870 1180 903 1239 et
926 1175 1112 1238 ascribimus
1138 1173 1388 1254 parrochialem
1412 1174 1505 1238 dicte.
1530 1175 1567 1239 ln
1591 1192 1723 1255 quorum
1747 1176 1885 1239 onmium
1907 1175 2134 1239 testimenium
2148 1182 2174 1240 et

658 1279 755 1344 robur
783 1284 935 1360 perpetuo
963 1276 1135 1340 valiturum
1160 1276 1296 1359 sigillum
1321 1279 1494 1342 vicariatus
1517 1278 1616 1343 nostri
1649 1280 1850 1359 presentibus
1885 1280 2043 1344 (luximus
2067 1300 2175 1363 appen-

660 1383 807 1449 dandum.
818 1386 859 1461 1η’)
907 1383 1022 1446 Datum
1056 1382 1155 1461 Prnge
1187 1399 1268 1444 anno
1304 1381 1421 1445 domini
1454 1382 1621 1447 millesimo
1655 1385 1879 1448 trecentesimo
1915 1386 2175 1467 quinquagesimo

660 1488 761 1570 primo
795 1487 847 1550 die
881 1486 993 1550 ultima
1016 1487 1135 1549 mensis
1159 1485 1334 1548 Februarii.
1380 1484 1466 1550 Nulli
1490 1506 1565 1569 ergo
1589 1494 1648 1552 etc.
1673 1494 1780 1553 nostre
1804 1488 2078 1567 confirmacionis
2103 1508 2175 1553 corn·

657 1591 845 1655 municionis
869 1595 902 1655 et
925 1589 1140 1672 suppletionis
1168 1590 1342 1671 infringere
1365 1595 1425 1654 etc.
1450 1592 1489 1654 l).
1515 1593 1670 1655 Auinione
1694 1593 1772 1657 Vlll
1788 1593 1850 1657 kal.
1871 1594 1986 1657 Marcii
2005 1613 2036 1658 a.
2054 1594 2175 1657 decimo.

764 1727 913 1781 Clementis
932 1728 970 1780 Vl
989 1729 1021 1779 A.
1039 1726 1094 1803 Nl
1114 1728 1186 1795 (titt)
1207 1726 1224 1779 l'.
1245 1732 1295 1779 384
1315 1744 1341 1779 n.
1362 1733 1422 1795 478,
1447 1726 1618 1783 diversarum
1646 1729 1794 1783 formarum
1820 1748 1865 1798 qu.
1886 1737 1951 1783 o:
1964 1730 2000 1783 V.
2022 1736 2076 1784 ‘209
2094 1729 2113 1783 i.
2133 1736 2174 1783 lot

660 1834 686 1872 u.
707 1822 757 1869 479
778 1816 855 1881 (sici)
876 1845 908 1853 -
927 1813 1066 1883 Originale
1085 1814 1167 1868 hrvivrs
1187 1814 1297 1868 litterae
1318 1814 1466 1868 l'lernentis
1493 1831 1582 1884 papae
1610 1816 1647 1870 Vl
1676 1817 1704 1869 in
1732 1817 1852 1871 archivio
1882 1817 2095 1870 cruciferorum
2123 1833 2175 1870 cau

661 1905 744 1960 atella
771 1905 858 1957 rvrhea
885 1902 989 1970 Pragae
1019 1903 1142 1970 reperire
1171 1918 1224 1953 uon
1244 1903 1330 1969 potui.
1369 1902 1401 1954 ln
1421 1900 1517 1954 eodem
1537 1919 1602 1955 vero
1622 1902 1743 1956 archivio
1762 1904 1942 1957 inveniuntur
1960 1907 2019 1955 ‹lao
2040 1904 2176 1973 originalia

661 1992 771 2046 litterae
790 1989 835 2043 hic
852 1990 982 2052 insertae,
1001 2005 1082 2056 quam
1102 1988 1211 2042 ltohuta
1230 1995 1257 2041 et
1275 1991 1443 2056 Stephanus,
1461 1989 1555 2042 vicarii
1574 1989 1720 2056 generales
1744 1990 1948 2058 archiepiscopi
1967 1991 2130 2059 Pragensia
2147 1990 2176 2043 de

659 2078 823 2133 limitatione
843 2074 1040 2145 parochialium
1062 2074 1241 2128 ecclesiarum
1261 2073 1344 2129 scribi
1364 2078 1497 2128 lecerunt.
1526 2075 1601 2130 Haec
1620 2075 1774 2144 originalia,
1793 2078 1828 2130 ab
1848 2076 1947 2130 eadem
1968 2093 2057 2130 manu
2076 2078 2104 2130 in
2122 2092 2175 2146 per-

659 2179 775 2233 gameno
795 2162 906 2232 scripta,
926 2161 1093 2215 concordant
1112 2178 1200 2228 usque
1220 2161 1254 2216 ad
1273 2163 1402 2215 litteram.
1440 2162 1556 2230 Utrique
1583 2178 1738 2232 appensum
1763 2170 1806 2216 est
1831 2162 1954 2231 sigillum
1976 2164 2008 2216 in
2029 2179 2095 2217 cera
2113 2164 2176 2225 alba

659 2249 687 2305 in
705 2266 760 2319 quo
778 2250 896 2318 legitur:
919 2248 1082 2319 ,S[igilluml
1103 2249 1249 2302 vicariatus
1269 2249 1525 2317 archiepiscopatus
1544 2249 1716 2318 rragcnaic‘.
1737 2249 1792 2303 Sed
1810 2250 1839 2302 iu
1857 2250 1957 2313 altero,
1971 2251 2020 2303 cui
2035 2258 2080 2304 est
2094 2250 2175 2318 signa-

660 2344 723 2394 tura
744 2335 837 2403 „ttb“,
857 2336 960 2405 passim
979 2335 1065 2388 multa
1084 2335 1166 2389 verba
1184 2335 1348 2389 humiditate
1366 2335 1510 2404 illegibilia
1528 2335 1602 2389 facta
1621 2343 1693 2390 scint.
1716 2334 1794 2389 Hanc
1812 2336 1935 2389 litteram
1955 2337 2096 2390 insertam
2114 2337 2176 2389 satis

661 2425 792 2479 mendose
811 2422 897 2478 edidit
918 2420 1169 2475 llammersclmried
1189 2422 1216 2474 in
1238 2422 1403 2481 ,Prodromo
1421 2423 1526 2491 gloriae
1545 2424 1702 2491 l’ragenae“
1722 2439 1784 2491 pag.
1803 2429 1955 2487 tat—atta,
1969 2440 2060 2491 quam
2073 2423 2108 2477 ob
2126 2439 2177 2477 reni

660 2511 706 2566 hic
724 2510 758 2566 ad
777 2509 857 2563 fidem
878 2509 1050 2577 originalium
1071 2508 1105 2562 de
1127 2526 1195 2562 novo
1217 2510 1390 2579 imprimitur.
1410 2540 1443 2548 -
1471 2512 1494 2577 ε)
1514 2510 1605 2580 suppl.
1625 2526 1711 2579 supra
1729 2514 1762 2563 A.
1793 2511 1815 2571 l)
1835 2510 2032 2577 ,Pedemoute‘
2052 2514 2095 2575 A,
2113 2526 2176 2564 corr.

662 2598 696 2653 ab
716 2598 829 2651 editore.
857 2600 879 2663 ι·)
899 2597 1023 2664 ,llouhta‘
1044 2600 1076 2649 A.
1104 2600 1128 2660 ··)
1148 2596 1238 2664 avrppl.
1258 2614 1342 2664 supra
1362 2599 1393 2649 A.
1422 2604 1444 2663 c)
1464 2613 1532 2650 corr.
1554 2613 1589 2651 ex
1609 2598 1761 2663 ,carissimi‘
1785 2600 1817 2650 A.
1848 2599 1868 2661 ¹)
1888 2613 1961 2650 corr.
1986 2614 2024 2651 ex
2044 2598 2088 2665 ,ad
2113 2613 2176 2666 quoa

663 2691 692 2739 et
710 2684 833 2752 singulis‘
852 2686 884 2737 A.
913 2692 936 2745 a)
955 2684 1035 2737 deest
1053 2683 1081 2735 in
1101 2690 1217 2752 utroque
1238 2684 1373 2751 originali.
1401 2685 1424 2751 ΙΙ)
1445 2688 1490 2750 ,et‘
1509 2686 1542 2739 A.
1574 2690 1592 2751 ¹)
1612 2685 1693 2738 deest
1710 2684 1738 2737 in
1758 2693 1875 2752 utroque
1896 2684 2030 2751 originali
2052 2694 2081 2738 et
2100 2684 2128 2737 in
2140 2688 2175 2752 A,

663 2770 755 2841 suppl.
774 2772 808 2825 ab
828 2769 942 2824 editore.
972 2774 996 2837 k)
1015 2771 1132 2835 ,clarolo‘
1152 2772 1184 2822 A.
1219 2772 1236 2837 ¹)
1256 2776 1301 2838 ,et‘
1320 2774 1353 2824 A.
1380 2774 1411 2838 1η)
1431 2772 1589 2838 ,Francisci‘
1608 2775 1640 2823 A.
1669 2780 1693 2837 Ἰ)
1713 2771 1839 2839 seqnitur
1867 2769 1962 2836 ‚dictis
1991 2770 2045 2825 sed
2070 2771 2177 2824 cancell.

664 2860 697 2910 A.
724 2859 748 2923 ⁰)
767 2874 835 2910 corr.
861 2871 894 2908 ex
920 2856 1101 2923 ,dilacionem‘
1127 2859 1159 2910 A.
1186 2862 1211 2920 c)
1229 2862 1379 2926 ,occupate‘
1405 2859 1433 2911 in
1459 2865 1576 2927 utroque
1602 2857 1727 2926 originali
1755 2863 1783 2911 et
1803 2857 1830 2910 in
1851 2859 1893 2923 A,
1912 2872 1985 2910 corr.
2008 2858 2046 2910 ab
2066 2858 2174 2911 editore.

662 2950 691 3007 a)
711 2944 859 3011 ,Padnano‘
879 2947 910 2996 A.
938 2947 957 3011 Γ)
977 2944 1188 3010 ,execuciouem‘
1208 2947 1239 2996 A.
1268 2947 1289 3012 r)
1309 2961 1378 2998 corr.
1399 2959 1431 2997 ex
1450 2949 1499 3010 ,εει
1518 2948 1551 2997 A.
1577 2950 1598 3011 2)
1618 2948 1875 3013 corr.ex,semper‘
1889 2946 1923 2996 A.
1953 2944 2172 3010 ·=t,ract0natiti·

663 3033 696 3084 A.
723 3036 746 3094 ι)
764 3031 889 3100 sequitur
908 3030 1025 3096 ,decuit‘,
1045 3031 1093 3085 scd
1115 3030 1227 3084 cancell.
1249 3034 1280 3085 A.
1309 3042 1331 3087 ιι
1352 3032 1529 3097 ,execrrcioni‘
1549 3034 1581 3084 A.
1607 3034 1632 3097 r)
1652 3031 1743 3098 ,apud‘
1763 3033 1794 3083 A.
1822 3032 1844 3095 Ι)
1864 3031 1996 3097 aecpritur
2018 3032 2174 3099 ,ecclesiast

664 3118 713 3173 aed
731 3117 843 3172 cancell.
862 3120 895 3171 A.
923 3122 958 3181 ¹¹¹¹)
978 3118 1111 3182 ,tacimus
1131 3119 1158 3171 in
1178 3125 1294 3185 utroque
1314 3119 1439 3187 originali
1459 3126 1488 3172 et
1506 3119 1534 3172 in
1554 3122 1595 3185 A..
1609 3135 1678 3172 corr.
1692 3119 1726 3172 ab
1740 3116 1855 3171 editore.
1883 3117 1922 3175 lii
1941 3135 1987 3183 ‚ac
2001 3120 2173 3188 presentibus

663 3205 778 3260 iacimus
806 3213 833 3258 et
860 3205 1061 3259 eonstituimus‘
1089 3205 1168 3259 deest
1191 3203 1219 3257 in
1245 3208 1277 3258 A.
1310 3212 1344 3270 ce)
1370 3206 1459 3275 suppl.
1488 3222 1573 3275 supra
1591 3209 1623 3259 A.
1652 3206 1691 3270 di)
1712 3204 1895 3272 ,parrochiali‘
1917 3207 1950 3257 A.
1986 3220 2023 3265 cc)
2044 3206 2173 3275 supplic

664 3309 748 3359 marg.
767 3294 799 3344 A.
835 3294 851 3331 *l
885 3290 1008 3356 ,Zeiden‘
1027 3293 1059 3343 A.
1088 3298 1124 3354 ca)
1144 3292 1236 3360 suppl.
1256 3309 1341 3361 supra
1360 3295 1391 3344 A.
1422 3294 1461 3358 ΙΙΙ·)
1481 3292 1638 3359 ,Zehoruta‘
1658 3295 1691 3344 A.
1732 3297 1757 3355 ΙΙ)
1787 3306 1855 3343 corr.
1888 3307 1923 3343 ειι
1953 3300 2010 3356 ,est
2036 3293 2174 3345 eciam‘A.

667 3382 706 3444 aa)
725 3379 924 3447 ,Woyssotzan‘
943 3380 975 3431 A.
1010 3380 1035 3443 ΙΙ)
1054 3378 1195 3445 ,Turland‘
1215 3383 1247 3433 A.
1276 3380 1548 3447 111ιε),ιὶίεῐοιιιιιι“Α.
1576 3381 1615 3444 nc)
1629 3378 1720 3447 ,apud‘
1734 3380 1765 3431 A.
1793 3378 1979 3443 ⁰⁰),Porziee‘
1994 3380 2029 3432 A.
2058 3386 2096 3443 cc)
2114 3395 2175 3432 corr.

666 3480 698 3517 ex
717 3465 928 3535 ,appenendum‘
949 3468 981 3517 A.
1002 3496 1034 3505 -
1054 3467 1073 3530 ¹)
1093 3467 1120 3518 iu
1139 3467 1275 3535 inargine:
1294 3466 1338 3533 ,de
1357 3470 1475 3521 camera‘
1494 3468 1526 3518 A.

667 3816 787 3882 1441.
818 3816 1072 3900 Archicpiscopis
1106 3821 1135 3880 ct
1164 3816 1329 3898 episcopis,
1359 3838 1419 3898 per
1441 3814 1674 3879 Alarrtuoaiom
1704 3818 1734 3878 el
1763 3814 1954 3879 Bolcemiom
1991 3816 2176 3881 corastilaata'c.

667 3919 849 3997 mandatur,
860 3924 897 3982 ut
915 3921 1082 3985 Nicolaum
1096 3920 1272 3998 Laurentii,
1287 3921 1383 3985 civem
1398 3921 1584 3996 Rornanorum,
1597 3918 1789 3983 hoereticum
1804 3940 1870 3982 esse
1882 3919 2014 4001 paablice
2030 3923 2175 3984 cremarat.

1591 4058 1754 4136 Aethione,
1778 4060 1864 4122 1352
1888 4058 2065 4124 recrearit
2087 4064 2137 4125 25.

770 4196 827 4260 Vv.
851 4195 881 4260 li.
905 4196 1152 4278 archiepiscopis
1175 4203 1208 4261 et
1230 4198 1399 4278 episcopis,
1424 4216 1481 4277 per
1504 4196 1701 4261 Alamaniam
1732 4203 1765 4261 et
1788 4197 1953 4261 Beemiam
1987 4199 2175 4275 constitutis,

668 4298 709 4364 ad
743 4317 821 4380 quos
855 4307 1020 4381 presentes
1051 4301 1159 4364 littere
1183 4301 1394 4380 pervenerint,
1418 4319 1443 4363 s.
1468 4304 1527 4364 etc.
1574 4300 1677 4382 Super
1700 4300 1875 4364 custodiam
1899 4302 2010 4382 gregis
2035 4302 2174 4367 dominici

668 4421 806 4485 superna
830 4404 1017 4485 disponente
1041 4403 1212 4468 clemencia
1236 4406 1410 4482 constituti,
1433 4404 1616 4469 studiosiori
1642 4404 1793 4469 debemus
1825 4404 1964 4468 solercia
1998 4425 2175 4488 precavere,

668 4513 704 4571 ut
733 4507 802 4571 ovis
833 4507 987 4583 morbida,
1019 4526 1059 4570 ne
1086 4525 1145 4570 sua
1168 4509 1354 4590 ecurtagionc
1377 4508 1504 4572 letifera
1527 4528 1620 4573 sanas
1644 4527 1718 4572 oves
1743 4506 1872 4586 inficiat,
1897 4509 1939 4572 cle
1960 4512 2041 4575 ovili
2067 4508 2175 4574 domini

668 4610 864 4687 excludatur,
894 4616 927 4675 et
958 4616 992 4674 ut
1022 4612 1177 4692 pestilera
1209 4613 1308 4693 ipsius
1341 4614 1476 4677 iulcccio
1506 4613 1611 4677 latens
1636 4612 1693 4676 sub
1717 4612 1836 4676 vellere
1858 4631 1896 4676 eo
1921 4613 2044 4678 elarius
2068 4614 2176 4678 ceteris

669 4715 856 4792 innotescat,
892 4733 953 4796 quo
989 4715 1148 4797 incognita
1182 4716 1326 4796 pluribus
1361 4722 1469 4797 posset
1507 4724 1728 4783 nocumentum
1766 4718 1980 4799 perniciosius
2017 4737 2174 4801 generare.

669 4818 797 4883 Dudum
821 4818 986 4899 siquidem,
1011 4838 1080 4882 cum
1106 4819 1255 4883 Nicolaus
1280 4821 1459 4900 Laurencii,
1484 4822 1561 4886 civis
1584 4821 1753 4899 llonranus,
1777 4822 1830 4902 qui
1848 4839 1883 4884 se
1900 4822 2070 4887 tribunum
2086 4823 2176 4888 Urbis

668 4922 812 5001 vocabat,
845 4927 916 5003 post
946 4923 1062 4988 multos
1092 4942 1235 4987 enonnes
1267 4943 1426 5003 excessua,
1451 4926 1633 4988 cormnissos
1657 4945 1714 5006 per
1735 4944 1815 5002 eum,
1841 4930 2015 5007 etgraves
2040 4929 2175 4992 iniurias.

669 5045 749 5108 quas
772 5027 831 5091 deo
855 5032 889 5090 et
910 5035 1018 5092 sancte
1042 5028 1134 5092 matri
1158 5028 1293 5093 ecclesie
1316 5033 1468 5108 tanquam
1492 5029 1683 5109 perdicionis
1717 5028 1803 5092 lilius
1833 5028 1969 5094 auribus
2003 5033 2176 5096 temerariis

669 5131 834 5213 irrogarat,
859 5151 893 5195 so
917 5132 948 5195 in
973 5131 1160 5212 profundum
1183 5132 1336 5196 malorum
1359 5133 1536 5196 inconsulta
1561 5134 1763 5215 precipitatus,
1787 5133 1819 5197 iu
1842 5133 1941 5197 verba
1972 5133 2121 5202 heretica
2148 5143 2175 5199 ct

670 5234 790 5313 insana,
814 5255 876 5317 que
900 5235 1062 5299 asserebat
1085 5238 1302 5317 pertinaciter,
1327 5242 1421 5316 prout
1443 5236 1582 5301 hahebat
1605 5237 1834 5318 licledignormu
1859 5239 2004 5302 assercio
2029 5244 2064 5304 et
2079 5241 2175 5305 decla·

669 5338 763 5404 rabat
785 5346 913 5421 recepta
937 5358 1032 5420 super
1054 5339 1113 5404 hoc
1145 5341 1337 5418 informacio,
1369 5342 1581 5421 prorupisset:
1618 5361 1645 5404 v.
1671 5342 1691 5405 l.
1715 5361 1743 5404 n.
1768 5341 1977 5419 Bertrandus,
2011 5346 2174 5426 episcopus

669 5442 864 5521 Sabinensis,
887 5449 962 5507 tvmc
984 5442 1069 5507 tituli
1093 5445 1192 5507 sancti
1214 5444 1314 5509 blanci
1331 5446 1498 5526 presbyter
1513 5445 1693 5523 cardinalis,
1710 5446 1742 5508 in
1758 5446 1903 5525 partibus
1920 5445 1987 5510 illis
2005 5449 2175 5529 apostolice

670 5545 756 5612 sedis
780 5548 912 5629 legatae,
929 5547 1108 5611 lmiusmodi
1126 5548 1266 5611 eiusdem
1283 5548 1404 5613 Nicolai
1422 5550 1581 5629 perversis
1597 5555 1630 5612 et
1645 5548 1791 5612 nefandis
1806 5548 1958 5629 operibus
1975 5569 2016 5613 en
2034 5552 2174 5634 frequen·

669 5651 756 5716 tibus
780 5651 919 5716 fidelium
945 5653 1122 5716 mucoribus
1147 5653 1328 5730 intellectis,
1353 5653 1486 5717 crrndcm
1511 5653 1676 5718 Nicolaum
1699 5653 1818 5717 habens
1843 5653 1883 5716 de
1908 5656 2066 5736 predictis
2092 5657 2175 5720 vahle

670 5762 852 5838 suspectum
876 5762 908 5820 et
931 5757 1070 5838 graviter
1093 5754 1286 5822 diliaumtum
1310 5777 1368 5822 ιιει·Ι
1391 5759 1510 5834 volens,
1534 5759 1616 5822 sicut
1639 5777 1697 5822 nec
1720 5757 1856 5836 volebat,
1873 5759 1964 5824 salva
1981 5762 2173 5825 consciencia
