5184 7050
678 800 744 869 362

679 1006 859 1089 superbiis
883 1008 928 1073 sic
951 1007 1162 1073 effectualiter
1190 1012 1222 1073 te
1247 1015 1377 1091 coaptes
1408 1015 1441 1076 et
1470 1017 1625 1093 prompte,
1650 1011 1733 1093 quod
1757 1010 1994 1089 confidenciam,
2029 1031 2120 1094 quam
2141 1014 2171 1077 de

675 1113 710 1174 te
732 1111 916 1195 specialiter
937 1114 1076 1196 gerimus
1100 1115 1184 1178 circa
1204 1114 1273 1193 hec,
1296 1134 1355 1196 per
1377 1117 1483 1199 operis
1505 1115 1734 1181 exhibitionem
1755 1118 1889 1200 experti,
1904 1118 2109 1199 reperiantur
2122 1136 2171 1181 non

678 1215 835 1281 immerito
858 1218 958 1300 magis
973 1219 1111 1301 prompti
1126 1223 1160 1283 et
1174 1220 1309 1301 propicii
1324 1219 1366 1284 ad
1382 1239 1430 1299 ea,
1455 1239 1516 1302 que
1539 1227 1596 1285 tua
1617 1220 1791 1302 respicient
1810 1221 1974 1287 commoda
1990 1225 2025 1286 et
2038 1220 2171 1286 honores.

678 1319 719 1384 D.
743 1320 900 1388 lluinione
924 1323 952 1388 V
973 1321 1016 1388 id.
1040 1323 1160 1405 Aprilis
1183 1342 1211 1390 a.
1235 1328 1361 1404 quarto.

784 1510 933 1566 Clementis
951 1511 990 1565 VI
1007 1513 1039 1567 V.
1060 1517 1108 1566 139
1128 1515 1208 1581 (secr.
1228 1529 1252 1566 a.
1271 1512 1321 1581 IV)
1341 1530 1368 1567 ιι.
1387 1518 1461 1567 1025.
1481 1514 1542 1567 Vat
1561 1515 1653 1569 Akten
1673 1529 1699 1568 ιι.
1717 1519 1794 1568 2248.

680 2104 773 2169 603.
796 2102 946 2165 Bcnessio
968 2102 1125 2183 mundum
1147 2104 1278 2167 Hcarici
1300 2105 1338 2169 de
1362 2085 1494 2170 &coelica
1511 2103 1696 2188 providetur
1718 2103 1756 2167 de
1773 2101 2003 2185 praestimonio
2024 2122 2080 2167 scu
2101 2101 2174 2167 oboe-

885 2206 1005 2270 dr'cntio
1027 2211 1160 2272 oucutrtc
1181 2208 1216 2271 in
1237 2208 1370 2273 ccclesia
1391 2208 1628 2273 Boleslooicnsi.
1655 2209 1770 2273 Fumo
1793 2211 1829 2271 ut
1849 2207 1885 2271 in
1905 2229 1937 2272 n.
1959 2209 1992 2272 4.

1647 2398 1809 2473 Aniniono,
1832 2399 1920 2462 1346
1942 2396 2069 2481 Apulia
2092 2397 2138 2460 16.

785 2589 824 2653 D.
848 2586 869 2652 f.
893 2590 1058 2669 Benessio,
1081 2595 1156 2655 nato
1179 2591 1336 2674 quondam
1363 2591 1492 2657 Hearioi
1524 2591 1563 2655 de
1588 2590 1778 2670 Crecnolica,
1811 2594 1967 2674 perpetuo
1998 2588 2177 2654 beneficiato

682 2693 714 2757 in
737 2693 873 2759 ecclesia
894 2694 1138 2774 Boleslauicnsi,
1169 2697 1340 2778 Pragonsis
1371 2697 1516 2774 diocesia,
1552 2715 1576 2761 s.
1601 2700 1660 2760 etc.
1684 2695 1876 2761 Laudabilia
1898 2701 1953 2760 tue
1977 2695 2092 2758 merita
2113 2712 2179 2775 pro

680 2796 792 2862 bitatis
815 2848 822 2862 .
848 2848 855 2862 .
880 2850 887 2864 .
912 2849 918 2863 .
955 2799 1034 2863 Cum
1057 2800 1164 2882 itaque
1194 2802 1352 2882 quoddam
1382 2802 1623 2883 prestimonium
1646 2819 1703 2864 seu
1727 2801 1913 2865 obediencia
1935 2798 2073 2864 ecclesie
2094 2797 2180 2862 Bole

680 2901 860 2982 slauiensis,
895 2904 979 2985 quod
1013 2922 1070 2968 seu
1104 2924 1199 2986 quam
1232 2906 1391 2988 quondam
1421 2905 1558 2971 Thomas
1591 2905 1692 2969 Blasii
1725 2905 1765 2969 de
1796 2907 1910 2987 Praga,
1942 2903 2180 2968 archidiaconus

680 3006 859 3089 Pragensis,
882 3013 1056 3089 perpetuus
1078 3009 1288 3077 beneficiatus
1311 3011 1343 3075 in
1365 3012 1437 3094 ipsa
1459 3010 1594 3075 ecclesia
1625 3027 1661 3074 ac
1684 3008 1771 3073 sedis
1793 3007 1967 3090 apostolice
1991 3006 2180 3089 capellanus

681 3110 756 3175 dum
784 3112 915 3191 viveret,
946 3114 1118 3192 obtinebat,
1142 3132 1201 3196 per
1230 3114 1331 3198 ipsius
1353 3116 1482 3194 obitum,
1517 3115 1573 3196 qui
1602 3132 1703 3195 nuper
1729 3119 1823 3189 ,extra
1856 3113 2032 3177 Romanam
2067 3112 2180 3175 curiam

682 3212 765 3279 diem
788 3214 904 3281 clausit
926 3222 1111 3297 extremum,
1145 3237 1259 3284 vacare
1293 3224 1444 3284 noscatur
1473 3218 1512 3283 ad
1543 3236 1685 3301 prosena,
1709 3217 1877 3299 nullusque
1912 3215 1952 3282 de
1978 3214 2181 3298 prestimonio

682 3335 739 3382 seu
762 3318 947 3385 obediencia
969 3321 1149 3388 huiusmodi
1173 3328 1281 3405 preter
1303 3341 1360 3387 nos
1382 3323 1443 3387 hac
1465 3324 1534 3387 vioe
1558 3322 1725 3404 disponere
1748 3322 1850 3405 possit
1872 3340 1930 3404 pro
1951 3339 1999 3399 eo,
2024 3320 2109 3402 qnod
2130 3337 2183 3382 nos

681 3421 735 3486 diu
760 3429 834 3489 ante
856 3427 1057 3491 vacacionem
1080 3427 1259 3494 huiusmodi
1283 3428 1387 3492 onmia
1408 3425 1562 3491 beneficia
1578 3426 1806 3504 ecclesiastica,
1821 3444 1881 3508 per
1895 3425 2018 3489 obitum
2041 3442 2183 3505 quorum·

682 3547 805 3612 cunque
817 3531 1050 3613 capellanomm
1066 3534 1151 3598 dicte
1166 3532 1252 3598 sedis
1261 3533 1440 3613 ubicunque
1455 3532 1678 3596 decedentium
1689 3531 1922 3596 tuncvacancia
1936 3536 1970 3594 et
1981 3532 2184 3612 impostemm

680 3639 841 3714 vacatura,
857 3635 1021 3701 collacioni
1037 3641 1071 3701 et
1085 3637 1290 3719 disposicioni
1305 3640 1414 3701 nostre
1430 3636 1613 3717 specialiter
1627 3641 1838 3714 reservantes
1855 3635 2054 3699 decrevimus
2074 3639 2183 3698 extunc

682 3738 805 3804 irritum
828 3744 861 3804 et
884 3741 988 3819 inane,
1023 3743 1050 3807 si
1074 3760 1167 3807 secus
1189 3742 1371 3824 superbiis
1401 3760 1601 3823 aquoquam
1623 3741 1735 3823 quavis
1761 3741 1954 3806 auctoritate
1977 3740 2117 3803 scienter
2137 3737 2183 3800 vel

678 3841 861 3925 ignoranter
881 3846 1079 3929 contingeret
1100 3847 1302 3928 attemptari:
1327 3864 1384 3911 nos
1405 3845 1549 3911 volentes
1564 3846 1633 3924 tibi,
1649 3846 1681 3909 in
1697 3845 1878 3910 sacerdocio
1902 3844 2089 3921 constituto,
2112 3860 2179 3924 pre·

681 3948 847 4014 missorum
870 3949 1056 4015 meritomm
1078 3955 1205 4016 tuomm
1227 3951 1345 4015 intuitu
1367 3952 1506 4033 graciam
1527 3949 1633 4015 iacere
1656 3948 1837 4030 specialem,
1866 3948 2111 4030 prestimonium
2132 3965 2184 4010 seu

680 4052 898 4119 obedienciam
919 4054 1110 4134 huiusmodi,
1133 4074 1251 4120 vacans
1274 4059 1310 4119 ut
1332 4055 1527 4136 premittitur
1545 4073 1602 4119 seu
1625 4057 1800 4132 vacantem,
1816 4071 1888 4118 cum
1903 4052 2052 4118 omnibus
2066 4052 2184 4116 iuribus

682 4162 715 4221 et
736 4158 942 4238 pertinenciis
965 4158 1031 4223 suis
1053 4160 1228 4240 apostolica
1250 4160 1308 4225 tibi
1332 4162 1522 4225 auctoritate
1546 4159 1736 4224 conferimus
1760 4163 1793 4223 et
1815 4157 1855 4223 de
1878 4157 1934 4222 illo
1949 4157 2002 4223 vel
2017 4156 2073 4222 illa
2088 4157 2184 4221 eciam

681 4261 882 4343 providemus
906 4313 913 4328 .
937 4314 944 4327 .
971 4314 978 4327 .
1002 4284 1028 4341 .;
1050 4264 1337 4330 nonobstantibus
1360 4316 1366 4329 .
1393 4315 1399 4328 .
1425 4314 1431 4327 .
1457 4314 1464 4328 .
1488 4283 1545 4328 seu
1569 4264 1653 4345 quod
1668 4264 1701 4327 in
1716 4264 1827 4328 eadem
1848 4262 1985 4328 mediam
2009 4281 2072 4327 non
2096 4280 2185 4326 cano

681 4365 815 4430 nicalem
837 4368 1039 4448 prebendam,
1063 4386 1125 4448 que
1149 4368 1242 4433 simul
1258 4388 1329 4433 cum
1345 4369 1429 4433 dicto
1453 4369 1658 4450 prestimonio
1682 4387 1739 4433 seu
1762 4368 1951 4433 obediencia
1973 4385 2033 4448 per
2056 4366 2186 4432 eandem

682 4487 851 4551 personam
873 4473 1003 4537 retineri
1026 4478 1142 4555 potest,
1173 4478 1208 4538 et
1230 4475 1262 4540 in
1284 4474 1437 4555 Pragcnsi
1461 4473 1605 4538 ecclesiis
1637 4473 1856 4538 canonicatum
1879 4471 1939 4537 snb
1961 4472 2187 4552 expectatione

683 4574 843 4655 prebende
873 4577 1062 4642 auctoritate
1092 4583 1201 4643 nostra
1224 4596 1262 4641 ac
1283 4577 1514 4660 parrochialem
1537 4575 1711 4641 ecclesiam·
1727 4576 1760 4641 iu
1783 4574 1945 4653 Vooelina,
1956 4573 1980 4653 1)
2006 4574 2094 4640 dicte
2116 4574 2190 4640 Pra-

682 4680 789 4760 gensis
813 4679 958 4761 diocesis,
981 4684 1123 4748 nosceris
1145 4683 1298 4748 obtinere.
1331 4732 1338 4746 .
1364 4732 1371 4746 .
1396 4731 1403 4746 .
1428 4732 1435 4746 .
1470 4682 1508 4746 Ι).
1532 4681 1690 4746 Auinione
1719 4680 1794 4746 XVI
1821 4677 1885 4744 kal.
1908 4677 1989 4743 Maii
2011 4696 2041 4742 a.
2066 4683 2190 4760 quarto.

786 4785 823 4849 lu
846 4804 874 4850 e.
897 4805 937 4850 m.
960 4806 989 4851 v.
1013 4785 1036 4851 f.
1060 4838 1067 4851 .
1092 4838 1099 4852 .
1124 4786 1363 4869 archiepiscopo
1386 4785 1517 4869 Rigensi
1540 4789 1573 4849 et
1595 4785 1646 4849 dd.
1669 4784 1701 4851 n.
1718 4835 1750 4849 ..
1775 4782 1938 4866 preposito
1961 4782 2192 4849 Aninionensis

681 4907 718 4953 ac
742 4939 749 4952 .
774 4938 781 4952 .
806 4890 1026 4956 archidiacono
1050 4890 1319 4969 Gradisczcensis,
1354 4890 1522 4971 Progensis
1545 4890 1691 4967 diocesis,
1716 4887 1924 4953 ecclesiarum
1947 4905 1972 4951 s.
1997 4891 2061 4952 etc.
2089 4938 2097 4952 .
2124 4937 2132 4952 .
2156 4937 2194 4953 ..

683 4994 721 5058 Ι).
744 4998 781 5058 ut
803 5013 828 5059 s.

786 5184 934 5239 Clementis
951 5184 991 5239 Vl
1007 5186 1041 5239 A.
1060 5185 1126 5257 lVsl
1146 5188 1201 5255 (82)
1218 5182 1237 5239 i.
1249 5190 1291 5251 20,
1311 5183 1345 5237 de
1364 5183 1504 5238 beneficiis
1523 5181 1681 5237 vacantibus
1700 5199 1744 5251 qu.
1759 5189 1800 5250 14,
1815 5181 1927 5238 rubrica
1945 5181 2023 5251 solu
2043 5192 2200 5253 quaternus

681 5274 741 5340 ipse
760 5271 788 5325 in
806 5271 853 5326 iol.
872 5275 1019 5327 tta-otu
1038 5274 1093 5327 iam
1112 5278 1248 5328 vetustate
1266 5277 1295 5325 et
1313 5271 1459 5341 putredine
1480 5270 1600 5325 totaliter
1618 5276 1794 5340 consumptus
1814 5268 1954 5323 existit:
1966 5267 2001 5325 V.
2025 5276 2079 5324 rto
2098 5272 2119 5326 f.
2140 5274 2200 5326 ιη’

681 5375 708 5415 n.
726 5364 787 5413 trs.
806 5392 839 5401 -
859 5361 879 5429 ¹)
898 5359 946 5415 cfr.
964 5377 1038 5415 num.
1058 5367 1103 5414 121
1126 5376 1151 5413 n.
1174 5366 1197 5413 1.
