5184 7050
546 866 611 930 aot

541 1074 637 1139 348.
663 1070 763 1136 Poalo
786 1070 942 1153 quondam
965 1069 1113 1136 Aotrcae
1130 1071 1286 1137 Darioais
1298 1076 1323 1153 ⁸)
1347 1071 1386 1137 de
1404 1069 1601 1150 Hieronis)
1624 1070 1734 1138 clerico
1753 1070 1969 1138 Olomaccnsis
1992 1070 2057 1137 dio·

545 1177 633 1255 cesis,
664 1175 849 1259 prorirlctar
864 1176 886 1255 ι)
916 1176 955 1238 cle
987 1176 1131 1257 benefic-io
1154 1176 1365 1241 ecclesiastico
1388 1177 1527 1241 arraret
1549 1177 1617 1241 sinc
1640 1198 1727 1254 cora,
1751 1182 1896 1241 consueto
1919 1176 1960 1242 ab
1982 1176 2057 1240 olim

546 1281 668 1348 clericis
689 1280 887 1345 secularitas
911 1278 1083 1361 assipaari,
1106 1280 1195 1345 cuias
1211 1285 1344 1362 fractas
1367 1284 1410 1346 30
1431 1302 1514 1364 resp.
1537 1285 1581 1347 20
1602 1301 1787 1347 marcarum
1803 1281 1968 1362 arpentis.
1985 1285 2008 1344 t.
2025 1280 2055 1344 rt.

545 1385 682 1450 valorem
717 1405 859 1448 annnam
894 1403 954 1447 noo
987 1384 1148 1461 excedant,
1183 1389 1345 1467 spectante
1379 1385 1422 1448 ori
1443 1384 1640 1448 collationem
1669 1384 1850 1468 praepositi
1871 1389 1902 1448 et
1924 1383 2060 1467 capitali

545 1489 692 1553 ccclesiae
724 1489 829 1552 sancti
854 1488 941 1551 Petri
974 1488 1009 1550 io
1032 1489 1178 1561 Brunca,
1205 1488 1417 1552 Olomaceasis
1442 1487 1591 1564 *amoreis
1628 1488 1659 1552 si
1692 1487 1775 1570 qaod
1805 1488 1840 1553 ia
1861 1488 1990 1553 donae
2012 1486 2059 1551 rel

545 1593 661 1657 diocesi
686 1592 884 1657 Olooracensi
906 1596 1001 1655 racat
1024 1591 1067 1654 od
1084 1613 1249 1675 praescias,
1273 1592 1322 1656 oel
1346 1613 1416 1655 cara
1437 1593 1607 1657 cacaoerit.
1632 1594 1685 1671 ‚D.
1708 1590 1866 1656 Aaiaioae
1889 1593 1977 1656 VIII
1992 1590 2056 1655 rat.

548 1697 633 1763 Maii
663 1719 693 1761 a.
723 1697 876 1760 securiore
908 1734 950 1742 -
983 1698 1134 1759 Iaera
1160 1696 1372 1778 patriarchae
1394 1696 1652 1764 Jcrosolimitano
1681 1701 1711 1759 et
1742 1695 1850 1761 abbati
1871 1696 2058 1760 nroaasterii

547 1802 667 1866 Montis
688 1801 766 1864 Sion
783 1821 884 1884 prope
900 1802 1042 1880 Prapaor
1066 1820 1103 1863 aa
1121 1801 1304 1883 praeposito
1326 1800 1473 1865 ecclesiae
1491 1800 1713 1865 Olomoccasis.
1741 1802 1855 1865 Ibrma
1877 1804 1914 1864 ot
1929 1801 1964 1864 in
1980 1822 2009 1865 a.
2026 1804 2055 1865 2.

591 2044 701 2112 Gratis
723 2062 782 2126 pro
806 2044 876 2109 deo.
1515 2042 1679 2124 Amalune,
1701 2045 1788 2109 1344
1810 2042 1938 2128 Aprilis
1959 2046 2012 2109 24

652 2334 800 2390 Clementis
818 2335 856 2389 VI
875 2339 907 2389 A.
927 2336 982 2404 Illa
1002 2338 1057 2401 (72)
1076 2334 1094 2388 t.
1115 2340 1165 2388 413
1184 2354 1210 2390 n.
1229 2342 1289 2402 art,
1309 2336 1343 2390 de
1368 2335 1509 2390 boneficiis
1533 2336 1670 2390 vacaturis
1695 2352 1740 2404 qu.
1762 2342 1777 2388 8
1797 2335 1870 2389 :V.
1898 2341 1947 2389 tob
1966 2334 1985 2388 l.
2004 2341 2055 2388 264

548 2440 575 2476 n.
593 2422 762 2476 ata-Ed.
783 2422 868 2476 cant.
887 2423 937 2475 Vll
957 2440 981 2475 n.
1002 2427 1059 2474 ott.
1081 2421 1164 2476 RBM.
1184 2424 1220 2476 lv
1241 2422 1326 2477 deest.
1354 2456 1376 2462 --
1408 2428 1431 2488 o)
1450 2423 1646 2488 ,Durronis‘A.
1674 2421 2054 2491 '·),ansclritz‘A.-¹)de

548 2510 747 2578 supplicatione
762 2510 896 2563 Iohannis
909 2509 972 2562 Albi
992 2509 1026 2561 (le
1045 2509 1241 2575 Lucembnrgo,
1261 2526 1342 2576 arram
1361 2509 1422 2563 virle
1435 2512 1462 2564 in
1476 2527 1501 2562 n.
1517 2516 1576 2576 317,
1589 2512 1616 2563 in
1630 2509 1722 2564 littera
1736 2510 1796 2578 ipsa
1809 2509 1885 2563 nulla
1897 2512 1928 2564 tit
1943 2512 2053 2563 mentio.

546 3173 641 3239 349.
673 3170 814 3247 Carolus,
844 3172 984 3235 ororcbio
1016 3172 1189 3247 Moraoiac,
1219 3172 1390 3255 supplicat,
1422 3176 1576 3253 quatem
1607 3170 1740 3235 Nicolao
1769 3171 1807 3234 de
1831 3170 1986 3235 Paaeoicr
2017 3171 2055 3233 cie

548 3276 713 3356 dipaitote‚
738 3280 914 3358 personata
943 3297 997 3339 sca
1027 3275 1132 3357 officio
1161 3279 1313 3339 roccataro
1344 3276 1387 3340 ad
1408 3276 1604 3340 collationem
1627 3275 1766 3359 episcopi
1795 3274 2054 3340 Vrotislaoierasis

1260 3380 1477 3462 provideatur.

1417 3568 1420 3573 ’
1510 3554 1673 3630 ranam,
1696 3557 1784 3621 racc
1806 3553 1935 3638 rpem
1956 3557 2009 3619 24.

613 3868 615 3871 .
652 3816 817 3897 Supplicat
836 3814 870 3881 S.
895 3815 931 3880 V.
955 3815 1089 3879 devotus
1113 3835 1140 3878 v.
1164 3816 1185 3880 f.
1210 3815 1357 3892 Karalus,
1381 3816 1608 3898 primogenitus
1632 3818 1716 3898 regis
1743 3816 1881 3893 Boemie‚
1912 3815 2052 3879 marchio

549 3921 701 3997 Morauie,
736 3926 891 4002 (pantenus
925 3921 984 3983 sibi
1019 3921 1050 3983 in
1085 3939 1251 4000 personam
1285 3918 1392 3983 dilecti
1424 3920 1473 3982 sni
1496 3919 1651 4000 capellani
1673 3919 1796 3983 Nicolai
1820 3919 1859 3982 de
1882 3920 2051 3997 Parasite,

549 4026 688 4089 cranonici
713 4025 993 4101 Wmtislauiensis,
1017 4024 1155 4088 doctoris
1178 4024 1387 4101 decretorum,
1410 4023 1580 4104 specialem
1603 4025 1738 4102 maciem
1762 4023 1925 4102 facientes,
1948 4024 2052 4087 eidem

548 4128 677 4192 Nicolao
700 4129 740 4190 ile
764 4130 918 4208 (lignitate
941 4148 997 4193 sen
1022 4134 1192 4210 personatu
1221 4128 1270 4191 sel
1293 4126 1397 4191 allicio
1421 4146 1490 4190 cum
1515 4147 1591 4191 aura
1610 4128 1660 4191 vel
1684 4128 1751 4191 sine
1775 4146 1860 4205 cura,
1884 4132 2051 4208 spectante

551 4232 590 4297 ad
614 4233 828 4310 collacionem
846 4253 943 4315 pron,
959 4252 1043 4314 pres.
1060 4234 1110 4297 vel
1134 4250 1352 4313 quameunque
1376 4250 1403 4295 a.
1420 4231 1449 4294 d.
1467 4231 1608 4312 episcopi
1623 4231 1904 4309 wratislauiensis
1920 4237 2052 4295 vacante

548 4337 588 4401 nl
617 4356 749 4418 presens
779 4337 829 4401 sel
859 4344 1008 4403 vacaturo
1038 4338 1180 4418 proxime
1210 4336 1242 4399 in
1272 4334 1408 4402 ecclesia
1431 4334 1696 4413 Wratislauiensi
1724 4355 1795 4399 cnm
1817 4337 2050 4417 acceptaoionc,

548 4442 775 4519 reservaciona
808 4442 1008 4519 inlribicione‚
1039 4440 1169 4505 decreto
1199 4445 1232 4502 et
1258 4438 1400 4504 clausula
1422 4439 1573 4503 anteferri
1596 4439 1766 4521 dignemini
1788 4439 1966 4521 providere,
1989 4458 2051 4503 non

548 4546 703 4623 obstante,
723 4546 806 4626 qrrorl
829 4546 912 4610 illem
935 4544 1084 4610 Nicolans
1107 4544 1139 4607 in
1162 4544 1247 4607 (licta
1269 4543 1407 4608 eeclesia
1429 4544 1645 4609 canonicatum
1661 4545 1782 4609 obtinet
1798 4550 1832 4607 et
1846 4543 2049 4624 prebendam,

548 4656 580 4714 et
602 4668 673 4714 cum
695 4650 766 4714 aliis
789 4670 850 4714 non
873 4650 1071 4714 obstantibus
1096 4653 1127 4713 et
1151 4647 1301 4712 clausulis
1324 4649 1487 4729 oportunis
1510 4667 1547 4712 as
1570 4650 1801 4713 executoribus
1840 4648 1915 4712 Fiat
1935 4648 1973 4712 R
2008 4648 2051 4712 nt

548 4773 577 4834 q.
599 4760 621 4817 t.
647 4773 671 4818 s.
696 4774 723 4818 a.
747 4754 767 4819 l.
793 4755 864 4820 Fiat
885 4755 922 4818 R.
947 4755 985 4818 D.
1010 4753 1166 4818 Aniniono
1189 4752 1268 4817 VIII
1292 4750 1354 4815 kal.
1378 4752 1456 4817 Maii
1479 4773 1507 4816 a.
1530 4753 1678 4818 secundo.

651 5012 799 5066 Clementis
819 5013 854 5064 sl
873 5012 899 5066 S.
918 5012 971 5082 nse
992 5016 1030 5078 (t)
1050 5011 1067 5064 f.
1088 5011 1156 5063 311'.
