5184 7050
586 889 612 929 ·.
659 865 725 935 492

658 1095 818 1159 nunquam
840 1081 945 1142 cessat
967 1094 987 1141 a
1007 1073 1286 1140 benediccionibus
1310 1073 1488 1155 mariarum
1503 1078 1647 1155 superte
1663 1070 1780 1153 iugiter
1802 1089 1893 1134 suam
1914 1066 2172 1134 benediccionem

658 1180 834 1260 effundens,
850 1181 909 1246 tibi
929 1198 1026 1262 super
1048 1180 1113 1244 tais
1135 1180 1260 1244 actibus
1276 1179 1415 1245 director
1439 1178 1599 1260 propicius
1615 1183 1648 1243 et
1663 1176 1834 1242 auxiliator
1856 1174 2019 1256 benignus
2034 1174 2170 1248 assistat,

658 1291 693 1350 tu
716 1304 801 1365 uero,
825 1284 870 1352 iili
893 1284 1109 1362 dilectissime,
1134 1284 1166 1348 in
1188 1301 1236 1362 eo,
1260 1284 1315 1364 qui
1338 1301 1498 1365 nunquam
1523 1283 1555 1347 in
1579 1300 1613 1346 se
1630 1285 1796 1364 sperantes
1818 1280 1953 1358 deserit,
1977 1278 2079 1362 figens
2095 1280 2172 1342 inter

657 1389 864 1455 mundialium
885 1387 1042 1472 procellas
1064 1387 1225 1452 turbinum
1248 1387 1421 1453 anchoram
1444 1388 1513 1469 spei
1535 1392 1602 1466 tue,
1626 1404 1752 1467 semper
1774 1386 1815 1451 ad
1837 1383 1903 1463 illa,
1919 1403 1986 1466 que
2004 1402 2065 1449 sue
2080 1384 2170 1448 maie·

658 1493 734 1560 stati
764 1498 857 1576 grata
886 1498 918 1557 et
948 1497 1080 1574 accepta
1110 1508 1182 1555 esse
1211 1488 1396 1569 credideris,
1429 1490 1566 1574 dirigere
1597 1490 1727 1556 studeas
1750 1494 1824 1555 vota
1844 1495 1912 1554 tua.
1952 1489 1992 1553 D.
2017 1488 2170 1553 dulnioue

657 1597 737 1664 VIII
762 1597 803 1662 id.
826 1596 973 1663 Ianuarii
996 1616 1024 1661 a.
1048 1596 1168 1678 quinta.

762 1786 911 1842 clementis
930 1786 969 1841 VI
988 1786 1020 1841 V.
1039 1790 1088 1840 140
1107 1788 1187 1855 (secr.
1206 1801 1231 1840 a.
1249 1784 1284 1849 V)
1311 1783 1330 1838 f.
1357 1790 1406 1838 199
1431 1800 1458 1838 ιι.
1484 1788 1542 1837 877.
1568 1813 1600 1853 ,-
1624 1782 1675 1837 Ed.
1701 1781 1868 1852 Werunslry,
1894 1782 2040 1851 Facerpta
2067 1798 2093 1835 u.
2119 1786 2170 1834 lto

659 1872 754 1929 Huber
773 1879 823 1930 778
841 1891 867 1929 n.
887 1879 946 1928 190.

1308 2084 1514 2093 ——-——-.

660 2415 751 2481 838.
777 2411 976 2493 cardamus,
1000 2412 1087 2477 titali
1101 2417 1232 2478 sanctae
1246 2413 1378 2478 Mariae
1390 2413 1426 2477 in
1443 2388 1607 2477 Comoedia
1622 2412 1774 2477 diaconos
1790 2411 1980 2492 cardinales,
2000 2375 2170 2496 supplicat,

657 2522 813 2601 pudentes
828 2517 996 2582 Bernorrio
1019 2516 1057 2582 de
1079 2517 1301 2603 Norodoropao
1316 2516 1355 2582 ae
1364 2516 1566 2602 parrochiali
1587 2516 1717 2581 ecclesia
1740 2515 1825 2580 beati
1840 2516 1982 2581 Martini
1997 2516 2039 2580 de.
2054 2518 2171 2581 Brassa

1299 2621 1518 2706 provideatur.

1596 2710 1759 2785 dmoioac,
1781 2711 1869 2774 1347
1890 2709 2058 2775 Jaooarr'r‘
2077 2711 2130 2773 17.

765 2899 933 2983 SuppIIcat
954 2899 986 2966 S.
1009 2899 1048 2964 V.
1072 2899 1187 2963 devota
1206 2905 1354 2966 creatura
1369 2906 1477 2967 vestra
1491 2900 1691 2981 Guillelmus,
1708 2907 1817 2966 sancte
1833 2900 1937 2965 Maria
1953 2901 1984 2965 in
2000 2894 2170 2966 Cosmedin

660 3005 814 3071 diaconus
845 3003 1026 3083 cardInalis,
1060 3010 1218 3085 quatenus
1256 3005 1316 3069 sibi
1350 3006 1382 3070 in
1411 3024 1581 3089 personam
1610 3007 1729 3072 damini
1757 3003 1965 3093 B[ernhardI]
1997 3006 2039 3070 de
2069 3006 2170 3072 Noua·

660 3110 807 3191 dampno,
830 3109 936 3173 devoti
960 3108 1116 3191 capellani
1139 3108 1238 3173 vestri
1262 3113 1296 3172 et
1317 3109 1472 3175 audItoris
1495 3110 1593 3175 vestri
1616 3111 1699 3175 sacri
1714 3110 1838 3193 'palacii
1861 3116 1960 3192 atque
1983 3111 2048 3190 sui,
2072 3110 2169 3193 speei-

658 3214 740 3278 alem
763 3214 902 3296 muciam
923 3212 1088 3291 iacientes,
1112 3211 1312 3278 deecclesia
1341 3214 1535 3296 parrochiali
1565 3215 1650 3279 beati
1674 3214 1807 3280 Martini
1829 3214 1870 3279 de
1894 3216 2027 3294 Brossa,
2051 3213 2168 3279 Rutbe

660 3319 766 3383 nensis
801 3317 947 3398 diocesis,
985 3318 1077 3382 cuius
1110 3316 1247 3383 ecclesie
1280 3317 1437 3401 fructus·)
1472 3337 1625 3385 summam
1658 3319 1715 3385 XL
1748 3318 1899 3385 librarum
1934 3319 2168 3385 Turonensium

660 3422 837 3491 secundum¹
855 3423 1053 3487 taracionem
1076 3422 1198 3486 decime
1212 3422 1352 3488 valorem
1372 3442 1511 3489 annuum
1530 3442 1592 3488 non
1612 3424 1779 3502 excedunt,
1795 3428 1932 3489 vacante
1954 3442 2017 3507 per
2040 3431 2167 3490 mortem

659 3527 777 3593 domini
799 3527 951 3593 ddemari
973 3527 1061 3609 lory,
1089 3528 1314 3610 consanguinei
1336 3528 1453 3612 prefati
1476 3529 1594 3594 domini
1617 3529 1831 3614 B[ernhardi],
1856 3531 1911 3612 qui
1934 3536 2030 3594 extra
2051 3531 2167 3596 oudam

659 3633 832 3699 Romanam
856 3631 939 3697 diem
962 3632 1078 3698 clausit
1099 3638 1285 3713 extremum,
1318 3638 1350 3698 et
1373 3635 1464 3699 cuius
1485 3634 1640 3700 beneficia
1662 3642 1736 3701 ante
1759 3636 1829 3700 eius
1852 3634 1976 3700 obitum
2000 3640 2094 3700 erant
2116 3653 2169 3717 per

660 3738 769 3803 sedern
794 3736 1002 3820 apostolicam
1025 3743 1198 3817 reservata,
1211 3738 1315 3804 eidem
1332 3737 1545 3823 B[ernhardo]
1564 3739 1736 3822 dignemini
1752 3737 1930 3823 providere,
1947 3740 2168 3822 dispensantes

660 3860 731 3906 oum
753 3841 875 3921 eodem,
899 3846 934 3905 ut
957 3840 1075 3907 dictam
1098 3841 1266 3907 ecclesiam
1297 3861 1368 3908 aum
1398 3843 1601 3911 thesauraria
1630 3862 1697 3924 sua,
1728 3864 1822 3928 quam
1854 3846 1885 3909 in
1908 3845 2049 3911 ecclesia
2071 3845 2165 3911 Turo-

659 3947 750 4011 nensi
772 3947 903 4026 obtinet,
927 3965 990 4028 que
1012 3945 1152 4029 dignitas
1174 3947 1206 4011 iu
1228 3948 1340 4012 eadem
1364 3947 1500 4014 ecclesia
1522 3956 1700 4032 reputatur,
1723 3951 1867 4034 recipere
1891 3951 2044 4016 canonice
2066 3949 2166 4015 valeat

660 4056 693 4116 et
715 4052 816 4116 eciam
838 4051 992 4129 othnere,
1015 4069 1077 4115 non
1101 4052 1259 4131 obstante,
1290 4053 1374 4133 quod
1405 4053 1437 4117 in
1467 4053 1553 4118 dicta
1583 4053 1760 4119 Turonensi
1790 4054 2013 4120 canonicatum
2043 4061 2077 4120 et
2099 4073 2165 4137 pre·

659 4156 794 4222 bendum
817 4161 850 4220 et
871 4154 988 4220 dictam
1018 4155 1250 4221 thesaurariam
1281 4157 1369 4221 etin
1393 4158 1494 4222 sancti
1526 4156 1656 4223 Martini
1685 4159 1879 4225 Turonensis
1906 4164 1941 4224 et
1961 4159 2166 4226 Wratislaui·

660 4261 746 4326 eusIs
768 4259 912 4325 ecclesiis
936 4260 1141 4325 canonicatus
1165 4267 1197 4326 et
1220 4260 1398 4343 prebendas
1428 4268 1460 4327 et
1483 4263 1515 4327 in
1537 4265 1661 4346 prefata
1690 4266 1792 4330 sancti
1815 4265 1946 4331 Martini
1970 4265 2163 4349 dignitatum,

658 4369 873 4448 personatum,
903 4365 1136 4448 preposituram
1159 4365 1210 4429 vel
1234 4363 1373 4429 officium
1404 4366 1524 4448 absque
1555 4366 1661 4449 aliqua
1690 4368 1933 4452 dispensacione
1963 4376 2115 4452 expectet
2135 4377 2163 4432 et

660 4469 692 4533 in
714 4469 910 4534 Eboracensi
933 4470 964 4534 in
980 4470 1097 4552 duglia
1120 4469 1264 4535 ecclesiis
1281 4470 1500 4534 canonicatum
1516 4472 1574 4535 sub
1591 4474 1816 4554 expectaaione
1838 4473 2004 4555 prebende
2026 4475 2164 4539 obtinere

659 4579 817 4653 noscatur,
848 4593 918 4639 cum
949 4594 1009 4638 non
1040 4575 1240 4641 obstantibus
1271 4574 1343 4639 aliis
1373 4576 1519 4640 omnibus
1549 4580 1582 4639 ot
1612 4577 1763 4642 clausulis
1794 4580 1959 4660 oportunIs
1992 4585 2026 4644 et
2056 4598 2163 4644 execu-

659 4677 791 4743 toribus.
2056 4697 2059 4702 ·

764 4816 837 4881 Fiat
867 4822 899 4881 et
930 4815 1150 4900 dispensamus
1179 4818 1216 4884 R.
1252 4818 1294 4884 Et
1317 4838 1347 4902 q.
1369 4822 1392 4883 t.
1417 4835 1441 4884 a.
1466 4837 1495 4884 a.
1519 4818 1539 4884 l.
1574 4820 1649 4886 l'iat
1670 4822 1707 4886 It.
1742 4823 1781 4887 D.
1812 4821 1973 4888 Auinione
2004 4823 2080 4891 XVI
2105 4822 2161 4889 kal.

661 4919 827 4986 Februarii
851 4940 879 4985 a.
904 4922 1024 5003 quinto.

766 5161 916 5218 Clementis
935 5163 1017 5219 VIS.
1038 5165 1083 5234 Vll
1105 5169 1160 5235 (10)
1179 5165 1197 5219 i.
1220 5172 1258 5220 13.
1282 5198 1310 5207 -
1340 5169 1364 5234 ⁸)
1383 5168 1508 5237 sequitur
1525 5168 1668 5237 ,eoelesiet
1687 5168 1735 5223 sed
1753 5169 1944 5226 cancellatum
