5184 7050
1885 857 1927 924 lo

437 1076 548 1145 prestare
571 1071 734 1145 contigerit
758 1071 947 1144 imposterum
970 1071 1175 1145 iuramentum,
1192 1088 1244 1129 seu
1267 1070 1292 1128 si
1316 1072 1447 1129 locorum
1469 1069 1628 1128 ordinariis
1644 1071 1746 1129 assde
1765 1072 1928 1144 apostolica

438 1177 465 1233 sit
483 1193 651 1234 conoessum
674 1176 720 1233 vel
744 1175 933 1247 imposterum
950 1176 1071 1235 concedi
1088 1176 1248 1249 contingat,
1264 1175 1342 1247 quod
1360 1175 1516 1232 (canonicos
1532 1179 1561 1231 et
1576 1190 1718 1246 personas
1738 1176 1928 1234 ecclesiarum

437 1297 534 1337 suarum
557 1279 711 1337 civitatum
735 1285 766 1336 et
789 1278 948 1337 diocesium
969 1296 1023 1352 per
1046 1280 1281 1338 subtraccionem
1304 1283 1497 1351 proventuum
1520 1295 1639 1336 suorum
1662 1279 1928 1338 ecclesiasticorum

438 1385 470 1440 rel
494 1384 565 1441 alias
597 1384 774 1455 compellere
804 1383 920 1441 valeant
950 1384 988 1441 ad
1017 1383 1205 1442 residendum
1235 1383 1432 1456 personaliter
1460 1384 1491 1440 in
1525 1383 1645 1457 eisdem,
1675 1389 1726 1441 aut
1760 1384 1785 1441 si
1820 1382 1929 1442 eisdem

438 1487 576 1545 ordinariis
600 1492 631 1544 et
654 1488 772 1546 dilectis
795 1486 863 1546 filiis
887 1487 1023 1561 capitulis
1046 1489 1204 1546 earundem
1223 1489 1412 1547 ecclesiarum
1428 1489 1473 1546 vel
1490 1488 1640 1561 quibusvis
1655 1488 1721 1546 aliis
1739 1489 1930 1547 communiter

438 1592 471 1648 rel
497 1592 611 1649 divisim
641 1609 660 1649 a
690 1590 807 1664 prelata
836 1593 876 1651 sit
906 1592 974 1650 sede
1004 1593 1149 1649 indultum
1178 1594 1224 1650 vel
1254 1594 1444 1666 imposterum
1475 1594 1632 1666 contigerit
1664 1593 1822 1666 indulgeri,
1851 1591 1929 1664 quod

438 1696 571 1753 ononicis
588 1702 618 1753 et
633 1697 770 1768 personis
794 1698 950 1754 earundem
973 1696 1164 1754 ecclesiarum
1187 1714 1244 1755 non
1269 1696 1466 1756 residentibus
1483 1697 1513 1753 in
1529 1697 1638 1755 eisdem
1654 1695 1779 1769 fructus,
1796 1695 1929 1754 redditus

438 1805 459 1855 et
476 1804 632 1871 proventus
667 1798 875 1858 beneficiorum
905 1816 1025 1857 suorum
1056 1801 1199 1858 dictarum
1229 1800 1420 1857 ecclesiarum
1443 1800 1611 1857 ministrare
1634 1801 1751 1859 minime
1774 1805 1930 1857 teneantur

438 1910 458 1960 et
471 1904 503 1961 re
519 1904 548 1961 id
565 1904 701 1977 compelli
718 1922 776 1962 non
792 1905 907 1976 possint
922 1922 976 1977 per
997 1906 1114 1963 litteras
1137 1905 1315 1976 apostolicas
1338 1922 1397 1962 non
1421 1902 1563 1961 facientes
1586 1904 1699 1976 plenam
1716 1909 1746 1961 et
1761 1919 1930 1977 expressam

437 2022 462 2062 ac
475 2008 506 2064 de
521 2008 612 2065 verbo
627 2008 664 2065 arl
681 2008 801 2066 verbnm
825 2009 859 2066 de
883 2010 996 2066 indulto
1020 2009 1186 2067 huiusmodi
1210 2009 1401 2083 mencionem,
1424 2013 1454 2065 et
1477 2009 1656 2081 quibuslibet
1678 2009 1745 2065 aliis
1767 2008 1929 2080 privilegiis

437 2114 457 2166 et
470 2110 659 2184 indulgentiis
675 2116 705 2168 et
728 2111 837 2168 litteris
859 2112 1030 2183 apostolicis
1053 2114 1238 2185 generalibus
1262 2114 1307 2170 vel
1331 2099 1516 2186 specialibus,
1533 2129 1770 2184 quorumcunque
1793 2117 1928 2169 terrorum

436 2214 559 2288 existant,
575 2233 629 2287 per
648 2232 705 2287 que
729 2215 916 2287 presentibus
939 2234 996 2274 non
1020 2233 1161 2289 expressa
1183 2218 1228 2273 vel
1251 2218 1384 2274 totaliter
1406 2234 1464 2274 uon
1487 2215 1599 2272 inserta
1622 2215 1744 2273 effectus
1764 2215 1928 2273 huiusmodi

436 2328 520 2377 nostre
544 2319 642 2393 gracie
666 2318 803 2392 impediri
825 2321 921 2377 valeat
944 2321 1164 2392 quomodolibet
1186 2321 1231 2377 vel
1255 2319 1377 2392 differri,
1401 2325 1430 2377 et
1454 2320 1617 2391 dequibus
1648 2335 1827 2391 quorumque
1857 2318 1928 2376 totis

435 2422 574 2480 tenoribus
598 2423 701 2481 baberi
724 2422 830 2481 debeat
852 2423 880 2481 iu
905 2424 1015 2482 nostris
1048 2425 1155 2483 litteris
1185 2424 1297 2481 mencio
1330 2424 1477 2497 specialis,
1507 2424 1636 2496 proviso,
1660 2424 1737 2494 quod
1763 2422 1928 2480 huiusmodi

436 2524 564 2584 beneficia
588 2526 697 2585 debitis
719 2528 837 2585 interim
860 2528 1008 2600 obsequiis
1031 2545 1089 2587 nou
1105 2527 1289 2602 fraudentur,
1306 2529 1357 2585 eorl
1372 2546 1425 2600 per
1441 2528 1533 2584 bonos
1549 2532 1579 2585 et
1595 2525 1774 2584 sufficientes
1790 2527 1927 2600 vicarios,

435 2630 526 2701 quibus
551 2631 586 2688 de
610 2630 817 2689 beneficiorum
840 2632 970 2704 ipsorum
993 2630 1140 2691 fructibus
1163 2632 1330 2690 necessaria
1354 2649 1480 2704 congrue
1508 2632 1722 2705 ministrentur,
1746 2614 1929 2689 deserviatur

434 2732 493 2790 inibi
524 2734 714 2792 laudabiliter
743 2734 773 2791 in
805 2735 921 2794 divinis.
965 2737 1045 2794 Nulli
1076 2755 1145 2809 erpo
1177 2743 1233 2795 ete.
1257 2742 1357 2793 nostre
1382 2735 1579 2794 concessionis
1602 2734 1762 2809 iufringere
1786 2740 1842 2793 etc.
1888 2729 1927 2791 D.

435 2830 579 2895 tuicione
602 2830 649 2895 XI
673 2830 736 2895 kal.
759 2833 946 2897 Decembris
970 2852 998 2899 a.
1022 2834 1133 2914 primo.

527 2935 563 2999 ln
598 2955 616 2999 e
656 2953 697 2998 m.
731 2935 781 2999 dd.
805 2935 836 3001 ff.
854 2987 886 3000 ..
912 2938 1020 3002 abbati
1056 2939 1242 3003 monasterii
1277 2944 1387 3003 sancte
1421 2937 1585 3003 Geuouefe
1619 2937 1811 3002 Parisiensis
1845 2943 1878 3000 et
1895 2986 1927 3000 ..

434 3035 630 3102 l’reucrensis
653 3058 691 3103 ac
707 3091 738 3105 ..
774 3041 930 3107 Meteusis
960 3043 1167 3108 ecclesiarum
1190 3042 1424 3108 archidiaconis
1448 3063 1472 3106 e.
1497 3046 1556 3107 etc.
1590 3048 1750 3107 Personam
1785 3048 1929 3105 carissimi

434 3153 480 3205 ete.
503 3167 593 3222 usque
615 3151 647 3208 iu
670 3152 787 3211 divinis.
810 3154 957 3226 Quocirca
979 3156 1157 3229 mandamus,
1173 3160 1317 3226 quatenus
1339 3171 1391 3211 vos
1413 3154 1460 3212 vel
1484 3153 1541 3211 duo
1564 3158 1616 3210 eut
1639 3169 1713 3210 rmus
1728 3158 1857 3210 vestrum
1876 3169 1930 3224 per

435 3254 541 3311 rossel
564 3254 654 3311 alium
678 3273 731 3313 seu
753 3258 827 3316 alios
850 3256 974 3330 prefatis
998 3259 1114 3316 clericis
1136 3263 1188 3316 aut
1210 3258 1452 3330 procuratoribus
1476 3258 1537 3315 suis
1560 3274 1660 3316 eorum
1681 3257 1795 3315 nomine
1811 3255 1929 3314 faciatis

434 3358 571 3427 predictos
591 3358 716 3435 fructus,
734 3362 866 3420 redditus
882 3368 912 3420 et
934 3368 1093 3435 proventus
1115 3380 1169 3435 per
1184 3363 1260 3420 idem
1276 3362 1434 3419 triennium
1449 3363 1533 3419 iuxta
1548 3361 1713 3419 huiusmodi
1730 3360 1928 3419 concessionis

434 3468 521 3520 nostre
545 3472 678 3521 tenorem
702 3465 815 3540 integre
837 3467 1017 3537 ministrari;
1041 3485 1098 3526 non
1122 3466 1308 3527 obstantibus
1332 3467 1464 3524 omnibus
1488 3465 1675 3538 supradictis,
1698 3482 1749 3521 seu
1773 3464 1797 3521 si
1821 3459 1929 3521 eisdem

435 3567 580 3625 ordinariis
597 3575 627 3626 et
650 3571 788 3642 capitulis
810 3573 855 3630 vel
880 3572 1030 3645 quibusvis
1053 3573 1119 3629 aliis
1136 3571 1327 3630 communiter
1342 3571 1387 3627 vel
1404 3570 1518 3628 divisim
1534 3588 1551 3627 a
1566 3568 1681 3642 prefata
1701 3568 1769 3627 sede
1785 3569 1929 3627 indultum

436 3679 540 3754 existat,
557 3681 637 3753 quod
659 3678 809 3750 interdici,
825 3679 962 3750 suspendi
987 3679 1031 3735 vel
1055 3677 1382 3735 excommunicari'non
1405 3677 1520 3748 possint
1541 3694 1594 3749 per
1617 3675 1732 3732 litteras
1751 3675 1930 3746 apostolicus

435 3797 482 3839 non
503 3782 647 3842 facientes
670 3784 786 3857 plenam
809 3788 838 3840 et
861 3799 1029 3854 expressam
1052 3799 1086 3839 ae
1110 3782 1145 3839 de
1161 3782 1251 3838 verbo
1267 3779 1440 3838 adverbum
1456 3781 1491 3837 dc
1507 3780 1621 3837 indulto
1637 3777 1802 3836 huiusmodi
1822 3776 1931 3834 menci-

435 3902 515 3962 onem,
538 3888 777 3946 contradictores
800 3894 856 3946 etc.
902 3882 941 3946 D.
966 3886 1001 3944 ut
1025 3899 1049 3944 s.

524 4069 675 4123 Clementis
695 4069 734 4122 b'l
752 4070 776 4121 A
794 4069 835 4139 Ip'l
856 4071 911 4136 (6⁶2)
931 4069 950 4122 l.
971 4069 1037 4135 llb',
1057 4068 1090 4121 de
1110 4083 1164 4120 non
1184 4066 1331 4119 residendo
1350 4073 1379 4119 et
1397 4066 1530 4119 fructibus
1550 4065 1735 4134 percipiendis
1754 4082 1798 4133 qu.
1819 4071 1881 4118 1:
1895 4065 1928 4119 V.

438 4158 471 4205 1.·»1
491 4154 587 4211 ilbl'
607 4174 635 4209 n.
655 4161 716 4208 601.
736 4154 837 4208 -Ed
858 4155 1023 4223 bb'emmsRy,
1049 4154 1186 4222 Excerpta
1214 4152 1506 4219 irradiantius.
1530 4157 1602 4204 1187.
1622 4183 1655 4191 -
1682 4154 1704 4217 e)
1725 4169 1794 4205 corr.
1813 4152 1841 4205 in
1859 4167 1929 4205 mar-

435 4239 484 4304 gine
502 4259 534 4296 en
553 4243 644 4311 ,clam‘
664 4245 698 4295 Α.
729 4243 751 4309 b)
771 4242 975 4308 ,berrivoleuria‘
995 4243 1027 4294 Α,
1055 4244 1076 4308 r)
1097 4257 1166 4293 corr.
1185 4256 1218 4293 ex
1238 4239 1444 4301 ,insistentibus‘
1465 4242 1496 4292 Α.
1517 4271 1546 4279 -
1569 4242 1588 4304 ¹)
1608 4239 1772 4308 supplicatio
1792 4239 1845 4292 ista
1872 4254 1927 4292 non

438 4334 600 4399 estreperta.

436 4865 509 4935 133.
533 4867 679 4932 Folletirso
703 4866 863 4932 Folleraeri
885 4867 923 4931 de
949 4869 1054 4947 Propo
1082 4865 1266 4948 providetur
1295 4864 1332 4927 de
1363 4865 1551 4928 crrrreaieota
1579 4863 1727 4928 ecclesiae
1759 4866 1928 4945 Vpsseqra·

468 4970 569 5036 demis
592 4971 651 5035 asab
675 4972 890 5054 expectatione
908 4970 1108 5055 praeberuloe
1128 4970 1260 5032 rrror'orr's
1284 4973 1313 5031 et
1336 4969 1512 5048 dipraitrrtr's.
1549 4970 1664 5033 Formo
1686 4973 1721 5031 ut
1745 4969 1778 5031 ia
1801 4990 1829 5032 a.
1855 4970 1885 5032 6.

1334 5212 1494 5290 aleirrr'orrc,
1521 5214 1603 5275 1342
1626 5211 1811 5274 Nor-erroris
1833 5214 1885 5275 el.

482 5167 516 5272 l

471 5292 574 5346 n.

523 5461 561 5524 D.
585 5459 607 5524 f.
632 5456 782 5522 Folklino
805 5456 978 5538 Follriuari,
1012 5458 1162 5521 canonico
1193 5456 1327 5519 ecclesie
1352 5454 1632 5536 Wyssepnadeusis
1663 5473 1761 5535 prope
1784 5454 1929 5534 Pragam,

437 5570 527 5629 serr.
551 5564 754 5630 Litterarum
785 5561 1006 5624 sciencia...
1039 5561 1190 5625 Volcrrtes
1221 5560 1330 5639 itaque
1360 5560 1419 5621 tibi
1442 5577 1472 5638 p.
1498 5559 1516 5621 i.
1541 5578 1568 5639 g.
1593 5558 1614 5621 f.
1639 5577 1675 5634 s,
1711 5558 1930 5620 cairoensem

435 5666 551 5733 ecclesie
565 5663 852 5750 Wyssegradensis
875 5683 973 5744 prope
996 5665 1141 5745 Pragam,
1168 5665 1198 5726 iu
1215 5683 1278 5743 «pua
1302 5669 1376 5727 suut
1391 5665 1527 5726 rrraiores
1551 5667 1583 5724 et
1599 5663 1735 5725 urinoree
1759 5659 1928 5740 prebende,

434 5768 660 5837 lllRoruauam
684 5767 854 5833 ecclesiam
878 5768 963 5831 nullo
986 5769 1089 5832 medio
1113 5768 1362 5847 pertinentiae.
1387 5787 1417 5847 p.
1443 5769 1460 5829 i.
1487 5787 1512 5828 c.
1537 5785 1564 5827 a.
1589 5771 1610 5828 t.
1636 5783 1664 5825 a.
1689 5763 1880 5825 crurl'erirrrrrs
1896 5767 1928 5825 et
