5184 7050
1859 848 1922 914 239

410 1050 504 1117 372.
541 1047 707 1132 copulam
732 1049 881 1114 Omnium
902 1050 1092 1115 Snvvctorum
1114 1051 1150 1116 ia
1172 1055 1277 1116 castro
1302 1051 1458 1132 Prnpcnai
1480 1053 1682 1117 visitantibus
1710 1054 1923 1136 indrdpentiue

860 1152 1052 1235 farcientes.
1098 1157 1215 1220 Formo
1237 1159 1273 1220 nt
1294 1156 1331 1220 in
1352 1176 1383 1220 n.
1407 1158 1482 1223 261.

464 1327 526 1416 ἱ.
1441 1347 1605 1429 nonnoni,
1629 1351 1716 1414 1344
1739 1351 1823 1415 Μαι·
1843 1353 1875 1417 3.

516 1563 684 1631 Universis
707 1562 827 1630 Christi
861 1560 1008 1628 fidelibus
1038 1566 1205 1645 presentes
1239 1562 1363 1629 litteras
1397 1563 1589 1646 inspecturis
1613 1583 1637 1629 s.
1662 1570 1721 1631 etc.
1767 1567 1922 1650 Splendor

413 1676 546 1755 paterne
568 1669 717 1752 glorie..
735 1717 768 1733 ..
793 1666 872 1733 Cum
905 1667 1014 1750 itaque
1048 1667 1079 1731 in
1112 1666 1236 1749 capella
1268 1668 1358 1751 regia
1392 1667 1540 1735 Omnium
1572 1670 1768 1749 Sanctorum,
1800 1672 1864 1737 sita
1886 1673 1917 1736 in

413 1781 519 1840 castro
540 1772 705 1855 Pragensi,
729 1769 769 1836 de
792 1772 903 1853 spinea
926 1789 1041 1836 corona
1073 1771 1190 1836 domini
1220 1776 1253 1836 et
1282 1771 1383 1847 multe
1399 1772 1475 1865 ¹alie
1505 1792 1618 1856 magne
1648 1774 1782 1857 reliquie
1812 1795 1920 1841 recon-

413 1879 478 1944 dice
502 1881 695 1955 asserantur,
718 1893 776 1940 nos
803 1876 977 1956 cupientes,
1009 1881 1044 1939 ut
1078 1877 1148 1957 ipsa
1182 1875 1314 1958 capella,
1347 1882 1441 1957 quam
1465 1878 1494 1943 d.
1518 1878 1539 1943 f.
1564 1878 1679 1943 nobilis
1701 1880 1750 1943 vir
1771 1881 1920 1959 Karofus,

412 1983 553 2048 marchio
577 1980 789 2046 Morauiensis
812 1985 845 2044 et
867 1980 1022 2044 carissimi
1044 1981 1076 2044 in
1100 1978 1228 2045 Christo
1251 1980 1272 2046 f.
1296 2001 1326 2045 n.
1351 1981 1514 2060 iohannis
1531 1983 1616 2064 regis
1631 1983 1761 2048 Boemie
1775 1984 1920 2063 illustria,

412 2084 682 2170 primogenitus,¹)
706 2103 745 2149 er
768 2103 881 2166 magna
903 2084 1084 2162 devocione,
1107 2103 1202 2166 quarn
1226 2086 1309 2167 gerit
1332 2085 1372 2149 ad
1396 2104 1475 2163 eam,
1500 2087 1539 2150 de
1562 2087 1653 2151 bonis
1669 2089 1735 2152 suis
1751 2108 1808 2171 pro
1824 2090 1921 2153 certis

412 2191 573 2259 canonicis
597 2194 631 2254 et
652 2189 806 2254 ministris
829 2192 861 2253 et
884 2188 956 2253 aliis
982 2189 1188 2254 servitoribus
1219 2190 1345 2253 domino
1375 2189 1600 2255 famulantibus
1629 2192 1662 2255 in
1693 2193 1803 2257 eadem
1833 2192 1919 2258 sufli-

412 2298 536 2362 cienter
559 2294 687 2358 dotasse
711 2293 836 2370 dicitur,
861 2295 1006 2374 congruis
1029 2293 1201 2358 honoribus
1223 2293 1454 2375 frequentetur,
1478 2301 1511 2359 et
1534 2300 1570 2358 ut
1592 2294 1712 2360 Christi
1747 2296 1857 2362 fideles
1881 2318 1918 2363 eo

413 2400 571 2467 libencius
595 2415 693 2462 causa
716 2398 898 2462 devocionis
921 2396 1082 2462 confluant
1104 2399 1145 2462 ad
1168 2397 1310 2476 eandem,
1334 2417 1395 2479 qno
1415 2399 1531 2463 ibidem
1547 2399 1678 2464 uberius
1694 2400 1774 2463 dono
1792 2401 1920 2465 celestis

412 2505 520 2588 gracie
554 2502 777 2584 conspexerint
809 2518 845 2566 se
878 2501 1024 2580 refectos,
1059 2501 1099 2565 de
1128 2502 1353 2584 omnipotentis
1384 2501 1436 2568 dei
1458 2503 1677 2568 misericordia
1699 2510 1732 2568 et
1753 2507 1921 2571 beatorum

410 2609 500 2677 Petri
524 2612 558 2672 et
579 2606 681 2685 Pauli,
705 2605 920 2688 apostolorum
943 2607 1022 2684 eius,
1053 2606 1244 2670 auctoritate
1277 2604 1388 2670 conlisi
1421 2607 1565 2671 omnibus
1599 2625 1674 2672 vere
1702 2609 1919 2691 penitentibus

411 2720 445 2778 et
467 2711 633 2790 confessis,
657 2710 711 2792 qui
734 2711 766 2775 in
789 2708 871 2774 festo
894 2708 1042 2775 Omnium
1059 2710 1255 2789 Sanctorum,
1271 2729 1369 2775 unum
1384 2729 1499 2775 annum
1515 2716 1548 2774 et
1563 2730 1658 2776 unam
1674 2713 1918 2796 quadragenam,

410 2819 476 2884 illis
500 2835 586 2895 vero,
609 2815 720 2898 quiin
742 2815 863 2880 octabis
886 2819 919 2879 et
940 2833 999 2896 per
1021 2815 1121 2897 ipsius
1143 2813 1217 2878 festi
1241 2820 1370 2879 octavas
1393 2815 1511 2879 dictam
1534 2814 1688 2898 capellam
1712 2817 1825 2881 devote
1844 2818 1920 2883 visi-

410 2922 562 2998 taverint,
585 2919 747 2984 annuatim
771 2922 897 2983 centum
920 2919 989 2983 dies
1015 2917 1055 2982 de
1086 2919 1235 2983 iniunctis
1266 2919 1313 2983 eis
1336 2919 1533 3000 penitencia,
1558 2920 1708 2989 videficet
1737 2922 1921 2986 festivitatis

409 3034 444 3092 et
472 3030 661 3090 octavarum
688 3023 829 3106 ipsarum
857 3023 979 3100 diebus,
1010 3023 1124 3104 quibus
1155 3022 1309 3105 capellam
1340 3024 1442 3104 ipsam
1472 3024 1670 3089 visitaverint
1693 3030 1729 3090 ut
1750 3025 1920 3107 prefertur,

407 3128 658 3196 misericorditer
679 3126 867 3192 relaxamus.
914 3127 953 3192 D.
978 3127 1133 3191 Aninione
1156 3127 1185 3191 V
1207 3145 1278 3192 non.
1304 3127 1381 3193 Maii
1403 3146 1431 3193 a
1455 3128 1604 3192 secundo.

518 3368 850 3439 elementisvrn.11)s
875 3372 930 3437 (fb)
954 3366 973 3420 f.
1000 3368 1154 3433 lid-ffll',
1184 3366 1218 3420 de
1245 3366 1367 3433 indultis,
1386 3366 1537 3435 privilegiis
1556 3373 1584 3419 et
1603 3360 1854 3435 dispensationibus
1873 3385 1918 3436 qu.

409 3465 472 3512 6:
486 3456 520 3510 V.
541 3462 589 3510 loli
609 3455 628 3510 i.
646 3458 707 3511 utl'
726 3473 752 3509 ιι.
774 3461 849 3509 1ῠ41.
873 3455 963 3509 Aliam
982 3454 1098 3508 similem
1116 3453 1235 3507 litteram
1256 3453 1316 3507 vide
1336 3454 1386 3507 snh
1405 3470 1519 3508 numero
1539 3455 1665 3525 sequenti
1684 3461 1742 3509 3⁹13.
1762 3486 1795 3494 -
1817 3457 1836 3517 ¹)
1855 3471 1918 3523 snp-

407 3546 588 3616 plicatinnem
606 3543 694 3613 ipsius
714 3543 775 3597 vide
793 3542 822 3596 in
841 3560 867 3596 n.
887 3548 946 3596 sut.

411 4190 508 4256 373.
544 4186 708 4270 inpetum
734 4186 882 4250 Omnium
904 4184 1094 4249 Sanctonsm
1116 4185 1152 4248 in
1174 4187 1279 4247 castro
1304 4183 1460 4262 Propensi
1481 4182 1685 4246 visitantibus
1706 4182 1921 4264 indufpcntioe

839 4288 1056 4354 manuum.
1105 4286 1224 4351 Forma
1246 4292 1283 4351 ut
1307 4287 1342 4351 ia
1364 4308 1394 4352 n.
1418 4288 1493 4351 261.
1904 4311 1910 4320 ¹

460 4430 523 4552 ⁸}
1435 4476 1598 4551 Aninione,
1625 4479 1708 4542 1344
1732 4478 1817 4542 Maii
1837 4479 1868 4544 3.

514 4698 681 4764 Universis
696 4696 816 4761 Christi
831 4695 978 4761 fidelibus
995 4699 1160 4776 presentes
1176 4693 1302 4758 litteras
1318 4694 1509 4775 inspecturis
1525 4694 1659 4759 salntem
1675 4701 1735 4759 etc.
1760 4694 1917 4777 Splendor

406 4809 543 4887 paterne
565 4801 735 4884 glorie...
760 4799 839 4866 Cum
863 4800 981 4880 itaque,
1005 4800 1088 4863 sicut
1111 4797 1140 4863 d.
1157 4798 1179 4862 f.
1202 4797 1317 4862 nobilis
1340 4799 1388 4862 vir
1411 4798 1559 4876 KarofnS,
1575 4799 1802 4881 primogenitus
1820 4799 1917 4862 caris-

406 4908 481 4974 simi
503 4907 537 4971 in
560 4904 687 4971 Christo
710 4904 731 4970 f.
755 4923 785 4969 n.
809 4904 974 4981 Johannis,
1007 4903 1090 4984 regis
1113 4901 1243 4967 Boemie
1267 4901 1408 4981 illustris,
1432 4901 1523 4966 nobis
1550 4920 1651 4984 nuper·
1673 4902 1829 4985 exposuit,
1838 4899 1862 4980 ¹)
1886 4903 1917 4965 in

407 5010 536 5094 capella
557 5010 646 5093 regia
668 5008 821 5076 Omnium
840 5008 1028 5073 Sanctorum
1051 5007 1083 5070 in
1106 5011 1211 5070 castro
1234 5006 1397 5087 Pragensi,
1421 5025 1516 5088 quam
1540 5006 1622 5070 idern
1646 5004 1783 5071 Karolus
1807 5011 1840 5069 et
1857 5005 1916 5069 mi·

406 5117 528 5181 nistros
551 5131 626 5179 suos
647 5114 739 5179 bonis
761 5114 827 5177 suis
849 5111 986 5195 propriis
1017 5129 1054 5174 ex
1085 5129 1200 5191 magna
1230 5110 1401 5174 devocione
1429 5110 1559 5189 dotavit,
1591 5109 1630 5173 de
1661 5110 1772 5192 spinea
1802 5128 1918 5174 corona

408 5219 529 5285 domini
551 5224 584 5282 et
605 5218 705 5282 multe
728 5217 792 5282 alie
813 5234 927 5298 magne
949 5215 1083 5298 reliquie
1106 5214 1269 5278 recondite
1292 5214 1441 5292 existant,
1469 5232 1526 5277 nos
1558 5215 1733 5296 cupientes,
1765 5219 1801 5277 ut
1831 5213 1917 5278 dicta

406 5320 534 5407 capella
556 5322 703 5405 congruis
725 5320 897 5385 honoribus
918 5319 1140 5401 frequentetur
1163 5324 1195 5383 et
1216 5315 1357 5382 fidelium
1394 5318 1529 5400 populus
1560 5337 1598 5382 eo
1609 5320 1634 5398 ⁸)
1665 5322 1834 5382 concurrat
1864 5316 1918 5380 de-

403 5428 517 5492 vocius
539 5426 582 5491 ad
603 5426 747 5503 eandem,
771 5443 833 5506 qno
856 5423 970 5489 salutis
993 5441 1125 5487 munera
1145 5440 1180 5486 se
1196 5423 1241 5487 ibi
1258 5423 1407 5504 consequi
1425 5422 1622 5504 speraverint
1637 5420 1799 5503 ampliora,
1816 5421 1917 5503 ipsius

402 5530 519 5599 Karofi
551 5529 841 5612 supplicationibus
876 5528 1017 5592 inclinati
1051 5528 1091 5591 de
1125 5527 1350 5609 omnipotentis
1381 5526 1432 5590 dei
1456 5525 1673 5590 misericordia
1697 5530 1730 5588 et
1752 5526 1917 5588 beatorum

401 5636 494 5703 Petri
517 5640 551 5700 et
573 5633 673 5713 Pauli,
697 5629 977 5717 [apostolorumPl
1000 5633 1079 5709 eius,
1103 5631 1296 5695 anctoritate
1318 5628 1427 5695 confisi
1451 5630 1595 5694 omnibus
1612 5647 1687 5693 vere
1701 5627 1919 5710 penitentibus

401 5749 438 5808 et
464 5739 629 5817 confessis,
653 5740 708 5819 qui
731 5739 763 5801 in
786 5736 962 5802 festivitate
986 5736 1133 5801 Omnium
1157 5735 1353 5811 Sanctorum,
1382 5753 1477 5798 unum
1502 5752 1616 5798 annum
1647 5736 1680 5797 et
1709 5731 1920 5814 quadraginta
