5184 7050
1878 880 1921 947 57

415 1078 497 1159 dere,
521 1099 593 1146 cum
617 1081 841 1163 acceptatione
864 1086 935 1160 etc,
958 1084 1191 1163 nonobstante,
1215 1084 1299 1165 quod
1322 1083 1553 1166 parrochialem
1569 1084 1736 1151 ecclesiam
1760 1087 1922 1154 desancto

413 1183 506 1249 lusto
528 1186 561 1250 in
583 1185 776 1268 Longauilla
805 1204 844 1250 11
867 1187 1087 1252 canonicatum
1117 1193 1150 1252 et
1172 1188 1366 1271 prebendam
1396 1188 1531 1254 ecclesie
1562 1190 1664 1254 sancti
1695 1190 1853 1258 Floreneii
1885 1194 1934 1259 de

414 1287 509 1372 Repe,
540 1289 747 1363 Ebroicensis
776 1294 810 1354 et
839 1290 1070 1359 ambianensis,
1094 1290 1279 1371 diocesim,
1313 1293 1456 1357 noscitur
1485 1292 1639 1372 obtinere,
1670 1312 1740 1360 cum
1770 1295 1925 1362 clausulis

416 1394 591 1472 oportunis.

517 1496 681 1579 1111111)

514 1601 595 1666 Item
618 1606 777 1683 quatenus
800 1602 939 1668 lieberto
962 1602 1047 1668 dicto
1069 1603 1212 1669 Leblanc
1246 1605 1286 1669 de
1309 1605 1498 1670 canonicatu
1522 1610 1555 1671 et
1577 1607 1739 1686 prebenda
1762 1607 1924 1691 ecclesie)

415 1703 712 1785 Autissiodorensis,
744 1707 933 1773 vacantibus
963 1707 1014 1772 vel
1045 1709 1216 1787 vacaturis,
1248 1709 1419 1791 dignemini
1454 1710 1630 1791 providere,
1667 1730 1736 1775 cum
1771 1713 1924 1779 clausulis

416 1809 590 1890 oportunis.
1153 1793 1161 1804 ’

514 1913 589 1978 Fiat
612 1915 644 1978 in
668 1915 805 1979 ecclesia
829 1916 868 1980 de
892 1916 1036 1995 Vestino,
1062 1918 1276 1982 Bituricensis
1300 1918 1446 1996 diocesis,
1470 1918 1537 1997 R.²)

513 2017 594 2082 Item
617 2018 757 2084 Hevrico
780 2018 819 2083 de
843 2020 1016 2102 Bastoigne
1043 2021 1084 2085 de
1109 2022 1297 2085 canonicatu
1331 2026 1364 2086 et
1387 2023 1548 2103 prebenda
1578 2024 1714 2088 ecclesie
1744 2028 1846 2091 sancti
1869 2028 1925 2093 Jo-

412 2119 528 2184 hannis
552 2121 750 2201 LeodiensIs,
775 2124 963 2189 vacantibus
978 2124 1029 2187 vel
1053 2125 1224 2202 vacaturis,
1248 2144 1310 2188 non
1334 2125 1491 2204 obstante,
1515 2127 1598 2207 quod
1623 2128 1654 2191 in
1678 2136 1783 2193 castro
1807 2131 1846 2195 de
1862 2132 1924 2196 La·

405 2224 505 2288 roche
529 2229 562 2289 et
584 2226 624 2289 de
648 2227 821 2308 Bastoigne
844 2227 1041 2309 capellanias
1064 2232 1097 2292 et
1121 2229 1271 2292 vicariam
1303 2229 1342 2293 de
1365 2228 1413 2292 La
1437 2228 1543 2293 Itoclrc
1566 2230 1713 2295 ecclesiis
1736 2240 1918 2315 perpetuas,

410 2327 607 2394 Leodiensis
630 2329 777 2409 diocesis,
800 2332 944 2396 noscItur
965 2331 1119 2412 obtinere,
1143 2351 1213 2396 cum
1238 2332 1392 2397 clausulis
1415 2335 1589 2414 oportunis.

514 2432 590 2498 Fiat
610 2433 677 2516 Iti)

510 2538 593 2602 Item
616 2538 769 2621 Gregorio
799 2539 903 2622 Gigon
926 2539 965 2604 de
988 2539 1228 2605 Montelussano
1259 2541 1299 2605 de
1322 2542 1511 2606 canonicatu
1541 2548 1574 2607 et
1598 2545 1759 2624 prebenda
1783 2548 1918 2613 ecclesie

396 2637 630 2721 Niuernensiq
654 2644 841 2708 vacantibus
857 2643 907 2708 vel
923 2644 1094 2722 vacaturis,
1111 2645 1282 2727 dignemini
1300 2646 1475 2726 providere,
1492 2665 1563 2710 cum
1579 2647 1732 2714 clausulis
1744 2653 1918 2732 oportunis.

515 2762 590 2827 Fiat
613 2765 644 2828 in
668 2765 804 2830 ecclesIa
826 2766 921 2830 beate
945 2764 1049 2829 Marie
1072 2764 1111 2829 de
1134 2764 1305 2847 Magduno,
1328 2765 1541 2830 Bituricensis
1564 2767 1711 2848 diocesis,
1735 2770 1801 2853 R.⁴)

515 2884 599 2950 Item
622 2885 794 2952 Guillelmo
816 2888 911 2953 Potin
934 2888 973 2952 de
997 2888 1114 2953 Sancto
1130 2886 1282 2965 Quintino
1299 2886 1338 2950 de
1355 2887 1544 2952 canonicatu
1567 2892 1599 2951 et
1616 2891 1776 2970 prebenda
1789 2893 1924 2960 ecclesIe

402 2988 451 3052 de
474 2988 612 3071 Nigella,
647 2991 871 3056 Nouiomensis
901 2992 1050 3070 diocesis,
1085 2990 1257 3072 dignemini
1287 2989 1464 3072 providere,
1499 3009 1561 3055 uon
1592 2992 1749 3074 obstante,
1784 2998 1868 3078 quod
1892 2999 1923 3063 in

403 3092 551 3157 ecclesia
572 3094 668 3159 beate
690 3094 793 3159 hiarie
816 3095 856 3159 de
878 3095 1050 3178 Magduno,
1072 3094 1285 3159 BIturicensis
1301 3093 1447 3171 diocesis,
1472 3099 1661 3175 perpetuam
1677 3096 1829 3163 vicariam
1852 3120 1924 3167 nos-

416 3195 502 3260 citur
526 3198 679 3276 obtincre,
704 3217 774 3263 cum
798 3199 951 3264 clausulis
973 3198 1148 3281 oportunis.

516 3317 589 3383 Fiat
611 3319 678 3401 w)

516 3439 598 3505 Item
610 3440 630 3506 J
633 3442 732 3506 aeobo
748 3441 923 3521 Soldonier,
947 3441 1086 3507 scholari
1098 3442 1130 3506 in
1146 3441 1280 3524 legibue,
1304 3440 1344 3505 de
1357 3442 1546 3507 canonicatu
1569 3448 1601 3507 et
1615 3444 1778 3525 prebenda
1789 3447 1925 3513 ecclesie

413 3544 667 3626 Aurelianensis,
690 3547 879 3613 vacantibus
905 3548 955 3612 vcl
978 3547 1150 3626 vacaturis,
1182 3545 1355 3629 dignemini
1385 3546 1562 3628 providere,
1594 3567 1665 3613 cum
1695 3549 1848 3616 clausulis
1872 3571 1925 3617 su·

412 3649 578 3730 predictis.

516 3754 592 3820 Fiat
614 3755 646 3820 in
670 3756 807 3821 ecelesia
830 3756 934 3821 sancti
958 3757 1085 3820 Arriani
1108 3755 1351 3820 Aurelianensis
1375 3756 1441 3832 11.)

517 3876 599 3941 Item
622 3876 761 3941 Iohanni
784 3877 928 3941 Tiessart
957 3876 996 3941 de
1021 3876 1214 3958 Compendio
1245 3876 1285 3941 de
1316 3879 1505 3943 canonicatu
1540 3883 1573 3943 et
1596 3880 1758 3959 prebenda
1789 3881 1924 3946 ecclesie

414 3980 517 4045 sancti
540 3979 693 4046 Germani
716 3981 998 4059 Antisiodorensis‚
1029 3981 1230 4058 Parisiensis,
1262 3981 1451 4047 vacantibus
1473 3983 1524 4047 vel
1547 3984 1719 4061 vacaturis,
1751 3984 1924 4067 dignemini

414 4083 594 4166 providere,
619 4103 691 4148 curn
707 4084 861 4150 clausulis
881 4085 1056 4166 oportunis,
1064 4085 1089 4164 ο)
1112 4085 1162 4148 vel
1186 4086 1218 4148 in
1236 4084 1374 4150 ecclesia
1389 4088 1491 4151 sancti
1508 4086 1653 4152 Marcelli
1670 4087 1759 4151 iuxta
1771 4088 1923 4153 Parisius.

518 4205 593 4270 Fiat
614 4204 682 4288 RJ)

518 4329 600 4392 Item
623 4328 784 4409 supplicat
806 4327 918 4392 eadem
940 4328 1061 4410 regina,
1092 4332 1250 4409 quatenus
1274 4328 1384 4393 decem
1408 4329 1458 4393 sui
1480 4328 1665 4409 larniliares,
1681 4336 1747 4396 tam
1767 4330 1925 4412 capellani

415 4451 512 4513 quam
536 4430 685 4510 elerici,¹¹l
710 4451 789 4514 quos
812 4433 939 4497 cluserit
960 4431 1124 4514 eligendos
1147 4450 1203 4496 seu
1226 4432 1444 4510 rnorniuandos,
1465 4434 1588 4514 possint
1610 4438 1643 4497 et
1660 4433 1788 4498 valcant
1801 4433 1925 4500 fructus

416 4538 557 4601 omnium
579 4536 804 4602 beneficiorum
827 4556 955 4601 suorum
978 4554 1245 4618 quamtacunque,
1270 4537 1470 4601 obtentorum
1493 4540 1526 4601 et
1549 4538 1800 4617 obtiuendorum,
1824 4557 1925 4620 usque

416 4641 456 4704 ad
481 4641 623 4722 quinque
646 4659 756 4718 annae,
773 4659 810 4705 uc
826 4641 853 4706 si
869 4649 1035 4723 presentes
1057 4648 1174 4719 essent,
1197 4642 1342 4721 recipere
1366 4642 1486 4722 absque
1510 4640 1617 4722 aliqua
1640 4641 1773 4706 licencia
1796 4660 1926 4706 suorum

416 4745 660 4826 superiorurn,⁰)
684 4764 755 4809 cum
778 4748 923 4811 omnihus
947 4765 1010 4810 non
1033 4745 1234 4811 obstantibus
1256 4748 1290 4808 et
1313 4744 1467 4809 clausulis
1490 4746 1664 4828 oportunis.

519 4864 594 4930 Fiat
616 4866 648 4930 in
670 4865 772 4932 forma
795 4866 834 4930 de
858 4885 923 4944 sex,
948 4884 1048 4948 usque
1072 4865 1112 4929 ad
1135 4866 1388 4947 quinquennium
1410 4865 1447 4929 It.
1469 4865 1513 4932 Et
1536 4885 1565 4947 q.
1589 4871 1612 4930 t.
1637 4884 1661 4930 1.
1687 4885 1714 4930 1.
1739 4866 1759 4930 1.
1791 4866 1866 4931 Fiat
1887 4866 1925 4931 R.

414 4970 454 5035 D.
481 4968 569 5052 apud
591 4969 835 5050 Villamnouam,
860 4971 896 5035 A.
922 4972 962 5050 d.,
985 4971 1030 5036 VI
1055 4970 1096 5034 id.
1121 4970 1317 5051 Septembris
1341 4989 1369 5034 a.
1393 4970 1504 5053 primo.

522 5158 672 5215 Clementis
690 5160 726 5213 Vl
744 5159 762 5215 S
780 5160 821 5230 111
841 5163 880 5229 (1)
904 5158 922 5212 f.
944 5163 1002 5212 182³.
1020 5189 1054 5198 -
1080 5165 1103 5225 c)
1123 5159 1248 5226 seqnitur
1265 5159 1357 5225 ,simul
1376 5167 1424 5212 111
1441 5160 1612 5227 successive,
1632 5160 1681 5214 sed
1700 5160 1880 5215 cancellatum
1898 5161 1924 5215 S.

411 5247 445 5314 b)
466 5246 596 5313 sequitur
613 5246 710 5313 ,suncti
735 5244 873 5300 Iohannis
891 5245 931 5299 Le
951 5244 1072 5311 diensis‘,
1090 5243 1139 5298 sed
1163 5245 1342 5298 cancellatum
1361 5245 1386 5299 S.
1415 5248 1436 5311 c)
1456 5247 1580 5314 sequitur
1599 5247 1670 5314 ,Fiat
1693 5247 1734 5314 R‘,
1753 5247 1802 5301 sed
1822 5248 1926 5302 cancel·

409 5336 502 5390 latum
521 5333 548 5387 S.
576 5332 600 5398 d)
620 5333 688 5398 ,suis
706 5332 895 5400 familiaribus,
914 5338 968 5385 tam
987 5331 1139 5400 capellanis
1159 5348 1239 5399 quam
1259 5331 1375 5386 11111111ί
1393 5331 1478 5386 habet
1495 5333 1530 5399 S,
1544 5350 1613 5387 corr.
1632 5335 1666 5388 ah
1680 5333 1793 5388 editore.
1821 5337 1843 5401 c)
1857 5333 1885 5386 ln
1899 5334 1927 5387 S.

410 5421 540 5491 sequitur
557 5421 603 5475 hic
621 5421 734 5473 iterum:
753 5418 869 5485 ,caleant
888 5426 916 5472 et
934 5419 1056 5487 possint‘,
1070 5435 1139 5473 corr.
1158 5420 1193 5473 ab
1212 5418 1327 5472 editore.
1349 5451 1378 5458 -
1401 5421 1418 5476 ¹1
1438 5419 1545 5473 litteras
1558 5419 1620 5473 ride
1634 5421 1685 5474 sub
1704 5436 1776 5473 num.
1791 5427 1831 5472 91.
1853 5420 1926 5486 ’plit-

408 5521 490 5566 teras
509 5508 571 5563 vide
592 5508 642 5562 suh
662 5522 734 5560 num.
754 5512 794 5560 17.
814 5508 835 5572 ⁸)
854 5506 962 5559 litterae
981 5505 1051 5559 istae
1069 5523 1124 5558 non
1142 5514 1206 5560 sunt
1224 5514 1359 5574 repertae.
1379 5509 1399 5574 ⁴)
1419 5507 1528 5561 litterae
1547 5507 1617 5560 istae
1636 5524 1690 5561 non
1708 5513 1771 5562 eum
1790 5515 1926 5575 repertae.

409 5602 432 5668 ⁵)
453 5597 563 5652 litteras
584 5593 644 5648 vide
663 5595 714 5648 sub
733 5599 866 5647 1111911.
895 5594 916 5659 6)
935 5591 1044 5647 litterae
1062 5594 1132 5647 istae
1151 5610 1205 5647 non
1225 5603 1288 5646 sum
1308 5601 1444 5662 repertae.
1476 5596 1496 5660 7)
1515 5594 1620 5648 litteras
1640 5594 1700 5647 vide
1719 5595 1770 5647 suh
1789 5610 1861 5647 nium.
1882 5602 1925 5647 99.
