5184 7050
1863 842 1928 913 513

415 1049 510 1116 880.
533 1049 696 1133 Pauperes
720 1047 826 1113 clerici
848 1048 1054 1134 infrascripti
1075 1049 1267 1135 supplicant,
1283 1057 1438 1135 qautenus
1457 1050 1520 1117 sibi
1538 1052 1576 1117 de
1593 1051 1750 1118 monadis
1772 1051 1927 1137 1666116116

909 1153 967 1219 aa
988 1156 1205 1238 expectatione
1222 1156 1440 1240 provideatur.

1447 1294 1612 1372 Asiciano,
1634 1297 1722 1361 1347
1744 1295 1829 1361 Maii
1853 1299 1884 1362 7.

520 1511 710 1595 Supplicant
725 1512 757 1578 S.
774 1510 811 1576 V.
828 1530 986 1593 pauperes
1002 1510 1110 1576 clerici
1125 1511 1330 1594 infrascripti,
1346 1517 1505 1594 quatenus
1521 1511 1581 1576 sibi
1605 1518 1638 1578 st
1660 1532 1769 1578 eorum
1792 1513 1926 1579 cuilibet

416 1615 590 1701 specialem
612 1616 750 1699 graciam
777 1615 940 1695 1661611166,
965 1620 1059 1698 prout
1089 1615 1222 1681 interius
1252 1616 1442 1696 continetur,
1473 1616 1654 1700 [providere
1684 1617 1922 1703 dignemini]·):

523 1895 604 1960 Item
628 1891 785 1974 Amlungo
809 1891 960 1971 Morawo,
985 1891 1228 1960 Olomuncensis
1259 1894 1396 1960 diocesis
1419 1894 1545 1974 clerico,
1573 1895 1615 1960 ad
1638 1895 1842 1961 collacionem
1866 1901 1925 1961 ets.

416 1999 574 2082 prepositi
597 2003 630 2064 61
652 1997 785 2080 sepltuli
809 1996 1029 2078 Chunicensis,
1052 1997 1137 2063 dicte
1160 1997 1306 2079 diocesis,
1331 1999 1539 2065 communiter
1563 1999 1611 2064 vel
1636 2000 1769 2065 divisim.

524 2156 606 2221 Item
629 2153 777 2234 Iohanni,
800 2159 874 2220 nato
898 2155 1056 2236 quondam
1079 2156 1166 2221 Petri
1189 2153 1301 2239 dietih)
1324 2156 1497 2222 Pannisida
1519 2157 1558 2222 de
1581 2157 1774 2237 Boleslauia,
1798 2159 1930 2242 presby·

415 2265 490 2326 tero
520 2259 797 2326 Wratislauiensis
831 2258 979 2338 diocesis,
1014 2259 1055 2324 ad
1089 2259 1295 2326 collusionem
1330 2265 1389 2326 stc.
1425 2262 1576 2345 episcopi,
1614 2262 1780 2345 prepositi,
1815 2262 1928 2328 desani

415 2369 453 2430 et
475 2365 607 2447 capituli
639 2384 676 2430 ac
706 2364 901 2446 singulorum
933 2365 1154 2431 canonicorum
1184 2365 1321 2431 ecclesie
1345 2366 1619 2432 Wrstislsuiensis
1650 2367 1856 2433 communiter
1878 2367 1929 2434 vel

524 2732 606 2797 Item
629 2731 771 2811 1116116,
795 2736 870 2797 nato
893 2732 1051 2813 quondam
1074 2732 1224 2799 Tlshonis
1248 2733 1287 2798 de
1310 2734 1420 2811 Tusts,
1448 2732 1562 2799 clerico
1585 2732 1756 2816 Pragensis
1779 2731 1926 2812 diocesis,

415 2835 462 2901 ad
486 2835 689 2903 collaciouem
713 2842 775 2905 etc.
798 2837 924 2902 abbatis
947 2842 980 2903 et
1002 2841 1177 2903 conventus
1206 2839 1391 2904 monasterii
1421 2838 1451 2903 in
1483 2836 1653 2918 Gladruna,
1681 2837 1801 2904 ordinis
1824 2837 1927 2902 sancti

415 2941 600 3022 Benedicti,
624 2941 709 3009 dicte
732 2943 879 3024 diocesis,
903 2943 1111 3009 communiter
1132 2941 1184 3007 vel
1207 2942 1342 3008 divisim.

527 3100 610 3166 Item
633 3098 739 3180 Otoni,
763 3104 840 3166 neto
862 3100 950 3165 Petri
974 3099 1014 3164 de
1033 3099 1165 3178 Thusta‚
1182 3099 1297 3166 clerico
1313 3098 1484 3182 Pregensis
1504 3098 1650 3177 diocesis,
1666 3098 1706 3163 sd
1726 3098 1929 3164 collusionem

420 3211 486 3271 etc.
510 3204 637 3271 abbatis
661 3209 694 3270 et
717 3208 892 3270 conventus
913 3204 1098 3269 monasterii
1121 3202 1329 3283 chlicensis‚
1356 3203 1477 3270 ordinis
1501 3201 1733 3282 Cirtersisnsis,
1757 3201 1843 3269 dicte
1865 3201 1932 3268 dio·

417 3309 516 3390 66616,
540 3310 750 3377 communiter
771 3308 823 3375 vel
845 3307 981 3375 divisim.

526 3592 609 3657 Item
639 3590 777 3656 iohanni
812 3589 936 3668 Otonis,
977 3593 1052 3654 nato
1089 3588 1177 3655 Petri
1212 3589 1252 3654 de
1284 3588 1393 3666 Turta,
1428 3587 1544 3653 clerico
1581 3586 1751 3670 Pragensis
1785 3585 1931 3666 diocesis,

417 3698 462 3763 ad
485 3695 692 3762 collacionem
715 3700 775 3760 ets.
799 3693 926 3759 abbatis
949 3699 983 3761 et
1005 3699 1178 3759 conventus
1207 3692 1393 3759 monasterii
1425 3692 1457 3757 in
1480 3691 1565 3757 Aula
1587 3690 1697 3774 Regia,
1730 3689 1852 3757 ordiuis
1875 3689 1928 3755 Ci-

418 3800 618 3880 sterciensis,
642 3800 727 3867 dicte
750 3798 896 3879 diocesis,
921 3799 1128 3865 commumter
1150 3797 1201 3863 vel
1224 3797 1360 3863 divisim.

528 4079 601 4146 Fiat
630 4099 688 4165 pro
717 4081 863 4148 omnibus
897 4079 1122 4163 suprascriptis
1156 4095 1257 4161 usque
1291 4084 1352 4142 etc.
1385 4082 1417 4142 et
1447 4076 1546 4141 esiam
1579 4074 1619 4139 de
1642 4074 1714 4154 hils,
1742 4072 1796 4156 qui
1820 4072 1934 4153 petunt

421 4186 455 4251 in
479 4186 626 4251 ecclesiis
649 4185 827 4269 collegiatis
858 4185 1077 4250 canonicatum
1108 4184 1165 4249 sub
1197 4182 1422 4264 expectasione
1454 4180 1625 4262 prebende,
1656 4197 1719 4243 non
1746 4183 1852 4241 tamen
1876 4194 1933 4257 pro

420 4290 496 4369 biis,
521 4292 575 4372 qui
596 4294 713 4373 petunt
735 4291 768 4355 in
787 4289 933 4356 ecclesiis
955 4287 1204 4366 cathedralibus
1225 4285 1282 4352 sed
1305 4287 1338 4351 in
1361 4283 1551 4350 cancellaria
1573 4282 1742 4348 tradantur
1764 4281 1811 4346 eis
1835 4278 1932 4344 colla·

421 4396 533 4461 aiones
555 4395 606 4460 vel
629 4395 670 4460 ad
693 4394 898 4460 collusionem
922 4398 982 4458 ete.
1006 4392 1057 4457 vel
1080 4391 1112 4456 in
1128 4390 1274 4457 eeclesiis
1297 4388 1475 4471 collegiatis
1497 4391 1530 4452 et
1552 4385 1747 4464 attendatur,
1764 4382 1847 4467 quod
1871 4402 1932 4448 non

421 4502 468 4566 611
490 4517 673 4579 concursus,
704 4500 917 4577 616166661,
952 4497 1155 4581 assignentur
1184 4495 1260 4562 alibi
1289 4495 1323 4559 in
1353 4491 1544 4559 cancellaria
1566 4490 1604 4555 R.
1641 4490 1686 4556 Et
1707 4509 1737 4572 q.
1760 4493 1784 4554 t.
1808 4506 1833 4553 s.
1860 4506 1889 4553 6.
1913 4487 1933 4551 1.

420 4605 499 4671 Fiat
522 4604 560 4670 11
594 4606 634 4671 D.
658 4604 816 4670 Auinione
838 4621 911 4668 non.
934 4601 1064 4668 116116.
1089 4600 1209 4684 quinto.

531 4860 681 4918 Clementis
698 4859 736 4917 VI
753 4859 780 4917 S.
799 4861 851 4930 Vll
870 4863 926 4927 (tu)
943 4859 962 4914 f.
983 4862 1101 4914 1661-
1130 4860 1153 4926 ¹)
1173 4857 1251 4915 deest
1271 4857 1300 4913 in
1324 4855 1360 4926 8.,
1388 4856 1545 4926 suppletum
1572 4854 1607 4910 ab
1634 4854 1749 4909 editore.
1777 4852 1801 4920 b)
1828 4850 1881 4919 ,de‘
1899 4850 1936 4920 8.,

420 4966 494 5007 corr.
513 4949 551 5006 ab
569 4947 683 5005 editore.
