5184 7050
562 826 624 893 156

559 1035 651 1100 255.
673 1024 851 1115 Episcopus
882 1031 1140 1098 Vrotislootensis
1164 1034 1197 1098 in
1219 1033 1411 1099 collectorem
1433 1033 1560 1099 denarii
1578 1035 1663 1100 beuti
1681 1037 1769 1100 Patri
1790 1036 1824 1100 io
1846 1037 1914 1100 sois
1935 1037 2064 1101 civitate

1113 1142 1143 1201 et
1165 1138 1281 1202 diocesi
1303 1138 1515 1221 confirmator.

1504 1296 1666 1370 Acinione,
1693 1298 1775 1361 1343
1801 1295 1944 1362 Octobris
1967 1298 2020 1362 10.

592 1457 595 1468 Ι
661 1487 699 1552 V.
723 1486 743 1551 f.
761 1536 768 1549 .
786 1536 792 1550 .
818 1486 966 1566 episcopo
990 1448 1257 1550 Wratislauiensi.
1282 1487 1372 1553 Siout
1387 1485 1416 1550 d.
1434 1486 1455 1551 f.
1471 1487 1615 1570 magistri
1632 1485 1787 1553 Galhami
1802 1486 1843 1551 de
1859 1485 2062 1565 carceribus,

557 1590 711 1673 prepositi
742 1589 876 1655 ecclesie
906 1588 1089 1666 Titulensis,
1121 1587 1305 1654 colocensis
1334 1590 1480 1667 dionesie,
1510 1590 1628 1655 relacio
1652 1589 1813 1671 patefecit,
1837 1590 1967 1670 dudum,
1991 1609 2062 1655 cum

557 1697 626 1778 ipse
649 1695 842 1778 prepositus,
865 1694 920 1775 qui
942 1712 999 1775 pro
1024 1693 1199 1775 colligendo
1223 1711 1320 1758 censu
1344 1712 1458 1772 annuo,
1482 1694 1538 1775 qui
1562 1694 1712 1760 denarius
1736 1695 1820 1759 beati
1840 1695 1928 1760 Petri
1952 1693 2062 1778 vulga-

458 1823 463 1832 ·
556 1800 635 1864 riter
656 1800 688 1863 in
711 1798 775 1863 illis
798 1797 944 1878 partibus
967 1802 1178 1880 nuncupatur,
1201 1797 1338 1863 ecclesie
1361 1798 1502 1862 Romane
1525 1799 1557 1862 in
1580 1817 1676 1880 regno
1705 1797 1835 1863 Polonie
1865 1797 1973 1863 debito
2004 1817 2064 1881 per

555 1903 734 1985 regnicolas
764 1902 842 1966 dicti
873 1901 971 1983 regni,
1003 1904 1036 1965 et
1062 1900 1134 1967 aliis
1159 1902 1255 1966 certis
1278 1903 1418 1984 negociis
1441 1902 1543 1985 ipsam
1566 1901 1735 1968 ecclesiam
1757 1902 1963 1983 tangentibus
1986 1902 2070 1967 olim·

556 2026 626 2072 cum
649 2007 766 2071 litteris
788 2006 955 2088 oportunis
978 2005 1162 2086 apostolicis
1185 2006 1226 2070 ad
1249 2012 1359 2087 partes
1383 2006 1562 2072 destinatus
1585 2008 1723 2085 easdem,
1754 2025 1789 2071 se
1812 2006 1997 2089 disponeret
2020 2007 2062 2070 ad

557 2112 665 2176 sedem
688 2110 894 2193 apostolicam
919 2110 1014 2174 certis
1036 2109 1285 2175 racionabilibus
1301 2111 1408 2176 causis
1423 2111 1537 2189 redire,
1553 2117 1596 2189 te,
1612 2109 1720 2189 frater,
1744 2111 1784 2175 de
1799 2111 1891 2176 cuius
1906 2110 2063 2175 fidelitate

555 2234 593 2279 ac
614 2217 683 2279 zelo
706 2215 887 2278 devocionis
910 2218 943 2276 et
965 2214 1156 2292 reverencie,
1180 2232 1274 2295 quem
1297 2215 1339 2278 ad
1362 2214 1495 2278 eandem
1510 2215 1595 2297 geris
1612 2213 1790 2292 ecclesiam,
1807 2213 1897 2278 nobis
1912 2232 1972 2297 par
1987 2233 2060 2279 eum

558 2319 779 2400 multiplieiter
802 2317 1029 2394 commendatis
1052 2316 1274 2396 confidimus,·)
1298 2318 1498 2383 collectorem
1522 2318 1598 2390 dicti
1616 2337 1729 2383 census
1745 2318 1777 2382 in
1793 2317 1858 2382 tuis
1874 2318 2007 2382 civitate
2023 2337 2061 2383 ao

555 2424 675 2488 diocesi
698 2422 756 2488 sub
780 2422 875 2486 cortis
898 2420 999 2486 modis
1023 2426 1055 2485 et
1077 2421 1187 2486 formis
1210 2423 1403 2487 auctoritate
1426 2423 1603 2505 apostolica
1626 2424 1686 2488 sibi
1710 2423 1877 2488 commissa
1903 2421 2060 2505 deputare

556 2548 593 2593 ao
617 2528 811 2592 constituere
833 2526 1025 2608 procuravit.
1050 2525 1116 2590 Nos
1138 2527 1236 2609 igitur
1258 2527 1501 2610 deputacionem
1523 2526 1704 2592 huiusmodi
1726 2531 1829 2591 ratam
1851 2524 2009 2590 habentes
2027 2531 2061 2591 et

555 2638 688 2714 gratam,
712 2631 907 2696 fraternitati
930 2635 984 2694 tue
1007 2648 1064 2711 per
1094 2631 1269 2713 apostolica
1301 2631 1421 2712 scripta
1450 2631 1646 2709 mandamus,
1680 2630 1832 2711 quatinus
1864 2649 1962 2711 super
1995 2629 2060 2695 col·

556 2737 696 2802 leccione
718 2735 908 2812 huiusmodi,
931 2753 989 2826 per
1011 2739 1044 2799 te
1067 2735 1117 2799 vel
1141 2734 1238 2800 alium
1261 2753 1318 2800 seu
1342 2736 1423 2800 alios
1439 2740 1516 2812 ate,
1537 2735 1620 2798 sicut
1642 2733 1815 2816 expediens
1836 2733 1943 2813 fuerit,
1960 2734 2060 2816 depu-

553 2841 668 2905 tandos
691 2838 787 2921 super
805 2823 868 2902 ‘hoo
902 2836 1069 2902 intendere
1099 2836 1268 2919 diligenter
1298 2841 1331 2901 et
1353 2836 1500 2917 fideliter,
1524 2855 1689 2920 quousque
1711 2856 1771 2919 per
1792 2854 1850 2901 nos
1872 2836 1946 2901 inde
1969 2836 2058 2902 aliud

554 2946 733 3011 ordinatum
764 2944 915 3020 extiterit,
947 2960 1008 3005 non
1039 2945 1222 3022 postponas,
1250 2942 1500 3006 contradictores
1523 2948 1594 3020 etc,
1618 2943 1860 3020 nonobstante,
1884 2944 1911 3008 si
1935 2942 1982 3007 eis
2006 2941 2058 3006 vel

554 3069 661 3114 eorum
685 3048 845 3129 aliquibus
868 3046 1076 3111 communiter
1097 3046 1146 3110 vel
1170 3046 1295 3110 divisim
1313 3065 1332 3109 a
1347 3046 1424 3110 sede
1439 3046 1481 3109 sit
1504 3045 1660 3110 indultum
1683 3045 1936 3127 p1·edicta,quod
1958 3046 2057 3110 inter-

554 3154 626 3231 dici,
651 3151 800 3233 suspendi
825 3152 874 3215 vel
898 3150 1163 3215 excommunicari
1182 3168 1244 3213 non
1259 3150 1385 3230 possint
1399 3168 1457 3231 per
1470 3149 1597 3213 litteras
1612 3148 1806 3231 apostolicas
1822 3168 1883 3213 non
1898 3149 2057 3214 facientes

552 3259 679 3340 plenam
700 3260 734 3321 et
756 3274 938 3337 expressam
962 3272 999 3317 ac
1021 3253 1061 3318 de
1083 3254 1179 3318 verbo
1202 3254 1395 3318 adverbum
1418 3255 1458 3319 de
1481 3253 1603 3319 indulto
1633 3253 1813 3317 huiusmodi
1846 3254 2051 3318 mencionem.

554 3363 592 3426 D.
616 3361 772 3426 Aninione
795 3360 840 3425 VI
862 3358 904 3423 id.
929 3358 1078 3424 Octobris
1101 3377 1129 3422 a.
1154 3357 1302 3422 secundo.

563 3540 582 3559 ,»
656 3492 738 3557 Item
760 3492 793 3556 in
815 3510 842 3556 e.
865 3509 958 3556 m.·v.
982 3489 1003 3555 f.
1021 3542 1027 3556 .
1047 3490 1227 3573 ,episcopo
1250 3489 1442 3554 Lubucensi.
1466 3490 1505 3554 D.
1528 3493 1565 3554 ut
1588 3506 1612 3554 s.
1690 3525 1694 3536 ·

657 3624 739 3688 Item
762 3624 794 3687 in
817 3641 844 3686 e.
868 3643 908 3686 m.
932 3641 960 3686 v.
985 3621 1005 3686 f.
1023 3672 1055 3687 ..
1080 3621 1229 3703 episcopo
1254 3619 1447 3685 caminensi.
1471 3619 1510 3684 D.
1535 3625 1571 3684 ut
1593 3637 1618 3684 s.

655 3829 802 3883 Clementis
815 3829 853 3882 Vl
866 3828 898 3883 V.
910 3835 957 3882 137
971 3835 1050 3895 (secr.
1064 3845 1089 3882 a
1101 3828 1138 3893 II)
1152 3825 1170 3878 f.
1184 3827 1242 3879 113'
1257 3843 1283 3880 n.
1302 3832 1360 3893 379,
1380 3830 1439 3892 380,
1458 3829 1518 3878 381.
1538 3854 1568 3863 -
1588 3825 1639 3878 Ed.
1652 3823 1772 3878 Theiner
1791 3824 1850 3879 MP.
1867 3825 1880 3878 1
1899 3842 1926 3878 n.
1946 3830 2007 3880 (301.
2021 3854 2053 3865 -

551 3923 578 3981 ⁵)
597 3916 754 3982 ,confidens‘
773 3916 813 3981 V,
832 3932 900 3969 corr.
921 3917 954 3969 ab
975 3915 1089 3970 editore.

549 4509 639 4574 aad.
665 4510 815 4592 Episcopo
833 4507 1076 4572 l'rotisluoicosi
1091 4506 1274 4579 mandatur,
1290 4510 1446 4588 qomteoos
1464 4505 1619 4588 pecunias
1642 4504 1680 4567 de
1702 4504 1832 4568 donorio
1854 4503 1941 4568 beati
1964 4505 2050 4568 Petri

776 4611 923 4675 collectos
945 4615 975 4673 et
998 4609 1189 4691 coltipeodos
1212 4609 1448 4693 archiespiscopo
1473 4609 1650 4674 Oneaoeoso'
1671 4611 1818 4690 assignet.

1489 4799 1652 4879 Abitinae,
1674 4801 1760 4863 1343
1786 4797 1931 4863 Octobris
1952 4801 2005 4864 10.

651 4996 687 5060 V.
708 4995 766 5060 f...
783 4995 931 5075 episcopo
947 4992 1216 5057 Wratislauiensi.
1242 4992 1395 5057 Volentes
1418 4993 1571 5072 pecunias
1595 4992 1634 5056 de
1657 5009 1754 5056 censu
1777 5008 1891 5068 annuo,
1915 4991 1970 5071 qui
1994 4989 2047 5054 de·

546 5101 656 5164 narius
678 5100 766 5163 beati
790 5099 877 5163 Petri
893 5097 1067 5179 vulgariter
1082 5098 1114 5160 in
1130 5096 1194 5160 illis
1212 5097 1357 5177 partibus
1374 5101 1585 5178 nuncupatur,
1601 5096 1693 5160 nobis
1708 5100 1741 5159 et
1757 5093 1892 5159 ecclesie
1907 5093 2046 5158 Romane

546 5203 577 5266 in
600 5204 666 5267 tuis
697 5203 826 5266 civitate
850 5207 883 5265 et
906 5201 1025 5267 diocesi
1048 5201 1167 5277 debito,
1189 5218 1246 5281 per
1269 5204 1302 5263 te
1324 5205 1460 5281 tuosque
1483 5200 1730 5265 subcollectores
1759 5198 1909 5264 collectas
1936 5202 1970 5262 et
1991 5198 2047 5262 im-

544 5314 707 5389 postorum
737 5305 931 5387 colligendas
962 5304 1001 5369 ad
1031 5309 1173 5369 nostram
1203 5321 1359 5368 cameram
1391 5302 1718 5381 fideliter'destinari,
1741 5323 1770 5366 v.
1794 5302 1815 5367 f.
1840 5320 1869 5366 n.
1887 5351 1919 5366 ..
1945 5300 2046 5366 archi·

544 5411 693 5493 episcopo
723 5409 904 5475 Gneznensi
934 5429 992 5492 per
1021 5409 1146 5472 litteras
1177 5412 1303 5472 nostras
1335 5407 1530 5486 mandamus
1542 5408 1566 5486 1)
1597 5414 1632 5472 ut
1663 5406 1817 5487 pecunias
1848 5406 1935 5489 ipsas
1961 5423 1980 5469 a
2013 5410 2045 5469 te

544 5514 701 5595 recipiens
725 5532 780 5578 eas
803 5513 844 5577 ad
867 5532 1024 5579 cameram
1048 5512 1264 5592 supradictam
1288 5513 1495 5575 transmittat.
1521 5511 1675 5589 Quocirca
1698 5510 1895 5576 fraternitati
1917 5513 1974 5573 tue
1989 5526 2045 5590 per

544 5616 718 5698 apostolica
749 5618 869 5697 scripta
898 5617 1095 5694 mandamus,
1127 5617 1277 5697 quatinus
1301 5615 1429 5677 easdem
1453 5616 1606 5696 pecunias
1628 5634 1687 5695 per
1708 5620 1741 5678 te
1765 5632 1802 5677 ac
1824 5618 1897 5678 tuos
1920 5611 2044 5677 subcol-

542 5721 678 5785 lectores
700 5721 740 5785 de
763 5720 847 5784 dicto
871 5739 965 5784 censu
990 5725 1025 5783 ut
1046 5719 1206 5800 prefertur
1228 5717 1380 5782 collectas
1403 5723 1435 5780 et
1455 5723 1490 5780 ut
1507 5717 1701 5797 premittitur
1724 5715 1918 5798 colligendas
1940 5714 2043 5779 eidem
