5184 7050
542 787 608 876 roa

544 1018 628 1080 viros
651 1016 872 1097 nequissimos,
896 1014 936 1078 de
959 1014 1064 1079 heresi
1096 1020 1128 1079 et
1158 1016 1309 1080 scismate
1339 1014 1549 1094 denotatos,⁰)
1580 1019 1613 1078 et
1639 1013 1704 1078 alia
1726 1010 1878 1076 nonnulla
1899 1009 2062 1075 horrenda

544 1125 577 1185 et
607 1119 811 1184 detestabilia
841 1118 1074 1198 committendo,
1110 1119 1233 1201 absque
1270 1124 1379 1184 nostre
1416 1118 1614 1184 consciencie
1645 1122 1678 1181 et
1710 1112 1878 1201 honorici)
1913 1114 2061 1179 ciusdem

545 1224 679 1289 ecclesie
708 1223 829 1287 lesione
860 1223 963 1303 ipsum
1001 1241 1063 1288 uon
1094 1227 1276 1304 poteramus
1307 1222 1443 1304 amplius
1475 1226 1656 1304 expectare,
1690 1219 1896 1285 advertentes
1920 1236 2061 1302 quoqne,

545 1328 629 1409 quod
652 1333 718 1392 tam
741 1326 876 1392 ecclesie
899 1345 993 1408 quam
1015 1326 1205 1408 reipublice
1229 1326 1362 1391 utilitati
1385 1326 1559 1407 expediens
1578 1328 1757 1407 reputatur,
1772 1323 1857 1405 qnod
1879 1322 2060 1390 &manum

546 1432 722 1513 imperium.
746 1430 830 1513 quod
854 1431 986 1495 diutinis
1008 1431 1206 1512 temporibus
1221 1430 1402 1496 vocacionis
1421 1431 1574 1495 sustinuit
1593 1427 1798 1508 incommoda,
1814 1426 1959 1510 presidio
1975 1427 2063 1509 regi-

546 1537 641 1601 minis
663 1537 797 1601 alicuius
820 1536 880 1600 viri
904 1535 1051 1600 catholici
1073 1535 1234 1613 fulciatur,
1257 1534 1385 1600 tandem
1408 1534 1542 1617 prefatis
1574 1535 1641 1617 regi
1672 1539 1705 1598 et
1727 1531 1903 1598 marchioni
1925 1549 2061 1613 respou-

546 1640 659 1719 dimns,
683 1659 741 1706 nos
764 1641 867 1706 eidem
889 1640 1073 1719 marchioni,
1109 1640 1135 1705 si
1159 1639 1278 1705 eleccio
1307 1639 1455 1723 predicta
1485 1639 1525 1703 de
1559 1639 1629 1720 ipso
1659 1637 1813 1703 celebrari
1847 1636 2061 1718 contingeret,

546 1745 726 1811 huiusmodi
749 1744 889 1811 favorem
912 1750 945 1809 et
967 1745 1106 1827 graciam
1126 1745 1334 1825 impensuros.
1359 1744 1427 1810 Hec
1450 1748 1567 1821 antem,
1583 1742 1627 1807 lili
1652 1741 1868 1820 dilectissime,
1885 1745 2060 1822 antequam

547 1849 734 1928 laceremus,
757 1849 995 1933 responsionem
1017 1849 1199 1915 huiusmodi
1228 1854 1284 1913 tue
1314 1848 1496 1914 celsitudini
1526 1847 1689 1915 aurisimns
1721 1847 1880 1926 intimare,
1909 1845 2061 1911 conside·

547 1961 655 2020 rantes
688 1956 804 2037 aliqua,
839 1973 900 2036 qne
931 1955 1015 2018 inter
1043 1959 1077 2017 te
1107 1973 1145 2018 ac
1174 1954 1309 2019 eundem
1339 1954 1547 2034 bulonicum,
1578 1973 1635 2037 pro
1670 1953 1760 2018 cuius
1794 1949 2062 2018 reconciliacione

548 2058 722 2125 affectuose
745 2060 829 2140 apud
852 2077 909 2124 nos
931 2058 1048 2123 litteris
1070 2063 1104 2123 et
1125 2058 1250 2123 nunciis
1273 2060 1436 2125 institeras
1459 2059 1569 2141 sepius
1592 2058 1727 2136 iteratis,
1750 2054 2060 2138 dudum-prolocuta

549 2164 600 2230 vel
623 2164 818 2229 antefuisse
850 2164 1007 2241 dicuntur,
1038 2162 1186 2245 qnodque
1205 2164 1322 2244 prefati
1345 2183 1400 2229 rex
1431 2167 1465 2228 et
1494 2163 1645 2241 marchio,
1675 2161 1832 2228 habentes
1865 2159 2062 2227 festinanter

547 2268 699 2334 recedere
721 2268 761 2333 de
785 2269 882 2347 curia,
906 2275 1077 2352 expectare
1109 2273 1198 2357 tanto
1228 2272 1372 2351 tempore
1401 2286 1463 2333 non
1494 2267 1650 2346 valebant,
1681 2270 1715 2332 et
1744 2265 1819 2348 quia
1848 2282 1908 2331 nos
1929 2270 1966 2330 et
1987 2263 2009 2331 i.
2035 2284 2061 2329 r.

548 2373 711 2438 lohannes
734 2393 817 2456 papa
840 2374 944 2451 llllll,
969 2373 1176 2455 predecessor
1205 2378 1323 2450 noster,
1355 2373 1516 2455 principes
1550 2373 1706 2438 electores
1740 2369 1865 2453 imperii
1900 2368 2062 2435 instanter

549 2477 684 2542 diversis
714 2478 910 2559 temporibus
945 2477 1137 2541 duxeramus
1168 2478 1410 2541 commonendos
1441 2483 1474 2542 et
1503 2477 1677 2542 instancius
1704 2474 1922 2558 requirendos,
1958 2477 1995 2538 ut
2018 2473 2061 2538 ad

547 2582 738 2646 eleccionem
760 2582 846 2664 regis
862 2581 1082 2660 Rornanorum,
1099 2580 1302 2662 promovendi
1320 2582 1351 2645 in
1367 2580 1599 2663 imperatorem,
1616 2579 1656 2644 de
1672 2580 1739 2644 viro
1756 2576 1924 2657 catholico,
1939 2576 2058 2643 idoneo

501 2748 503 2751 .
549 2691 582 2749 ct
605 2685 739 2750 ecclesie
762 2684 902 2749 Romane
924 2685 1068 2766 predicte
1088 2685 1212 2762 devoto,
1229 2683 1449 2749 celebrandam
1472 2684 1645 2767 procedere
1660 2686 1878 2765 procurarent,
1897 2687 1932 2748 et
1955 2682 2060 2747 eciam

550 2789 721 2855 eorundem
744 2788 830 2872 regis
853 2793 885 2853 et
907 2788 1098 2853 marchionis
1128 2788 1246 2869 peticio
1277 2788 1357 2853 adeo
1388 2788 1583 2854 innitebatur
1613 2788 1748 2867 iusticie,
1779 2805 1850 2852 cnm
1885 2783 1989 2852 solum
2012 2784 2060 2852 ia-

548 2912 657 2958 vorem
680 2892 822 2957 debitum
844 2897 1003 2975 peterent,
1035 2893 1119 2973 quod
1149 2911 1207 2957 nec
1239 2892 1379 2959 debebat
1401 2912 1460 2958 uec
1482 2899 1609 2976 poterat
1631 2893 1679 2958 eis
1702 2890 1939 2975 quomodolibet
1961 2890 2060 2956 dene-

549 2997 628 3080 gari.
676 2997 782 3075 Quare
812 3015 909 3079 snper
942 2996 1002 3062 hoc
1035 3015 1093 3061 nos
1126 2996 1245 3061 habeat
1279 2996 1396 3080 regalis
1437 2996 1631 3062 excellencia
1667 3013 1840 3079 quesumus
1875 2997 2058 3061 crematos.

551 3102 591 3166 D.
615 3101 772 3166 Aninione
795 3101 845 3166 ΙΙΙ
868 3120 939 3166 non.
963 3099 1053 3166 iunii
1076 3119 1104 3164 a.
1129 3100 1249 3182 quinto.

605 3243 607 3248 ’
656 3240 738 3304 Item
761 3240 793 3304 in
816 3259 844 3305 e.
868 3259 907 3304 m.
931 3239 1040 3323 regine
1062 3241 1169 3306 verbis
1202 3246 1419 3323 competenter
1448 3241 1580 3307 mutatis
1613 3245 1649 3304 ut
1682 3258 1788 3322 snpra,
1820 3258 1923 3321 nsque
1952 3257 2059 3322 neque

551 3343 647 3409 salua.
671 3344 715 3409 Et
736 3344 958 3409 nichilominus
982 3363 1007 3407 c.
1032 3345 1063 3410 in
1087 3344 1143 3411 ch.
1167 3345 1189 3410 f.
1221 3365 1250 3410 n.
1274 3345 1425 3428 Philippi,
1458 3347 1542 3429 regis
1572 3346 1705 3411 Francia
1735 3344 1879 3424 illustris,
1909 3344 1972 3410 viri
1999 3346 2058 3424 tui,

551 3467 608 3531 pro
632 3447 821 3513 reduccione
843 3448 989 3531 predicta
1010 3449 1101 3514 nobis
1121 3447 1294 3514 affectuose
1310 3455 1370 3515 etc.
1389 3456 1544 3534 utsupra,
1560 3450 1666 3516 verbis
1683 3453 1900 3534 competenter
1915 3450 2057 3516 mnutis.

550 3554 590 3618 D.
615 3558 650 3618 ut
673 3571 698 3617 o.

657 3724 805 3778 Clementis
823 3723 860 3777 VI
878 3723 910 3779 V.
933 3731 979 3778 vlo
999 3733 1079 3792 (secr.
1097 3742 1121 3778 a.
1141 3726 1176 3793 V)
1201 3725 1219 3778 f.
1246 3734 1277 3780 19
1296 3744 1322 3780 u.
1342 3734 1452 3781 44—45.
1469 3726 1564 3780 —Ed
1584 3726 1718 3796 Rayuald,
1735 3726 1858 3782 Annales
1878 3726 2058 3781 ecclesiastici

551 3811 614 3863 XVI
632 3828 659 3878 p.
679 3817 737 3876 237,
756 3811 841 3864 RBlll.
861 3811 898 3864 lV
917 3829 943 3864 n.
963 3818 1038 3865 1716.
1071 3812 1165 3866 Huber
1184 3820 1234 3866 503
1254 3830 1278 3865 n.
1298 3821 1322 3869 5.
1342 3845 1374 3852 —-
1402 3816 1425 3878 ΙΙ)
1444 3813 1634 3880 ,venundatus‘
1653 3814 1685 3867 V.
1713 3814 1737 3880 1ἱ)
1755 3813 1835 3868 deest
1851 3813 1880 3867 in
1898 3812 1941 3879 V.,
1967 3815 2057 3883 suppl.

552 3898 585 3951 ab
606 3898 720 3952 editore.
747 3904 768 3962 r)
780 3898 943 3964 ‚denotatus‘
961 3899 994 3951 V.

552 4421 645 4486 676.
672 4419 812 4491 Carolus,
836 4419 976 4482 marchio
1000 4422 1174 4500 librariae,
1189 4422 1360 4503 supplicat,
1376 4427 1530 4502 quatenus
1545 4421 1688 4489 Jolrnuai
1704 4423 1846 4501 Hugoais
1865 4421 1903 4485 de
1919 4425 2057 4487 Bruuna

551 4522 732 4603 beneficium
755 4546 824 4587 curu
848 4524 892 4587 uei
914 4526 983 4587 siue
1005 4546 1082 4588 eura
1116 4528 1159 4590 ari
1189 4526 1384 4590 collationem
1415 4526 1596 4590 abbatissae
1625 4532 1654 4589 et
1682 4531 1847 4589 corcuculus
1870 4527 2058 4591 emunctorii

1100 4633 1132 4694 iu
1158 4632 1317 4695 Tis'riour'ca
1339 4636 1521 4694 reservetur.

1371 4786 1467 4870 Apud
1496 4786 1734 4861 Villaruuaaum,
1758 4789 1845 4851 1346
1866 4788 1963 4854 Juru'r'
1984 4789 2016 4852 5.

657 4976 822 5059 Supplicat
845 4978 875 5043 S.
901 4978 936 5042 V.
961 4980 1094 5045 devotus
1122 4979 1142 5042 l.
1167 4998 1194 5042 v.
1220 4980 1366 5056 Karalus,
1398 4979 1536 5044 marchio
1567 4980 1720 5057 Morauic,
1751 4984 1909 5062 quatenus
1940 4980 2002 5044 sibi
2026 4980 2057 5044 in

554 5101 720 5164 personam
744 5082 851 5145 dilecti
869 5082 974 5147 clerici
992 5090 1022 5149 et
1040 5084 1204 5148 laruiliaris
1221 5085 1269 5149 sui
1285 5085 1304 5148 J
1308 5084 1440 5148 ohannis
1464 5083 1607 5165 Hugonis
1624 5085 1663 5148 de
1679 5085 1816 5161 Brunna,
1834 5083 2066 5149 Olomucensia·

554 5186 698 5263 diocesis,
715 5185 885 5266 specialem
905 5188 1044 5268 graciam
1060 5188 1224 5266 iacientes,
1240 5189 1428 5252 beneficium
1451 5188 1701 5253 ecclesiasticum
1725 5207 1795 5252 cnm
1818 5207 1894 5253 cura
1916 5187 1967 5253 vel
1988 5187 2057 5252 sine

553 5311 638 5368 cura,
662 5291 762 5354 eciam
785 5291 812 5354 si
834 5291 1016 5357 huiusmodi
1037 5291 1225 5356 beneficium
1249 5292 1386 5374 dignitas
1408 5292 1459 5355 vel
1482 5299 1671 5373 personatus
1694 5312 1750 5357 sou
1767 5291 1904 5358 officium
1927 5293 2056 5370 existat,

555 5400 701 5475 spectans
725 5394 763 5457 ad
787 5395 1000 5474 collacionem,
1025 5397 1297 5477 presentacionem
1329 5415 1383 5461 seu
1412 5397 1554 5477 quamvis
1578 5397 1672 5461 aliam
1695 5397 1939 5478 disposicionem
1962 5395 2058 5461 abba-

554 5500 633 5562 tisse
656 5505 688 5562 ot
712 5506 886 5563 conventus
908 5501 1092 5564 monasterii
1109 5501 1139 5563 in
1156 5501 1390 5577 Tnsclrnauicz,
1407 5500 1526 5565 ordinis
1550 5502 1781 5581 (isterciensis,
1806 5502 1890 5567 dicte
1911 5501 2058 5579 diocesia,

558 5604 767 5668 communitor
788 5603 838 5667 vel
863 5605 999 5682 divisim,
1023 5605 1049 5669 si
1074 5604 1156 5687 quod
1181 5610 1271 5669 vacat
1294 5606 1334 5669 ad
1357 5623 1499 5687 prosena,
1520 5606 1569 5669 vel
1593 5625 1664 5670 cum
1686 5606 1856 5684 vacaverit,
1880 5605 1985 5671 eidem
2006 5605 2059 5672 Jo-

555 5707 650 5770 hanni
682 5708 904 5773 conferendum
936 5709 1099 5773 donacioni
1131 5709 1304 5790 apostolice
1327 5709 1497 5791 dignemini
1529 5729 1702 5789 reservare,
1733 5729 1803 5775 cum
1833 5712 2054 5793 acceptacioue
