5184 7050
1863 886 1926 954 667

408 1096 534 1165 1248.
555 1096 661 1178 Anna,
686 1084 900 1164 Romanorum
922 1104 952 1163 et
975 1097 1145 1164 Bobmuioe
1167 1097 1287 1179 rapina,
1311 1100 1342 1161 et
1362 1095 1537 1176 Jolronnes,
1562 1063 1662 1162 comes
1685 1096 1723 1162 de
1740 1097 1927 1179 Eypenbam

411 1201 611 1286 applicant,
634 1207 789 1286 quatenus
810 1204 964 1285 mapistro
980 1203 1141 1267 Friderico
1157 1201 1238 1266 dicto
1254 1200 1529 1286 „Sebuarauald“
1547 1202 1593 1285 (t)
1605 1204 1630 1281 ⁸)
1654 1201 1692 1266 de
1707 1203 1826 1279 Lunne,
1844 1200 1928 1265 mili·

409 1306 490 1385 tari,
522 1305 634 1373 clerico
668 1306 921 1388 Osnoburpeasis
951 1305 1094 1387 diocesis,
1123 1305 1162 1370 de
1192 1307 1382 1371 canonicatu
1407 1305 1558 1370 ecclesiae
1585 1306 1845 1372 Monasterieneis
1868 1305 1926 1369 sul

409 1411 629 1493 expectatione
656 1411 859 1494 praebendae
892 1431 930 1476 ac
963 1408 1132 1492 dipnitutis
1161 1409 1208 1474 vel
1231 1409 1443 1474 oboedientiae
1463 1408 1511 1473 vel
1540 1413 1732 1492 personatus
1755 1409 1802 1473 oet
1825 1409 1927 1491 officii

410 1534 486 1577 curu
518 1512 567 1577 vel
599 1515 668 1577 sirie
701 1534 788 1593 curu,
823 1517 920 1580 etiam
953 1517 984 1579 si
1014 1515 1058 1579 acl
1086 1513 1145 1577 illa
1168 1515 1361 1578 consueverit
1383 1514 1453 1594 ouis
1471 1536 1532 1597 per
1554 1513 1731 1578 electionem
1753 1515 1876 1578 assumi
1899 1518 1928 1577 et

411 1617 522 1681 maior
532 1621 607 1700 post
621 1618 830 1702 episcopalem
846 1620 974 1699 existat,
992 1619 1210 1702 provideatur.
1233 1619 1320 1694 ,Fiat
1339 1617 1404 1699 aff)
1421 1669 1428 1683 .
1446 1669 1453 1683 .
1471 1669 1477 1683 .
1495 1669 1502 1683 .
1521 1619 1562 1683 D.
1578 1617 1734 1682 Aninione
1749 1638 1819 1681 nou.
1836 1618 1930 1685 Jrcnii

1092 1745 1122 1787 a.
1146 1730 1246 1788 nouo}

1441 1809 1604 1884 Avinioue,
1627 1811 1714 1874 1350
1736 1809 1830 1876 Junii
1852 1812 1882 1871 ri.

523 1978 670 2033 Clementis
696 1979 734 2033 VI
759 1979 784 2033 S.
810 1981 875 2047 lel
904 1986 960 2053 (ab)
984 1985 1006 2036 l.
1032 1990 1072 2036 ta.
1099 2013 1132 2021 -
1159 1983 1182 2048 ¹¹)
1202 1982 1393 2050 ,Sivarternalt‘
1412 1981 1438 2035 S.
1470 2012 1497 2025 -·
1530 1984 1548 2049 ¹)
1576 1981 1684 2035 litteras
1712 1980 1756 2035 ud.
1785 1981 1929 2048 Avinioue,

420 2071 488 2118 1850
507 2066 574 2119 Julii
595 2073 619 2133 2,
639 2067 771 2127 videaub
790 2084 862 2121 num.
884 2075 958 2123 labb.

1073 2247 1280 2258 ..-

419 2479 541 2544 1249.
566 2476 738 2557 Praperrsis
759 2482 789 2541 et
812 2467 1083 2559 l'pssepraclcneis¹
1097 2479 1225 2545 meanis
1249 2500 1287 2544 ac
1310 2480 1467 2544 sacristae
1482 2478 1703 2543 Aoirrionensis
1725 2476 1929 2543 ecelesiarum

417 2581 755 2660 numdatur,atcirca
772 2580 1071 2661 Mantuanorum
1091 2583 1248 2665 quondam
1274 2583 1438 2648 Tilmonni
1454 2582 1607 2666 panificia
1630 2582 1708 2646 dicti
1730 2580 1844 2658 Donet,
1867 2600 1930 2644 mo-

417 2683 556 2749 nachum
578 2685 765 2749 monosterii
793 2689 925 2750 sanctae
947 2687 1084 2775 Mariae,
1110 2687 1215 2751 vocati
1239 2686 1328 2768 Plas,
1355 2686 1571 2754 Cisterciensis
1602 2686 1732 2765 ordinis,
1757 2686 1930 2767 Propensis

417 2789 560 2868 diocesis,
583 2787 716 2852 latorem
734 2789 963 2873 praesentium,
986 2791 1042 2873 aui
1057 2780 1104 2855 'ab
1127 2791 1236 2855 ordine
1256 2811 1313 2855 suo
1337 2791 1532 2876 apostatavit
1561 2794 1591 2855 et
1616 2813 1677 2874 per
1705 2789 1866 2855 saeculum
1896 2791 1930 2853 in

416 2892 531 2956 babitu
560 2891 666 2956 clerici
695 2892 873 2958 saecularis
894 2896 1023 2958 *tuccessit
1045 2899 1075 2958 et
1098 2894 1201 2959 adbuc
1222 2896 1385 2976 ecopaudo
1407 2895 1534 2975 incedit,
1557 2895 1806 2960 corstitutionum
1829 2896 1930 2958 Bene-

417 2996 497 3061 dicti
525 3017 635 3080 papae
658 2998 731 3061 XII
755 2997 793 3062 de
820 2999 977 3081 apostatis
1000 2998 1160 3064 observari
1175 2999 1317 3079 saciant.
1364 3001 1416 3078 ‚D.
1440 2999 1596 3063 Auirrione
1617 3000 1696 3063 IIII
1711 2999 1754 3062 id.
1778 2998 1873 3064 Juuii
1897 3018 1926 3062 a.

908 3110 1008 3169 noua‘
1054 3106 1171 3168 Forma
1191 3104 1284 3167 utin
1307 3125 1336 3168 u.
1361 3106 1434 3169 891.

463 3206 574 3271 Gratis
598 3224 654 3288 pro
678 3205 747 3270 (leo.
1422 3208 1584 3284 Acinione,
1608 3210 1696 3273 1350
1717 3208 1811 3270 Junii
1833 3211 1887 3273 10.

526 3377 676 3431 Clementis
694 3376 730 3430 Vl
749 3380 782 3431 Α.
802 3378 870 3449 lXsa
888 3384 962 3447 (113)
982 3381 999 3434 i.
1020 3386 1061 3433 ιη’
1082 3397 1107 3436 n.
1132 3388 1187 3449 106,
1207 3382 1376 3435 ‹livorem-unu
1396 3381 1544 3434 formarum
1564 3397 1607 3448 qu.
1622 3388 1645 3445 a,
1659 3381 1768 3434 rubrica
1781 3380 1842 3434 sola
1855 3383 1930 3448 (urra-

419 3474 518 3519 ternus
538 3463 657 3533 delicit„
675 3463 785 3518 litterae
805 3465 833 3517 iu
853 3467 884 3521 V.
904 3474 954 3521 ‘203
974 3469 992 3521 f.
1011 3471 1053 3523 34'
1074 3486 1099 3523 u.
1121 3475 1177 3523 lOb.

420 3899 543 3968 1250.
565 3898 719 3964 Alienord
742 3901 780 3965 de
804 3901 954 3968 Convenis
975 3902 1145 3986 supplicat,
1176 3906 1212 3965 ut
1237 3900 1407 3982 familiari
1439 3918 1495 3964 suo
1528 3899 1673 3966 Jobanni
1702 3897 1872 3964 Rembaim
1895 3898 1933 3962 de

563 4005 679 4072 Crasso
701 4006 739 4071 dc
756 4005 958 4089 parrochiali
979 4006 1114 4071 ecclesia
1133 4007 1170 4071 in
1192 4004 1414 4088 Rurlperioillo
1434 4009 1568 4070 vacante
1584 4003 1803 4088 provideatur.

1428 4162 1590 4241 Acinione,
1613 4165 1701 4228 1350
1722 4162 1817 4230 Junii
1843 4165 1890 4228 12.

530 4321 694 4405 Supplicat
716 4322 748 4388 S.
771 4321 809 4386 V.
834 4322 947 4387 devota
970 4327 1117 4388 creatura
1139 4327 1247 4388 vestra
1269 4321 1421 4387 Alienorcl
1446 4321 1485 4385 tle
1509 4320 1678 4398 Conueuis,
1695 4324 1854 4401 quatenns
1873 4319 1933 4384 sibi

422 4425 457 4491 in
482 4444 649 4507 personam
671 4425 838 4491 familiaris
861 4428 910 4492 sui
933 4426 1089 4492 iohannis
1108 4426 1281 4492 Reuchzini
1298 4426 1337 4490 cle
1358 4425 1484 4505 Cressa,
1499 4425 1773 4491 Wratislauieusis
1790 4424 1935 4501 (licensis,

424 4531 565 4613 graciam
599 4531 770 4612 specialem
804 4532 969 4612 iacientes,
1004 4533 1044 4597 ‹le
1078 4531 1268 4615 parrochiali
1306 4531 1442 4597 ecclesia
1479 4532 1510 4595 in
1549 4532 1688 4614 Rudgeri
1725 4530 1811 4608 villa,
1846 4530 1936 4594 cuius

423 4636 559 4715 fructus,
583 4636 726 4700 redditus
750 4642 783 4700 et
806 4643 979 4719 proventus
1003 4638 1033 4701 iu
1058 4638 1207 4703 absencia
1230 4655 1383 4701 sumniam
1398 4638 1648 4719 vigintiquatuor
1662 4635 1852 4700 florenorum
1873 4652 1934 4698 nou

423 4740 594 4819 excedunt,
618 4740 703 4806 dicte
726 4740 871 4820 diocesis,
894 4749 1028 4808 vacante
1051 4760 1109 4824 per
1130 4749 1264 4807 mortem
1287 4740 1410 4807 Nicolai
1435 4740 1935 4822 diotiPlessel,quiiuRo1nana

375 4907 377 4915 .
423 4846 516 4910 curia
538 4845 622 4910 diem
645 4864 736 4911 suurn
761 4846 876 4912 clausit
898 4852 1083 4927 extremum,
1107 4848 1211 4912 eidem
1233 4847 1373 4913 iohanni
1397 4847 1568 4930 dignemini
1592 4866 1662 4911 curn
1693 4845 1838 4911 omnibus
1868 4846 1935 4909 saris

422 4952 549 5015 iuribus
572 4956 605 5015 et
627 4953 831 5035 pertinenciis
854 4954 1030 5034 providere,
1055 4972 1124 5017 curn
1147 4953 1291 5018 omnibus
1314 4972 1375 5017 uon
1399 4953 1600 5018 obstantibus
1624 4958 1656 5016 et
1676 4950 1825 5017 clausulis
1842 4969 1936 5032 opor-

422 5057 513 5122 tunis
536 5075 573 5121 ac
596 5059 829 5137 executoribus,
853 5059 944 5125 utin
967 5057 1076 5137 forma,
1100 5064 1133 5121 ct
1155 5057 1230 5123 licet
1253 5058 1387 5138 dicatur,
1412 5058 1495 5141 quod
1519 5058 1698 5123 ordinarius
1717 5056 1778 5121 loci
1795 5056 1834 5119 de
1851 5053 1936 5119 elicto

422 5160 581 5227 beneficio
605 5161 739 5244 alium·)
761 5164 971 5229 investiverit.

533 5284 606 5352 Fiat
628 5288 664 5352 R.
709 5290 752 5389 Et
775 5307 800 5353 s,
823 5307 852 5352 a.
875 5288 895 5352 l.
942 5288 1014 5353 Fiat
1039 5288 1074 5352 u.
1123 5290 1159 5354 b.
1182 5290 1340 5354 Auiuioue
1364 5288 1396 5354 ΙΙ
1420 5288 1461 5352 iu.
1485 5288 1573 5352 lunii
1596 5308 1624 5352 a.
1649 5306 1740 5351 riorus.

534 5478 682 5534 Clementis
702 5479 784 5535 VIS.
805 5480 868 5549 1le
893 5485 949 5546 (ub)
967 5480 987 5533 i.
1007 5485 1047 5533 50.
1068 5510 1100 5519 -
1128 5480 1150 5546 a)
1170 5494 1239 5532 corr.
1259 5494 1293 5531 ex
1312 5477 1394 5544 ,oliru‘
1412 5477 1437 5530 S.

1082 5736 1287 5747 n—-n--n
