<?xml version="1.0" encoding="UTF-8"?>
<!DOCTYPE html PUBLIC "-//W3C//DTD XHTML 1.0 Transitional//EN"
    "http://www.w3.org/TR/xhtml1/DTD/xhtml1-transitional.dtd">
<html xmlns="http://www.w3.org/1999/xhtml" xml:lang="en" lang="en">
 <head>
  <title>
</title>
<meta http-equiv="Content-Type" content="text/html;charset=utf-8" />
  <meta name='ocr-system' content='tesseract 3.04.00' />
  <meta name='ocr-capabilities' content='ocr_page ocr_carea ocr_par ocr_line ocrx_word'/>
</head>
<body>
  <div class='ocr_page' id='page_1' title='image "./monumentavatica01vatigoog_0653.png"; bbox 0 0 5184 7050; ppageno 0'>
   <div class='ocr_carea' id='block_1_1' title="bbox 1990 839 2052 905">
    <p class='ocr_par' dir='ltr' id='par_1_1' title="bbox 1990 839 2052 905">
     <span class='ocr_line' id='line_1_1' title="bbox 1990 839 2052 905; baseline -0.016 0"><span class='ocrx_word' id='word_1_1' title='bbox 1990 839 2052 905; x_wconf 80' lang='lat'><strong><em>631</em></strong></span> 
     </span>
    </p>
   </div>
   <div class='ocr_carea' id='block_1_2' title="bbox 544 1036 2057 1368">
    <p class='ocr_par' dir='ltr' id='par_1_2' title="bbox 544 1036 2057 1368">
     <span class='ocr_line' id='line_1_2' title="bbox 544 1036 2055 1124; baseline 0.003 -19"><span class='ocrx_word' id='word_1_2' title='bbox 544 1040 666 1106; x_wconf 76' lang='lat'><strong><em>1154.</em></strong></span> <span class='ocrx_word' id='word_1_3' title='bbox 697 1039 738 1102; x_wconf 89' lang='lat' dir='ltr'><strong><em>N.</em></strong></span> <span class='ocrx_word' id='word_1_4' title='bbox 762 1061 790 1103; x_wconf 87' lang='lat' dir='ltr'><strong><em>o.</em></strong></span> <span class='ocrx_word' id='word_1_5' title='bbox 823 1036 980 1104; x_wconf 66' lang='lat' dir='ltr'><strong><em>stactem·</em></strong></span> <span class='ocrx_word' id='word_1_6' title='bbox 1010 1039 1048 1103; x_wconf 88' lang='lat' dir='ltr'><strong><em>de</em></strong></span> <span class='ocrx_word' id='word_1_7' title='bbox 1081 1040 1283 1123; x_wconf 82' lang='lat' dir='ltr'><strong><em>Tuntcbod,·)</em></strong></span> <span class='ocrx_word' id='word_1_8' title='bbox 1315 1040 1481 1121; x_wconf 78' lang='lat' dir='ltr'><strong><em>ormipero,</em></strong></span> <span class='ocrx_word' id='word_1_9' title='bbox 1505 1046 1535 1105; x_wconf 88' lang='lat' dir='ltr'><strong><em>et</em></strong></span> <span class='ocrx_word' id='word_1_10' title='bbox 1558 1064 1586 1108; x_wconf 91' lang='lat' dir='ltr'><strong><em>n.</em></strong></span> <span class='ocrx_word' id='word_1_11' title='bbox 1610 1063 1650 1107; x_wconf 92' lang='lat' dir='ltr'><strong><em>m.</em></strong></span> <span class='ocrx_word' id='word_1_12' title='bbox 1676 1040 1840 1120; x_wconf 78' lang='lat' dir='ltr'><strong><em>Actletbae,</em></strong></span> <span class='ocrx_word' id='word_1_13' title='bbox 1863 1043 1931 1107; x_wconf 85' lang='lat' dir='ltr'><strong><em>eius</em></strong></span> <span class='ocrx_word' id='word_1_14' title='bbox 1953 1046 2055 1124; x_wconf 73' lang='lat' dir='ltr'><strong><em>uxori,</em></strong></span> 
     </span>
     <span class='ocr_line' id='line_1_3' title="bbox 546 1143 2057 1227; baseline 0.006 -21"><span class='ocrx_word' id='word_1_15' title='bbox 546 1143 721 1223; x_wconf 73' lang='lat' dir='ltr'><strong><em>Ibapensr&#39;s</em></strong></span> <span class='ocrx_word' id='word_1_16' title='bbox 751 1143 891 1218; x_wconf 79' lang='lat' dir='ltr'><strong><em>diocesis,</em></strong></span> <span class='ocrx_word' id='word_1_17' title='bbox 923 1145 1100 1207; x_wconf 71' lang='lat' dir='ltr'><strong><em>conceditur</em></strong></span> <span class='ocrx_word' id='word_1_18' title='bbox 1130 1144 1284 1209; x_wconf 86' lang='lat' dir='ltr'><strong><em>absolutio</em></strong></span> <span class='ocrx_word' id='word_1_19' title='bbox 1312 1145 1411 1227; x_wconf 84' lang='lat' dir='ltr'><strong><em>plenu</em></strong></span> <span class='ocrx_word' id='word_1_20' title='bbox 1443 1147 1478 1209; x_wconf 86' lang='lat' dir='ltr'><strong><em>iu</em></strong></span> <span class='ocrx_word' id='word_1_21' title='bbox 1500 1147 1610 1211; x_wconf 82' lang='lat' dir='ltr'><strong><em>mortis</em></strong></span> <span class='ocrx_word' id='word_1_22' title='bbox 1633 1146 1778 1211; x_wconf 80' lang='lat' dir='ltr'><strong><em>articulo.</em></strong></span> <span class='ocrx_word' id='word_1_23' title='bbox 1824 1149 1876 1226; x_wconf 88' lang='lat' dir='ltr'><strong><em>,D.</em></strong></span> <span class='ocrx_word' id='word_1_24' title='bbox 1901 1148 2057 1215; x_wconf 81' lang='lat' dir='ltr'><strong><em>Auirnonc</em></strong></span> 
     </span>
     <span class='ocr_line' id='line_1_4' title="bbox 597 1247 1803 1368; baseline 0.004 -57"><span class='ocrx_word' id='word_1_25' title='bbox 597 1289 634 1368; x_wconf 49' lang='grc' dir='ltr'>ἶ</span> <span class='ocrx_word' id='word_1_26' title='bbox 808 1250 885 1313; x_wconf 86' lang='lat' dir='ltr'><em>IIII</em></span> <span class='ocrx_word' id='word_1_27' title='bbox 903 1270 973 1312; x_wconf 77' lang='lat' dir='ltr'><strong><em>nore.</em></strong></span> <span class='ocrx_word' id='word_1_28' title='bbox 997 1247 1189 1330; x_wconf 77' lang='lat' dir='ltr'><strong><em>Septembris</em></strong></span> <span class='ocrx_word' id='word_1_29' title='bbox 1212 1271 1242 1313; x_wconf 91' lang='lat' dir='ltr'><strong><em>o.</em></strong></span> <span class='ocrx_word' id='word_1_30' title='bbox 1266 1253 1397 1314; x_wconf 88' lang='lat' dir='ltr'><strong><em>octoo0.‘</em></strong></span> <span class='ocrx_word' id='word_1_31' title='bbox 1442 1251 1559 1316; x_wconf 84' lang='lat' dir='ltr'><strong><em>Formo</em></strong></span> <span class='ocrx_word' id='word_1_32' title='bbox 1582 1255 1618 1315; x_wconf 88' lang='lat' dir='ltr'><strong><em>ut</em></strong></span> <span class='ocrx_word' id='word_1_33' title='bbox 1641 1252 1674 1316; x_wconf 89' lang='lat' dir='ltr'><strong><em>in</em></strong></span> <span class='ocrx_word' id='word_1_34' title='bbox 1696 1274 1726 1318; x_wconf 89' lang='lat' dir='ltr'><strong><em>n.</em></strong></span> <span class='ocrx_word' id='word_1_35' title='bbox 1750 1253 1803 1316; x_wconf 89' lang='lat'><strong><em>65.</em></strong></span> 
     </span>
    </p>
   </div>
   <div class='ocr_carea' id='block_1_3' title="bbox 591 1384 2012 1472">
    <p class='ocr_par' dir='ltr' id='par_1_3' title="bbox 591 1384 2012 1472">
     <span class='ocr_line' id='line_1_5' title="bbox 591 1384 2012 1472; baseline 0.014 -37"><span class='ocrx_word' id='word_1_36' title='bbox 591 1384 650 1436; x_wconf 84' lang='lat' dir='ltr'><strong><em>.x.</em></strong></span> <span class='ocrx_word' id='word_1_37' title='bbox 1473 1385 1635 1463; x_wconf 82' lang='lat' dir='ltr'><strong><em>Aninione,</em></strong></span> <span class='ocrx_word' id='word_1_38' title='bbox 1659 1390 1746 1453; x_wconf 84' lang='lat'><strong><em>1349</em></strong></span> <span class='ocrx_word' id='word_1_39' title='bbox 1767 1388 1958 1472; x_wconf 70' lang='lat' dir='ltr'><strong><em>Septembris</em></strong></span> <span class='ocrx_word' id='word_1_40' title='bbox 1980 1394 2012 1455; x_wconf 84' lang='lat'><strong><em>2.</em></strong></span> 
     </span>
    </p>
   </div>
   <div class='ocr_carea' id='block_1_4' title="bbox 545 1521 2132 1676">
    <p class='ocr_par' dir='ltr' id='par_1_4' title="bbox 545 1521 2132 1676">
     <span class='ocr_line' id='line_1_6' title="bbox 652 1521 2132 1598; baseline 0.007 -28"><span class='ocrx_word' id='word_1_41' title='bbox 652 1521 799 1576; x_wconf 83' lang='lat' dir='ltr'><strong><em>Clementis</em></strong></span> <span class='ocrx_word' id='word_1_42' title='bbox 819 1521 856 1575; x_wconf 86' lang='lat' dir='ltr'><strong><em>vl</em></strong></span> <span class='ocrx_word' id='word_1_43' title='bbox 875 1524 907 1576; x_wconf 85' lang='grc' dir='ltr'><strong><em>Α.</em></strong></span> <span class='ocrx_word' id='word_1_44' title='bbox 927 1522 1017 1593; x_wconf 70' lang='lat' dir='ltr'><strong><em>Vllltt</em></strong></span> <span class='ocrx_word' id='word_1_45' title='bbox 1041 1525 1114 1591; x_wconf 74' lang='lat'>(105)</span> <span class='ocrx_word' id='word_1_46' title='bbox 1134 1523 1153 1575; x_wconf 81' lang='lat' dir='ltr'><strong><em>f.</em></strong></span> <span class='ocrx_word' id='word_1_47' title='bbox 1172 1528 1231 1589; x_wconf 77' lang='grc'><strong>468,</strong></span> <span class='ocrx_word' id='word_1_48' title='bbox 1260 1522 1294 1576; x_wconf 84' lang='lat' dir='ltr'><strong><em>dc</em></strong></span> <span class='ocrx_word' id='word_1_49' title='bbox 1322 1522 1496 1578; x_wconf 86' lang='lat' dir='ltr'><strong><em>absolutione</em></strong></span> <span class='ocrx_word' id='word_1_50' title='bbox 1524 1541 1568 1592; x_wconf 87' lang='lat' dir='ltr'><strong><em>qu.</em></strong></span> <span class='ocrx_word' id='word_1_51' title='bbox 1594 1525 1763 1579; x_wconf 74' lang='lat' dir='ltr'><strong><em>1:V.1as</em></strong></span> <span class='ocrx_word' id='word_1_52' title='bbox 1790 1525 1808 1578; x_wconf 86' lang='lat' dir='ltr'><strong><em>f.</em></strong></span> <span class='ocrx_word' id='word_1_53' title='bbox 1837 1532 1896 1593; x_wconf 83' lang='lat'><strong><em>310,</em></strong></span> <span class='ocrx_word' id='word_1_54' title='bbox 1916 1527 1975 1581; x_wconf 86' lang='lat' dir='ltr'><strong><em>siue</em></strong></span> <span class='ocrx_word' id='word_1_55' title='bbox 2003 1542 2055 1580; x_wconf 90' lang='lat' dir='ltr'><strong><em>nu·</em></strong></span> <span class='ocrx_word' id='word_1_56' title='bbox 2129 1594 2132 1598; x_wconf 14' lang='grc' dir='ltr'><strong>Α</strong></span> 
     </span>
     <span class='ocr_line' id='line_1_7' title="bbox 545 1608 1234 1676; baseline 0.004 -16"><span class='ocrx_word' id='word_1_57' title='bbox 545 1624 631 1661; x_wconf 88' lang='lat' dir='ltr'><strong><em>mero.</em></strong></span> <span class='ocrx_word' id='word_1_58' title='bbox 651 1639 684 1646; x_wconf 93' lang='lat'>—</span> <span class='ocrx_word' id='word_1_59' title='bbox 712 1608 921 1676; x_wconf 76' lang='lat' dir='ltr'><strong><em>·)‚W1atnuoni</em></strong></span> <span class='ocrx_word' id='word_1_60' title='bbox 942 1609 975 1663; x_wconf 91' lang='lat' dir='ltr'><strong><em>de</em></strong></span> <span class='ocrx_word' id='word_1_61' title='bbox 994 1609 1182 1664; x_wconf 85' lang='lat' dir='ltr'><strong><em>Thumechod‘</em></strong></span> <span class='ocrx_word' id='word_1_62' title='bbox 1200 1611 1234 1663; x_wconf 81' lang='lat' dir='ltr'><strong><em>A.</em></strong></span> 
     </span>
    </p>
   </div>
   <div class='ocr_carea' id='block_1_5' title="bbox 544 2026 2057 2530">
    <p class='ocr_par' dir='ltr' id='par_1_5' title="bbox 548 2026 2055 2111">
     <span class='ocr_line' id='line_1_8' title="bbox 548 2026 2055 2111; baseline 0.001 -20"><span class='ocrx_word' id='word_1_63' title='bbox 548 2027 671 2094; x_wconf 75' lang='lat'><strong><em>1155.</em></strong></span> <span class='ocrx_word' id='word_1_64' title='bbox 698 2026 879 2105; x_wconf 81' lang='lat' dir='ltr'><strong><em>(btberino,</em></strong></span> <span class='ocrx_word' id='word_1_65' title='bbox 895 2028 1024 2092; x_wconf 77' lang='lat' dir='ltr'><strong><em>‹lomiroa</em></strong></span> <span class='ocrx_word' id='word_1_66' title='bbox 1046 2028 1084 2092; x_wconf 87' lang='lat' dir='ltr'><strong><em>de</em></strong></span> <span class='ocrx_word' id='word_1_67' title='bbox 1105 2027 1216 2109; x_wconf 72' lang='lat' dir='ltr'><strong><em>comp,</em></strong></span> <span class='ocrx_word' id='word_1_68' title='bbox 1233 2027 1403 2111; x_wconf 89' lang='lat' dir='ltr'><strong><em>supplicat,</em></strong></span> <span class='ocrx_word' id='word_1_69' title='bbox 1415 2031 1570 2110; x_wconf 81' lang='lat' dir='ltr'><strong><em>quotenus</em></strong></span> <span class='ocrx_word' id='word_1_70' title='bbox 1590 2029 1725 2094; x_wconf 85' lang='lat' dir='ltr'><strong><em>Henrico</em></strong></span> <span class='ocrx_word' id='word_1_71' title='bbox 1740 2030 1778 2094; x_wconf 86' lang='lat' dir='ltr'><strong><em>dc</em></strong></span> <span class='ocrx_word' id='word_1_72' title='bbox 1793 2029 1896 2095; x_wconf 83' lang='lat' dir='ltr'><strong><em>Sittcn</em></strong></span> <span class='ocrx_word' id='word_1_73' title='bbox 1911 2031 1948 2094; x_wconf 84' lang='lat' dir='ltr'><strong><em>de</em></strong></span> <span class='ocrx_word' id='word_1_74' title='bbox 1962 2050 2055 2096; x_wconf 90' lang='lat' dir='ltr'><strong><em>cano-</em></strong></span> 
     </span>
    </p>

    <p class='ocr_par' dir='ltr' id='par_1_6' title="bbox 544 2132 2056 2215">
     <span class='ocr_line' id='line_1_9' title="bbox 544 2132 2056 2215; baseline 0.003 -21"><span class='ocrx_word' id='word_1_75' title='bbox 544 2133 655 2194; x_wconf 86' lang='lat' dir='ltr'><strong><em>nicatu</em></strong></span> <span class='ocrx_word' id='word_1_76' title='bbox 677 2132 826 2196; x_wconf 84' lang='lat' dir='ltr'><strong><em>ecclesiae</em></strong></span> <span class='ocrx_word' id='word_1_77' title='bbox 857 2133 1114 2197; x_wconf 69' lang='lat' dir='ltr'><strong><em>lbotistoricnsis</em></strong></span> <span class='ocrx_word' id='word_1_78' title='bbox 1140 2133 1197 2197; x_wconf 84' lang='lat' dir='ltr'><strong><em>sub</em></strong></span> <span class='ocrx_word' id='word_1_79' title='bbox 1220 2132 1434 2215; x_wconf 68' lang='lat' dir='ltr'><strong><em>expectatione</em></strong></span> <span class='ocrx_word' id='word_1_80' title='bbox 1458 2133 1659 2214; x_wconf 74' lang='lat' dir='ltr'><strong><em>praebendae</em></strong></span> <span class='ocrx_word' id='word_1_81' title='bbox 1681 2138 1711 2198; x_wconf 85' lang='lat' dir='ltr'><strong><em>et</em></strong></span> <span class='ocrx_word' id='word_1_82' title='bbox 1734 2135 1867 2200; x_wconf 85' lang='lat' dir='ltr'><strong><em>Nicobao</em></strong></span> <span class='ocrx_word' id='word_1_83' title='bbox 1898 2135 2056 2200; x_wconf 69' lang='lat' dir='ltr'><strong><em>Fliedlini</em></strong></span> 
     </span>
    </p>

    <p class='ocr_par' dir='ltr' id='par_1_7' title="bbox 546 2235 2056 2318">
     <span class='ocr_line' id='line_1_10' title="bbox 546 2235 2056 2318; baseline 0.005 -21"><span class='ocrx_word' id='word_1_84' title='bbox 546 2235 586 2297; x_wconf 89' lang='lat' dir='ltr'><strong><em>de</em></strong></span> <span class='ocrx_word' id='word_1_85' title='bbox 610 2238 747 2299; x_wconf 79' lang='lat' dir='ltr'><strong><em>Brenno</em></strong></span> <span class='ocrx_word' id='word_1_86' title='bbox 770 2237 808 2298; x_wconf 90' lang='lat' dir='ltr'><strong><em>dc</em></strong></span> <span class='ocrx_word' id='word_1_87' title='bbox 829 2236 973 2318; x_wconf 80' lang='lat' dir='ltr'><strong><em>beneficio</em></strong></span> <span class='ocrx_word' id='word_1_88' title='bbox 995 2258 1065 2300; x_wconf 79' lang='lat' dir='ltr'><strong><em>cunr</em></strong></span> <span class='ocrx_word' id='word_1_89' title='bbox 1087 2238 1135 2300; x_wconf 89' lang='lat' dir='ltr'><strong><em>oet</em></strong></span> <span class='ocrx_word' id='word_1_90' title='bbox 1157 2237 1226 2302; x_wconf 87' lang='lat' dir='ltr'><strong><em>sine</em></strong></span> <span class='ocrx_word' id='word_1_91' title='bbox 1248 2258 1336 2316; x_wconf 90' lang='lat' dir='ltr'><strong><em>curo,</em></strong></span> <span class='ocrx_word' id='word_1_92' title='bbox 1365 2241 1498 2301; x_wconf 85' lang='lat' dir='ltr'><strong><em>coeunte</em></strong></span> <span class='ocrx_word' id='word_1_93' title='bbox 1528 2237 1575 2300; x_wconf 90' lang='lat' dir='ltr'><strong><em>oel</em></strong></span> <span class='ocrx_word' id='word_1_94' title='bbox 1604 2243 1764 2317; x_wconf 81' lang='lat' dir='ltr'><strong><em>vacaturo,</em></strong></span> <span class='ocrx_word' id='word_1_95' title='bbox 1793 2241 1836 2303; x_wconf 86' lang='lat' dir='ltr'><strong><em>od</em></strong></span> <span class='ocrx_word' id='word_1_96' title='bbox 1858 2239 2056 2304; x_wconf 79' lang='lat' dir='ltr'><strong><em>collationem</em></strong></span> 
     </span>
    </p>

    <p class='ocr_par' dir='ltr' id='par_1_8' title="bbox 545 2339 2057 2530">
     <span class='ocr_line' id='line_1_11' title="bbox 545 2339 2057 2424; baseline 0.003 -22"><span class='ocrx_word' id='word_1_97' title='bbox 545 2339 784 2404; x_wconf 76' lang='lat' dir='ltr'><strong><em>abbatissarum</em></strong></span> <span class='ocrx_word' id='word_1_98' title='bbox 807 2344 837 2404; x_wconf 87' lang='lat' dir='ltr'><strong><em>et</em></strong></span> <span class='ocrx_word' id='word_1_99' title='bbox 859 2345 1062 2405; x_wconf 72' lang='lat' dir='ltr'><strong><em>concentuum</em></strong></span> <span class='ocrx_word' id='word_1_100' title='bbox 1086 2341 1120 2405; x_wconf 88' lang='lat' dir='ltr'><strong><em>in</em></strong></span> <span class='ocrx_word' id='word_1_101' title='bbox 1146 2342 1306 2406; x_wconf 73' lang='lat' dir='ltr'><strong><em>‘ltsnodcz</em></strong></span> <span class='ocrx_word' id='word_1_102' title='bbox 1337 2345 1367 2405; x_wconf 85' lang='lat' dir='ltr'><strong><em>et</em></strong></span> <span class='ocrx_word' id='word_1_103' title='bbox 1395 2341 1499 2406; x_wconf 87' lang='lat' dir='ltr'><strong><em>Auloe</em></strong></span> <span class='ocrx_word' id='word_1_104' title='bbox 1529 2345 1661 2407; x_wconf 87' lang='lat' dir='ltr'><strong><em>sanctae</em></strong></span> <span class='ocrx_word' id='word_1_105' title='bbox 1693 2342 1822 2406; x_wconf 79' lang='lat' dir='ltr'><strong><em>Mariae</em></strong></span> <span class='ocrx_word' id='word_1_106' title='bbox 1851 2343 1886 2406; x_wconf 80' lang='lat' dir='ltr'><strong><em>in</em></strong></span> <span class='ocrx_word' id='word_1_107' title='bbox 1911 2342 2057 2424; x_wconf 80' lang='lat' dir='ltr'><strong><em>Antiqua</em></strong></span> 
     </span>
     <span class='ocr_line' id='line_1_12' title="bbox 1115 2445 1491 2530; baseline 0 -21"><span class='ocrx_word' id='word_1_108' title='bbox 1115 2448 1251 2512; x_wconf 85' lang='lat' dir='ltr'><strong><em>Brunno</em></strong></span> <span class='ocrx_word' id='word_1_109' title='bbox 1273 2445 1491 2530; x_wconf 82' lang='lat' dir='ltr'><strong><em>provideatur.</em></strong></span> 
     </span>
    </p>
   </div>
   <div class='ocr_carea' id='block_1_6' title="bbox 1470 2566 2011 2652">
    <p class='ocr_par' dir='ltr' id='par_1_9' title="bbox 1470 2566 2011 2652">
     <span class='ocr_line' id='line_1_13' title="bbox 1470 2566 2011 2652; baseline 0.006 -21"><span class='ocrx_word' id='word_1_110' title='bbox 1470 2566 1633 2644; x_wconf 81' lang='lat' dir='ltr'><strong><em>Aoinione,</em></strong></span> <span class='ocrx_word' id='word_1_111' title='bbox 1657 2570 1744 2633; x_wconf 76' lang='lat'><em>1349</em></span> <span class='ocrx_word' id='word_1_112' title='bbox 1767 2567 1959 2652; x_wconf 76' lang='lat' dir='ltr'><strong><em>Septembris</em></strong></span> <span class='ocrx_word' id='word_1_113' title='bbox 1980 2574 2011 2636; x_wconf 87' lang='lat'><strong><em>2.</em></strong></span> 
     </span>
    </p>
   </div>
   <div class='ocr_carea' id='block_1_7' title="bbox 542 2723 2056 5203">
    <p class='ocr_par' dir='ltr' id='par_1_10' title="bbox 542 2723 2056 3744">
     <span class='ocr_line' id='line_1_14' title="bbox 649 2723 2054 2807; baseline 0.002 -20"><span class='ocrx_word' id='word_1_114' title='bbox 649 2723 815 2806; x_wconf 85' lang='lat' dir='ltr'><strong><em>Supplieat</em></strong></span> <span class='ocrx_word' id='word_1_115' title='bbox 829 2725 860 2791; x_wconf 88' lang='lat' dir='ltr'><strong><em>S.</em></strong></span> <span class='ocrx_word' id='word_1_116' title='bbox 879 2725 913 2789; x_wconf 93' lang='lat' dir='ltr'><strong><em>V.</em></strong></span> <span class='ocrx_word' id='word_1_117' title='bbox 932 2727 1046 2791; x_wconf 80' lang='lat' dir='ltr'><strong><em>devota</em></strong></span> <span class='ocrx_word' id='word_1_118' title='bbox 1068 2725 1134 2790; x_wconf 89' lang='lat' dir='ltr'><strong><em>filia</em></strong></span> <span class='ocrx_word' id='word_1_119' title='bbox 1156 2730 1265 2788; x_wconf 88' lang='lat' dir='ltr'><strong><em>vestra</em></strong></span> <span class='ocrx_word' id='word_1_120' title='bbox 1280 2724 1466 2802; x_wconf 87' lang='lat' dir='ltr'><strong><em>Katherinn,</em></strong></span> <span class='ocrx_word' id='word_1_121' title='bbox 1484 2725 1610 2789; x_wconf 73' lang='lat' dir='ltr'><strong><em>dorsuna</em></strong></span> <span class='ocrx_word' id='word_1_122' title='bbox 1625 2724 1665 2788; x_wconf 90' lang='lat' dir='ltr'><strong><em>de</em></strong></span> <span class='ocrx_word' id='word_1_123' title='bbox 1682 2724 1798 2805; x_wconf 89' lang='lat' dir='ltr'><strong><em>Couey,</em></strong></span> <span class='ocrx_word' id='word_1_124' title='bbox 1823 2725 1913 2788; x_wconf 91' lang='lat' dir='ltr'><strong><em>cuius</em></strong></span> <span class='ocrx_word' id='word_1_125' title='bbox 1929 2725 2054 2807; x_wconf 81' lang='lat' dir='ltr'><strong><em>nuptiis</em></strong></span> 
     </span>
     <span class='ocr_line' id='line_1_15' title="bbox 542 2826 2056 2911; baseline 0.003 -21"><span class='ocrx_word' id='word_1_126' title='bbox 542 2826 626 2890; x_wconf 90' lang='lat' dir='ltr'><strong><em>alias</em></strong></span> <span class='ocrx_word' id='word_1_127' title='bbox 650 2830 746 2893; x_wconf 86' lang='lat' dir='ltr'><strong><em>vestri</em></strong></span> <span class='ocrx_word' id='word_1_128' title='bbox 763 2830 869 2911; x_wconf 82' lang='lat' dir='ltr'><strong><em>gracia</em></strong></span> <span class='ocrx_word' id='word_1_129' title='bbox 889 2829 920 2892; x_wconf 93' lang='lat' dir='ltr'><strong><em>in</em></strong></span> <span class='ocrx_word' id='word_1_130' title='bbox 937 2830 1025 2894; x_wconf 82' lang='lat' dir='ltr'><strong><em>curia</em></strong></span> <span class='ocrx_word' id='word_1_131' title='bbox 1049 2830 1165 2894; x_wconf 91' lang='lat' dir='ltr'><strong><em>domini</em></strong></span> <span class='ocrx_word' id='word_1_132' title='bbox 1189 2829 1274 2910; x_wconf 88' lang='lat' dir='ltr'><strong><em>regis</em></strong></span> <span class='ocrx_word' id='word_1_133' title='bbox 1297 2827 1491 2892; x_wconf 84' lang='lat' dir='ltr'><strong><em>Francorum</em></strong></span> <span class='ocrx_word' id='word_1_134' title='bbox 1516 2829 1656 2892; x_wconf 89' lang='lat' dir='ltr'><strong><em>Parisius</em></strong></span> <span class='ocrx_word' id='word_1_135' title='bbox 1679 2827 1879 2907; x_wconf 80' lang='lat' dir='ltr'><strong><em>interfuistis,</em></strong></span> <span class='ocrx_word' id='word_1_136' title='bbox 1895 2835 2056 2910; x_wconf 87' lang='lat' dir='ltr'><strong><em>quatenus</em></strong></span> 
     </span>
     <span class='ocr_line' id='line_1_16' title="bbox 542 2931 2054 3014; baseline 0.004 -20"><span class='ocrx_word' id='word_1_137' title='bbox 542 2931 607 2995; x_wconf 91' lang='lat' dir='ltr'><strong><em>sibi</em></strong></span> <span class='ocrx_word' id='word_1_138' title='bbox 632 2932 664 2994; x_wconf 91' lang='lat' dir='ltr'><strong><em>in</em></strong></span> <span class='ocrx_word' id='word_1_139' title='bbox 686 2949 853 3012; x_wconf 90' lang='lat' dir='ltr'><strong><em>personam</em></strong></span> <span class='ocrx_word' id='word_1_140' title='bbox 878 2932 986 2996; x_wconf 87' lang='lat' dir='ltr'><strong><em>dilecti</em></strong></span> <span class='ocrx_word' id='word_1_141' title='bbox 1010 2933 1167 3014; x_wconf 90' lang='lat' dir='ltr'><strong><em>capellani</em></strong></span> <span class='ocrx_word' id='word_1_142' title='bbox 1192 2937 1225 2996; x_wconf 91' lang='lat' dir='ltr'><strong><em>et</em></strong></span> <span class='ocrx_word' id='word_1_143' title='bbox 1247 2933 1411 2997; x_wconf 82' lang='lat' dir='ltr'><strong><em>secretarii</em></strong></span> <span class='ocrx_word' id='word_1_144' title='bbox 1436 2932 1486 2996; x_wconf 88' lang='lat' dir='ltr'><strong><em>sui</em></strong></span> <span class='ocrx_word' id='word_1_145' title='bbox 1509 2939 1542 2996; x_wconf 90' lang='lat' dir='ltr'><strong><em>et</em></strong></span> <span class='ocrx_word' id='word_1_146' title='bbox 1564 2951 1647 2996; x_wconf 92' lang='lat' dir='ltr'><strong><em>nnnc</em></strong></span> <span class='ocrx_word' id='word_1_147' title='bbox 1674 2933 1910 2998; x_wconf 90' lang='lat' dir='ltr'><strong><em>ambassiatoris</em></strong></span> <span class='ocrx_word' id='word_1_148' title='bbox 1938 2934 2054 3000; x_wconf 91' lang='lat' dir='ltr'><strong><em>domini</em></strong></span> 
     </span>
     <span class='ocr_line' id='line_1_17' title="bbox 545 3036 2053 3119; baseline 0.001 -19"><span class='ocrx_word' id='word_1_149' title='bbox 545 3036 711 3113; x_wconf 88' lang='lat' dir='ltr'><strong><em>Bolconis,</em></strong></span> <span class='ocrx_word' id='word_1_150' title='bbox 736 3037 824 3101; x_wconf 88' lang='lat' dir='ltr'><strong><em>ducis</em></strong></span> <span class='ocrx_word' id='word_1_151' title='bbox 848 3037 961 3115; x_wconf 85' lang='lat' dir='ltr'><strong><em>Slezie,</em></strong></span> <span class='ocrx_word' id='word_1_152' title='bbox 985 3037 1116 3102; x_wconf 88' lang='lat' dir='ltr'><strong><em>Hemici</em></strong></span> <span class='ocrx_word' id='word_1_153' title='bbox 1140 3038 1179 3100; x_wconf 89' lang='lat' dir='ltr'><strong><em>de</em></strong></span> <span class='ocrx_word' id='word_1_154' title='bbox 1194 3036 1492 3119; x_wconf 85' lang='lat' dir='ltr'><strong><em>Sittin,presbyteri</em></strong></span> <span class='ocrx_word' id='word_1_155' title='bbox 1516 3036 1687 3102; x_wconf 86' lang='lat' dir='ltr'><strong><em>Misnensis</em></strong></span> <span class='ocrx_word' id='word_1_156' title='bbox 1710 3036 1856 3117; x_wconf 71' lang='lat' dir='ltr'><strong><em>diocesis</em></strong></span> <span class='ocrx_word' id='word_1_157' title='bbox 1880 3038 2053 3119; x_wconf 86' lang='lat' dir='ltr'><strong><em>specialem</em></strong></span> 
     </span>
     <span class='ocr_line' id='line_1_18' title="bbox 543 3139 2052 3224; baseline 0.003 -21"><span class='ocrx_word' id='word_1_158' title='bbox 543 3141 687 3222; x_wconf 87' lang='lat' dir='ltr'><strong><em>graciam</em></strong></span> <span class='ocrx_word' id='word_1_159' title='bbox 712 3141 874 3217; x_wconf 85' lang='lat' dir='ltr'><strong><em>facientes,</em></strong></span> <span class='ocrx_word' id='word_1_160' title='bbox 898 3142 1001 3205; x_wconf 89' lang='lat' dir='ltr'><strong><em>eidem</em></strong></span> <span class='ocrx_word' id='word_1_161' title='bbox 1025 3141 1064 3205; x_wconf 94' lang='lat' dir='ltr'><strong><em>de</em></strong></span> <span class='ocrx_word' id='word_1_162' title='bbox 1088 3141 1274 3205; x_wconf 78' lang='lat' dir='ltr'><strong><em>camminata</em></strong></span> <span class='ocrx_word' id='word_1_163' title='bbox 1298 3139 1433 3204; x_wconf 87' lang='lat' dir='ltr'><strong><em>ecclesie</em></strong></span> <span class='ocrx_word' id='word_1_164' title='bbox 1457 3140 1731 3205; x_wconf 73' lang='lat' dir='ltr'><strong><em>ll&#39;ratislauiensis</em></strong></span> <span class='ocrx_word' id='word_1_165' title='bbox 1761 3161 1831 3207; x_wconf 90' lang='lat' dir='ltr'><strong><em>cum</em></strong></span> <span class='ocrx_word' id='word_1_166' title='bbox 1855 3142 2052 3224; x_wconf 89' lang='lat' dir='ltr'><strong><em>plenitudine</em></strong></span> 
     </span>
     <span class='ocr_line' id='line_1_19' title="bbox 542 3244 2051 3328; baseline 0.002 -20"><span class='ocrx_word' id='word_1_167' title='bbox 542 3245 625 3308; x_wconf 86' lang='lat' dir='ltr'><strong><em>iuris</em></strong></span> <span class='ocrx_word' id='word_1_168' title='bbox 648 3244 791 3308; x_wconf 82' lang='lat' dir='ltr'><strong><em>carronici</em></strong></span> <span class='ocrx_word' id='word_1_169' title='bbox 815 3245 986 3326; x_wconf 77' lang='lat' dir='ltr'><strong><em>dignemini</em></strong></span> <span class='ocrx_word' id='word_1_170' title='bbox 1011 3244 1186 3326; x_wconf 78' lang='lat' dir='ltr'><strong><em>providere,</em></strong></span> <span class='ocrx_word' id='word_1_171' title='bbox 1210 3244 1414 3324; x_wconf 88' lang='lat' dir='ltr'><strong><em>prebendam,</em></strong></span> <span class='ocrx_word' id='word_1_172' title='bbox 1439 3246 1538 3308; x_wconf 88' lang='lat' dir='ltr'><strong><em>eciam</em></strong></span> <span class='ocrx_word' id='word_1_173' title='bbox 1562 3247 1588 3310; x_wconf 91' lang='lat' dir='ltr'><strong><em>si</em></strong></span> <span class='ocrx_word' id='word_1_174' title='bbox 1613 3245 1761 3328; x_wconf 81' lang='lat' dir='ltr'><strong><em>dignitas,</em></strong></span> <span class='ocrx_word' id='word_1_175' title='bbox 1789 3253 1978 3327; x_wconf 85' lang='lat' dir='ltr'><strong><em>personatus</em></strong></span> <span class='ocrx_word' id='word_1_176' title='bbox 2002 3247 2051 3311; x_wconf 89' lang='lat' dir='ltr'><strong><em>vel</em></strong></span> 
     </span>
     <span class='ocr_line' id='line_1_20' title="bbox 542 3348 2054 3431; baseline 0.001 -19"><span class='ocrx_word' id='word_1_177' title='bbox 542 3349 684 3413; x_wconf 80' lang='lat' dir='ltr'><strong><em>officium</em></strong></span> <span class='ocrx_word' id='word_1_178' title='bbox 709 3350 835 3427; x_wconf 79' lang='lat' dir='ltr'><strong><em>existat,</em></strong></span> <span class='ocrx_word' id='word_1_179' title='bbox 859 3350 885 3412; x_wconf 93' lang='lat' dir='ltr'><strong><em>si</em></strong></span> <span class='ocrx_word' id='word_1_180' title='bbox 910 3369 984 3430; x_wconf 86' lang='lat' dir='ltr'><strong><em>qua,</em></strong></span> <span class='ocrx_word' id='word_1_181' title='bbox 1009 3349 1080 3431; x_wconf 92' lang='lat' dir='ltr'><strong><em>quis</em></strong></span> <span class='ocrx_word' id='word_1_182' title='bbox 1103 3348 1153 3412; x_wconf 90' lang='lat' dir='ltr'><strong><em>vel</em></strong></span> <span class='ocrx_word' id='word_1_183' title='bbox 1184 3348 1267 3430; x_wconf 87' lang='lat' dir='ltr'><strong><em>quod</em></strong></span> <span class='ocrx_word' id='word_1_184' title='bbox 1299 3348 1416 3413; x_wconf 85' lang='lat' dir='ltr'><strong><em>ibidem</em></strong></span> <span class='ocrx_word' id='word_1_185' title='bbox 1444 3354 1537 3413; x_wconf 84' lang='lat' dir='ltr'><strong><em>vacat</em></strong></span> <span class='ocrx_word' id='word_1_186' title='bbox 1561 3349 1600 3413; x_wconf 90' lang='lat' dir='ltr'><strong><em>ad</em></strong></span> <span class='ocrx_word' id='word_1_187' title='bbox 1628 3367 1771 3430; x_wconf 85' lang='lat' dir='ltr'><strong><em>presens,</em></strong></span> <span class='ocrx_word' id='word_1_188' title='bbox 1794 3350 1844 3413; x_wconf 88' lang='lat' dir='ltr'><strong><em>vel</em></strong></span> <span class='ocrx_word' id='word_1_189' title='bbox 1869 3370 1938 3416; x_wconf 90' lang='lat' dir='ltr'><strong><em>omn</em></strong></span> <span class='ocrx_word' id='word_1_190' title='bbox 1962 3350 2054 3416; x_wconf 90' lang='lat' dir='ltr'><strong><em>simul</em></strong></span> 
     </span>
     <span class='ocr_line' id='line_1_21' title="bbox 542 3452 2054 3535; baseline 0.002 -17"><span class='ocrx_word' id='word_1_191' title='bbox 542 3452 597 3518; x_wconf 83' lang='lat' dir='ltr'><strong><em>vel</em></strong></span> <span class='ocrx_word' id='word_1_192' title='bbox 621 3454 801 3517; x_wconf 80' lang='lat' dir='ltr'><strong><em>successive</em></strong></span> <span class='ocrx_word' id='word_1_193' title='bbox 824 3455 1018 3532; x_wconf 76' lang='lat' dir='ltr'><strong><em>vacaverint,</em></strong></span> <span class='ocrx_word' id='word_1_194' title='bbox 1035 3453 1159 3535; x_wconf 90' lang='lat' dir='ltr'><strong><em>prelato</em></strong></span> <span class='ocrx_word' id='word_1_195' title='bbox 1175 3452 1314 3516; x_wconf 88' lang='lat' dir='ltr'><strong><em>Hemico</em></strong></span> <span class='ocrx_word' id='word_1_196' title='bbox 1330 3452 1554 3518; x_wconf 88' lang='lat' dir='ltr'><strong><em>conferendam</em></strong></span> <span class='ocrx_word' id='word_1_197' title='bbox 1570 3471 1626 3518; x_wconf 87' lang='lat' dir='ltr'><strong><em>seu</em></strong></span> <span class='ocrx_word' id='word_1_198' title='bbox 1643 3453 1868 3519; x_wconf 85' lang='lat' dir='ltr'><strong><em>conserendum</em></strong></span> <span class='ocrx_word' id='word_1_199' title='bbox 1889 3455 2054 3521; x_wconf 89' lang='lat' dir='ltr'><strong><em>donacioni</em></strong></span> 
     </span>
     <span class='ocr_line' id='line_1_22' title="bbox 543 3557 2052 3640; baseline 0.003 -19"><span class='ocrx_word' id='word_1_200' title='bbox 543 3558 722 3639; x_wconf 87' lang='lat' dir='ltr'><strong><em>apostolice</em></strong></span> <span class='ocrx_word' id='word_1_201' title='bbox 745 3567 957 3636; x_wconf 83' lang='lat' dir='ltr'><strong><em>reservantes,</em></strong></span> <span class='ocrx_word' id='word_1_202' title='bbox 982 3578 1052 3623; x_wconf 92' lang='lat' dir='ltr'><strong><em>cum</em></strong></span> <span class='ocrx_word' id='word_1_203' title='bbox 1075 3560 1306 3640; x_wconf 61' lang='lat' dir='ltr'><strong><em>aeeteptacione,</em></strong></span> <span class='ocrx_word' id='word_1_204' title='bbox 1323 3557 1523 3637; x_wconf 89' lang='lat' dir='ltr'><strong><em>inhibieione,</em></strong></span> <span class='ocrx_word' id='word_1_205' title='bbox 1541 3561 1679 3638; x_wconf 85' lang='lat' dir='ltr'><strong><em>decreto,</em></strong></span> <span class='ocrx_word' id='word_1_206' title='bbox 1703 3559 1856 3625; x_wconf 79' lang='lat' dir='ltr'><strong><em>anteferri</em></strong></span> <span class='ocrx_word' id='word_1_207' title='bbox 1880 3566 1913 3624; x_wconf 90' lang='lat' dir='ltr'><strong><em>et</em></strong></span> <span class='ocrx_word' id='word_1_208' title='bbox 1935 3563 2052 3626; x_wconf 88' lang='lat' dir='ltr'><strong><em>ceteris</em></strong></span> 
     </span>
     <span class='ocr_line' id='line_1_23' title="bbox 542 3663 1519 3744; baseline 0.002 -19"><span class='ocrx_word' id='word_1_209' title='bbox 542 3681 610 3726; x_wconf 91' lang='lat' dir='ltr'><strong><em>non</em></strong></span> <span class='ocrx_word' id='word_1_210' title='bbox 633 3663 842 3741; x_wconf 86' lang='lat' dir='ltr'><strong><em>obstantibus,</em></strong></span> <span class='ocrx_word' id='word_1_211' title='bbox 868 3663 1020 3729; x_wconf 87' lang='lat' dir='ltr'><strong><em>clausulis</em></strong></span> <span class='ocrx_word' id='word_1_212' title='bbox 1044 3664 1209 3744; x_wconf 88' lang='lat' dir='ltr'><strong><em>oportunis</em></strong></span> <span class='ocrx_word' id='word_1_213' title='bbox 1232 3669 1265 3727; x_wconf 88' lang='lat' dir='ltr'><strong><em>et</em></strong></span> <span class='ocrx_word' id='word_1_214' title='bbox 1287 3663 1519 3727; x_wconf 85' lang='lat' dir='ltr'><strong><em>executoribus.</em></strong></span> 
     </span>
    </p>

    <p class='ocr_par' dir='ltr' id='par_1_11' title="bbox 649 3766 781 3831">
     <span class='ocr_line' id='line_1_24' title="bbox 649 3766 781 3831; baseline 0 -1"><span class='ocrx_word' id='word_1_215' title='bbox 649 3767 722 3830; x_wconf 86' lang='lat' dir='ltr'><strong><em>Fiat</em></strong></span> <span class='ocrx_word' id='word_1_216' title='bbox 744 3766 781 3831; x_wconf 81' lang='lat' dir='ltr'><strong><em>lt.</em></strong></span> 
     </span>
    </p>

    <p class='ocr_par' dir='ltr' id='par_1_12' title="bbox 542 3869 2054 4979">
     <span class='ocr_line' id='line_1_25' title="bbox 649 3869 2054 3954; baseline 0.002 -19"><span class='ocrx_word' id='word_1_217' title='bbox 649 3872 731 3935; x_wconf 87' lang='lat' dir='ltr'><strong><em>Item</em></strong></span> <span class='ocrx_word' id='word_1_218' title='bbox 748 3871 905 3954; x_wconf 86' lang='lat' dir='ltr'><strong><em>supplicat</em></strong></span> <span class='ocrx_word' id='word_1_219' title='bbox 921 3872 1024 3935; x_wconf 89' lang='lat' dir='ltr'><strong><em>eidem</em></strong></span> <span class='ocrx_word' id='word_1_220' title='bbox 1041 3871 1083 3950; x_wconf 82' lang='lat' dir='ltr'><strong><em>S,</em></strong></span> <span class='ocrx_word' id='word_1_221' title='bbox 1100 3878 1255 3953; x_wconf 85' lang='lat' dir='ltr'><strong><em>quatenus</em></strong></span> <span class='ocrx_word' id='word_1_222' title='bbox 1272 3870 1333 3935; x_wconf 90' lang='lat' dir='ltr'><strong><em>sibi</em></strong></span> <span class='ocrx_word' id='word_1_223' title='bbox 1348 3871 1381 3934; x_wconf 96' lang='lat' dir='ltr'><strong><em>in</em></strong></span> <span class='ocrx_word' id='word_1_224' title='bbox 1396 3889 1562 3950; x_wconf 88' lang='lat' dir='ltr'><strong><em>personam</em></strong></span> <span class='ocrx_word' id='word_1_225' title='bbox 1587 3869 1694 3935; x_wconf 88' lang='lat' dir='ltr'><strong><em>dilecti</em></strong></span> <span class='ocrx_word' id='word_1_226' title='bbox 1715 3871 1822 3936; x_wconf 89' lang='lat' dir='ltr'><strong><em>clerici</em></strong></span> <span class='ocrx_word' id='word_1_227' title='bbox 1838 3873 2054 3938; x_wconf 84' lang='lat' dir='ltr'><strong><em>etfamiliaris</em></strong></span> 
     </span>
     <span class='ocr_line' id='line_1_26' title="bbox 543 3975 2053 4056; baseline 0.002 -17"><span class='ocrx_word' id='word_1_228' title='bbox 543 3977 597 4040; x_wconf 92' lang='lat' dir='ltr'><strong><em>sui</em></strong></span> <span class='ocrx_word' id='word_1_229' title='bbox 623 3975 650 4039; x_wconf 93' lang='lat' dir='ltr'>N</span> <span class='ocrx_word' id='word_1_230' title='bbox 654 3976 745 4039; x_wconf 84' lang='lat' dir='ltr'><strong><em>icnlai</em></strong></span> <span class='ocrx_word' id='word_1_231' title='bbox 771 3975 903 4039; x_wconf 86' lang='lat' dir='ltr'><strong><em>Fridlini</em></strong></span> <span class='ocrx_word' id='word_1_232' title='bbox 920 3976 959 4040; x_wconf 90' lang='lat' dir='ltr'><strong><em>de</em></strong></span> <span class='ocrx_word' id='word_1_233' title='bbox 974 3976 1114 4053; x_wconf 87' lang='lat' dir='ltr'><strong><em>Brunna,</em></strong></span> <span class='ocrx_word' id='word_1_234' title='bbox 1132 3976 1238 4039; x_wconf 88' lang='lat' dir='ltr'><strong><em>clerici</em></strong></span> <span class='ocrx_word' id='word_1_235' title='bbox 1262 3976 1441 4056; x_wconf 84' lang='lat' dir='ltr'><strong><em>Pragensis,</em></strong></span> <span class='ocrx_word' id='word_1_236' title='bbox 1458 3975 1593 4039; x_wconf 89' lang='lat' dir='ltr'><strong><em>similem</em></strong></span> <span class='ocrx_word' id='word_1_237' title='bbox 1609 3976 1746 4056; x_wconf 85' lang='lat' dir='ltr'><strong><em>graciam</em></strong></span> <span class='ocrx_word' id='word_1_238' title='bbox 1769 3976 1933 4056; x_wconf 86' lang='lat' dir='ltr'><strong><em>iacientes,</em></strong></span> <span class='ocrx_word' id='word_1_239' title='bbox 1950 3978 2053 4043; x_wconf 87' lang='lat' dir='ltr'><strong><em>eidem</em></strong></span> 
     </span>
     <span class='ocr_line' id='line_1_27' title="bbox 543 4078 2051 4161; baseline 0.004 -21"><span class='ocrx_word' id='word_1_240' title='bbox 543 4079 586 4143; x_wconf 90' lang='lat' dir='ltr'><strong><em>de</em></strong></span> <span class='ocrx_word' id='word_1_241' title='bbox 602 4079 708 4160; x_wconf 89' lang='lat' dir='ltr'><strong><em>aliquo</em></strong></span> <span class='ocrx_word' id='word_1_242' title='bbox 733 4080 950 4145; x_wconf 85' lang='lat' dir='ltr'><strong><em>ecclesiastico</em></strong></span> <span class='ocrx_word' id='word_1_243' title='bbox 974 4078 1127 4144; x_wconf 85' lang='lat' dir='ltr'><strong><em>beneficio</em></strong></span> <span class='ocrx_word' id='word_1_244' title='bbox 1152 4099 1222 4144; x_wconf 81' lang='lat' dir='ltr'><strong><em>cunr</em></strong></span> <span class='ocrx_word' id='word_1_245' title='bbox 1244 4098 1321 4143; x_wconf 88' lang='lat' dir='ltr'><strong><em>cura</em></strong></span> <span class='ocrx_word' id='word_1_246' title='bbox 1343 4080 1393 4143; x_wconf 87' lang='lat' dir='ltr'><strong><em>vel</em></strong></span> <span class='ocrx_word' id='word_1_247' title='bbox 1417 4081 1485 4145; x_wconf 92' lang='lat' dir='ltr'><strong><em>sine</em></strong></span> <span class='ocrx_word' id='word_1_248' title='bbox 1509 4097 1593 4156; x_wconf 90' lang='lat' dir='ltr'><strong><em>cura,</em></strong></span> <span class='ocrx_word' id='word_1_249' title='bbox 1610 4080 1710 4143; x_wconf 90' lang='lat' dir='ltr'><strong><em>eciam</em></strong></span> <span class='ocrx_word' id='word_1_250' title='bbox 1726 4079 1752 4142; x_wconf 92' lang='lat' dir='ltr'><strong><em>si</em></strong></span> <span class='ocrx_word' id='word_1_251' title='bbox 1769 4080 1906 4158; x_wconf 85' lang='lat' dir='ltr'><strong><em>dignitas</em></strong></span> <span class='ocrx_word' id='word_1_252' title='bbox 1923 4083 2051 4161; x_wconf 84' lang='lat' dir='ltr'><strong><em>existat,</em></strong></span> 
     </span>
     <span class='ocr_line' id='line_1_28' title="bbox 543 4183 2053 4267; baseline 0.001 -19"><span class='ocrx_word' id='word_1_253' title='bbox 543 4191 680 4248; x_wconf 85' lang='lat' dir='ltr'><strong><em>vacante</em></strong></span> <span class='ocrx_word' id='word_1_254' title='bbox 704 4184 754 4248; x_wconf 81' lang='lat' dir='ltr'><strong><em>rel</em></strong></span> <span class='ocrx_word' id='word_1_255' title='bbox 777 4191 936 4261; x_wconf 86' lang='lat' dir='ltr'><strong><em>vacaturo,</em></strong></span> <span class='ocrx_word' id='word_1_256' title='bbox 961 4184 1002 4247; x_wconf 92' lang='lat' dir='ltr'><strong><em>ad</em></strong></span> <span class='ocrx_word' id='word_1_257' title='bbox 1026 4183 1239 4262; x_wconf 88' lang='lat' dir='ltr'><strong><em>collacionem,</em></strong></span> <span class='ocrx_word' id='word_1_258' title='bbox 1263 4186 1535 4263; x_wconf 86' lang='lat' dir='ltr'><strong><em>presentacionem</em></strong></span> <span class='ocrx_word' id='word_1_259' title='bbox 1568 4202 1624 4247; x_wconf 91' lang='lat' dir='ltr'><strong><em>seu</em></strong></span> <span class='ocrx_word' id='word_1_260' title='bbox 1655 4184 1797 4265; x_wconf 87' lang='lat' dir='ltr'><strong><em>quamvis</em></strong></span> <span class='ocrx_word' id='word_1_261' title='bbox 1829 4183 1923 4249; x_wconf 89' lang='lat' dir='ltr'><strong><em>aliam</em></strong></span> <span class='ocrx_word' id='word_1_262' title='bbox 1946 4185 2053 4267; x_wconf 88' lang='lat' dir='ltr'><strong><em>dispo-</em></strong></span> 
     </span>
     <span class='ocr_line' id='line_1_29' title="bbox 543 4287 2053 4355; baseline 0.001 -3"><span class='ocrx_word' id='word_1_263' title='bbox 543 4290 695 4353; x_wconf 87' lang='lat' dir='ltr'><strong><em>sicionem</em></strong></span> <span class='ocrx_word' id='word_1_264' title='bbox 719 4289 951 4353; x_wconf 86' lang='lat' dir='ltr'><strong><em>abbatissarum</em></strong></span> <span class='ocrx_word' id='word_1_265' title='bbox 969 4295 1001 4353; x_wconf 88' lang='lat' dir='ltr'><strong><em>et</em></strong></span> <span class='ocrx_word' id='word_1_266' title='bbox 1017 4293 1228 4352; x_wconf 74' lang='lat' dir='ltr'><strong><em>corruentuum</em></strong></span> <span class='ocrx_word' id='word_1_267' title='bbox 1251 4287 1409 4353; x_wconf 82' lang='lat' dir='ltr'><strong><em>Porteceli</em></strong></span> <span class='ocrx_word' id='word_1_268' title='bbox 1436 4288 1466 4351; x_wconf 91' lang='lat' dir='ltr'><strong><em>in</em></strong></span> <span class='ocrx_word' id='word_1_269' title='bbox 1482 4288 1665 4352; x_wconf 86' lang='lat' dir='ltr'><strong><em>Tusnowicz</em></strong></span> <span class='ocrx_word' id='word_1_270' title='bbox 1681 4291 1714 4351; x_wconf 89' lang='lat' dir='ltr'><strong><em>et</em></strong></span> <span class='ocrx_word' id='word_1_271' title='bbox 1727 4288 1808 4352; x_wconf 84' lang='lat' dir='ltr'><strong><em>Aule</em></strong></span> <span class='ocrx_word' id='word_1_272' title='bbox 1825 4292 1934 4354; x_wconf 88' lang='lat' dir='ltr'><strong><em>sancte</em></strong></span> <span class='ocrx_word' id='word_1_273' title='bbox 1951 4289 2053 4355; x_wconf 83' lang='lat' dir='ltr'><strong><em>Mario</em></strong></span> 
     </span>
     <span class='ocr_line' id='line_1_30' title="bbox 543 4390 2052 4474; baseline 0 -17"><span class='ocrx_word' id='word_1_274' title='bbox 543 4395 742 4474; x_wconf 76' lang='lat' dir='ltr'><strong><em>indutique</em></strong></span> <span class='ocrx_word' id='word_1_275' title='bbox 772 4394 911 4471; x_wconf 84' lang='lat' dir='ltr'><strong><em>Brnnna,</em></strong></span> <span class='ocrx_word' id='word_1_276' title='bbox 946 4393 1209 4457; x_wconf 86' lang='lat' dir='ltr'><strong><em>monasteriorum</em></strong></span> <span class='ocrx_word' id='word_1_277' title='bbox 1241 4390 1464 4456; x_wconf 89' lang='lat' dir='ltr'><strong><em>Cistereiensis</em></strong></span> <span class='ocrx_word' id='word_1_278' title='bbox 1493 4392 1622 4470; x_wconf 86' lang='lat' dir='ltr'><strong><em>ordinis,</em></strong></span> <span class='ocrx_word' id='word_1_279' title='bbox 1655 4390 1875 4457; x_wconf 82' lang='lat' dir='ltr'><strong><em>Oloinucensis</em></strong></span> <span class='ocrx_word' id='word_1_280' title='bbox 1905 4394 2052 4473; x_wconf 89' lang='lat' dir='ltr'><strong><em>diocesis,</em></strong></span> 
     </span>
     <span class='ocr_line' id='line_1_31' title="bbox 544 4495 2051 4579; baseline -0.001 -16"><span class='ocrx_word' id='word_1_281' title='bbox 544 4500 754 4563; x_wconf 85' lang='lat' dir='ltr'><strong><em>commmriter</em></strong></span> <span class='ocrx_word' id='word_1_282' title='bbox 775 4498 825 4560; x_wconf 84' lang='lat' dir='ltr'><strong><em>vel</em></strong></span> <span class='ocrx_word' id='word_1_283' title='bbox 850 4498 974 4562; x_wconf 75' lang='lat' dir='ltr'><strong><em>divisim</em></strong></span> <span class='ocrx_word' id='word_1_284' title='bbox 999 4503 1174 4578; x_wconf 84' lang='lat' dir='ltr'><strong><em>spectante,</em></strong></span> <span class='ocrx_word' id='word_1_285' title='bbox 1188 4515 1258 4560; x_wconf 89' lang='lat' dir='ltr'><strong><em>cum</em></strong></span> <span class='ocrx_word' id='word_1_286' title='bbox 1282 4496 1428 4562; x_wconf 89' lang='lat' dir='ltr'><strong><em>omnibus</em></strong></span> <span class='ocrx_word' id='word_1_287' title='bbox 1451 4495 1614 4576; x_wconf 80' lang='lat' dir='ltr'><strong><em>oportunis</em></strong></span> <span class='ocrx_word' id='word_1_288' title='bbox 1634 4506 1667 4558; x_wconf 89' lang='lat' dir='ltr'><strong><em>ut</em></strong></span> <span class='ocrx_word' id='word_1_289' title='bbox 1683 4496 1962 4579; x_wconf 87' lang='lat' dir='ltr'><strong><em>supradigncmini</em></strong></span> <span class='ocrx_word' id='word_1_290' title='bbox 1978 4516 2051 4578; x_wconf 89' lang='lat' dir='ltr'><strong><em>pro-</em></strong></span> 
     </span>
     <span class='ocr_line' id='line_1_32' title="bbox 542 4600 2051 4682; baseline 0 -16"><span class='ocrx_word' id='word_1_291' title='bbox 542 4603 663 4678; x_wconf 81' lang='lat' dir='ltr'><strong><em>videre,</em></strong></span> <span class='ocrx_word' id='word_1_292' title='bbox 688 4621 749 4665; x_wconf 89' lang='lat' dir='ltr'><strong><em>non</em></strong></span> <span class='ocrx_word' id='word_1_293' title='bbox 774 4603 929 4678; x_wconf 76' lang='lat' dir='ltr'><strong><em>olrstnnte,</em></strong></span> <span class='ocrx_word' id='word_1_294' title='bbox 954 4601 1037 4682; x_wconf 84' lang='lat' dir='ltr'><strong><em>quod</em></strong></span> <span class='ocrx_word' id='word_1_295' title='bbox 1061 4601 1224 4665; x_wconf 87' lang='lat' dir='ltr'><strong><em>abbatissa</em></strong></span> <span class='ocrx_word' id='word_1_296' title='bbox 1255 4605 1288 4664; x_wconf 92' lang='lat' dir='ltr'><strong><em>et</em></strong></span> <span class='ocrx_word' id='word_1_297' title='bbox 1318 4605 1492 4665; x_wconf 87' lang='lat' dir='ltr'><strong><em>conventus</em></strong></span> <span class='ocrx_word' id='word_1_298' title='bbox 1523 4600 1703 4664; x_wconf 87' lang='lat' dir='ltr'><strong><em>monasterii</em></strong></span> <span class='ocrx_word' id='word_1_299' title='bbox 1735 4600 1893 4665; x_wconf 89' lang='lat' dir='ltr'><strong><em>Porteceli</em></strong></span> <span class='ocrx_word' id='word_1_300' title='bbox 1916 4602 2051 4682; x_wconf 88' lang='lat' dir='ltr'><strong><em>predicti</em></strong></span> 
     </span>
     <span class='ocr_line' id='line_1_33' title="bbox 542 4703 2051 4787; baseline -0.001 -19"><span class='ocrx_word' id='word_1_301' title='bbox 542 4706 643 4769; x_wconf 86' lang='lat' dir='ltr'><strong><em>solam</em></strong></span> <span class='ocrx_word' id='word_1_302' title='bbox 667 4705 803 4770; x_wconf 84' lang='lat' dir='ltr'><strong><em>habeant</em></strong></span> <span class='ocrx_word' id='word_1_303' title='bbox 826 4706 1012 4783; x_wconf 82' lang='lat' dir='ltr'><strong><em>dignitatem</em></strong></span> <span class='ocrx_word' id='word_1_304' title='bbox 1036 4705 1189 4780; x_wconf 77' lang='lat' dir='ltr'><strong><em>conderes,</em></strong></span> <span class='ocrx_word' id='word_1_305' title='bbox 1207 4725 1263 4769; x_wconf 88' lang='lat' dir='ltr'><strong><em>seu</em></strong></span> <span class='ocrx_word' id='word_1_306' title='bbox 1280 4706 1364 4787; x_wconf 86' lang='lat' dir='ltr'><strong><em>quod</em></strong></span> <span class='ocrx_word' id='word_1_307' title='bbox 1389 4706 1492 4769; x_wconf 87' lang='lat' dir='ltr'><strong><em>dictus</em></strong></span> <span class='ocrx_word' id='word_1_308' title='bbox 1516 4703 1664 4768; x_wconf 84' lang='lat' dir='ltr'><strong><em>Nicolaus</em></strong></span> <span class='ocrx_word' id='word_1_309' title='bbox 1689 4705 1910 4769; x_wconf 89' lang='lat' dir='ltr'><strong><em>canonicatum</em></strong></span> <span class='ocrx_word' id='word_1_310' title='bbox 1931 4711 1964 4769; x_wconf 92' lang='lat' dir='ltr'><strong><em>et</em></strong></span> <span class='ocrx_word' id='word_1_311' title='bbox 1980 4724 2051 4785; x_wconf 91' lang='lat' dir='ltr'><strong><em>pre-</em></strong></span> 
     </span>
     <span class='ocr_line' id='line_1_34' title="bbox 542 4808 2052 4888; baseline -0.001 -15"><span class='ocrx_word' id='word_1_312' title='bbox 542 4811 678 4874; x_wconf 89' lang='lat' dir='ltr'><strong><em>beudam</em></strong></span> <span class='ocrx_word' id='word_1_313' title='bbox 703 4812 733 4874; x_wconf 92' lang='lat' dir='ltr'><strong><em>in</em></strong></span> <span class='ocrx_word' id='word_1_314' title='bbox 757 4810 892 4874; x_wconf 88' lang='lat' dir='ltr'><strong><em>ccclesia</em></strong></span> <span class='ocrx_word' id='word_1_315' title='bbox 916 4810 1018 4874; x_wconf 88' lang='lat' dir='ltr'><strong><em>sancti</em></strong></span> <span class='ocrx_word' id='word_1_316' title='bbox 1041 4811 1128 4875; x_wconf 89' lang='lat' dir='ltr'><strong><em>Petri</em></strong></span> <span class='ocrx_word' id='word_1_317' title='bbox 1151 4811 1357 4888; x_wconf 84' lang='lat' dir='ltr'><strong><em>Brunnensis,</em></strong></span> <span class='ocrx_word' id='word_1_318' title='bbox 1382 4810 1467 4873; x_wconf 89' lang='lat' dir='ltr'><strong><em>dicte</em></strong></span> <span class='ocrx_word' id='word_1_319' title='bbox 1490 4808 1710 4874; x_wconf 89' lang='lat' dir='ltr'><strong><em>Olomucensis</em></strong></span> <span class='ocrx_word' id='word_1_320' title='bbox 1738 4809 1884 4887; x_wconf 78' lang='lat' dir='ltr'><strong><em>diocesia,</em></strong></span> <span class='ocrx_word' id='word_1_321' title='bbox 1909 4810 2052 4874; x_wconf 89' lang='lat' dir='ltr'><strong><em>noscitur</em></strong></span> 
     </span>
     <span class='ocr_line' id='line_1_35' title="bbox 542 4916 698 4979; baseline -0.013 0"><span class='ocrx_word' id='word_1_322' title='bbox 542 4916 698 4979; x_wconf 86' lang='lat' dir='ltr'><strong><em>obtinere.</em></strong></span> 
     </span>
    </p>

    <p class='ocr_par' dir='ltr' id='par_1_13' title="bbox 542 5016 2048 5203">
     <span class='ocr_line' id='line_1_36' title="bbox 646 5016 2048 5100; baseline 0.001 -20"><span class='ocrx_word' id='word_1_323' title='bbox 646 5017 718 5080; x_wconf 83' lang='lat' dir='ltr'><strong><em>Fiat</em></strong></span> <span class='ocrx_word' id='word_1_324' title='bbox 741 5024 801 5080; x_wconf 90' lang='lat' dir='ltr'><strong><em>ete.</em></strong></span> <span class='ocrx_word' id='word_1_325' title='bbox 825 5017 864 5080; x_wconf 90' lang='lat' dir='ltr'><strong><em>ad</em></strong></span> <span class='ocrx_word' id='word_1_326' title='bbox 890 5037 982 5080; x_wconf 89' lang='lat' dir='ltr'><strong><em>umun</em></strong></span> <span class='ocrx_word' id='word_1_327' title='bbox 1007 5017 1220 5096; x_wconf 88' lang='lat' dir='ltr'><strong><em>collacionem,</em></strong></span> <span class='ocrx_word' id='word_1_328' title='bbox 1245 5037 1340 5100; x_wconf 89' lang='lat' dir='ltr'><strong><em>quam</em></strong></span> <span class='ocrx_word' id='word_1_329' title='bbox 1364 5018 1496 5100; x_wconf 89' lang='lat' dir='ltr'><strong><em>elegerit</em></strong></span> <span class='ocrx_word' id='word_1_330' title='bbox 1518 5018 1554 5082; x_wconf 85' lang='lat' dir='ltr'><strong><em>R.</em></strong></span> <span class='ocrx_word' id='word_1_331' title='bbox 1592 5019 1633 5083; x_wconf 85' lang='lat' dir='ltr'><strong><em>Et</em></strong></span> <span class='ocrx_word' id='word_1_332' title='bbox 1655 5036 1684 5099; x_wconf 86' lang='lat' dir='ltr'><strong><em>q.</em></strong></span> <span class='ocrx_word' id='word_1_333' title='bbox 1709 5021 1731 5081; x_wconf 89' lang='lat' dir='ltr'><strong><em>t.</em></strong></span> <span class='ocrx_word' id='word_1_334' title='bbox 1756 5035 1781 5081; x_wconf 89' lang='lat' dir='ltr'><strong><em>s.</em></strong></span> <span class='ocrx_word' id='word_1_335' title='bbox 1804 5036 1832 5081; x_wconf 90' lang='lat' dir='ltr'><strong><em>a.</em></strong></span> <span class='ocrx_word' id='word_1_336' title='bbox 1857 5017 1876 5080; x_wconf 93' lang='lat' dir='ltr'><strong><em>l.</em></strong></span> <span class='ocrx_word' id='word_1_337' title='bbox 1912 5016 1986 5083; x_wconf 85' lang='lat' dir='ltr'><strong><em>Fiat</em></strong></span> <span class='ocrx_word' id='word_1_338' title='bbox 2011 5017 2048 5082; x_wconf 86' lang='lat' dir='ltr'><strong><em>R.</em></strong></span> 
     </span>
     <span class='ocr_line' id='line_1_37' title="bbox 542 5121 1366 5203; baseline -0.002 -16"><span class='ocrx_word' id='word_1_339' title='bbox 542 5124 582 5187; x_wconf 84' lang='lat' dir='ltr'><strong><em>l).</em></strong></span> <span class='ocrx_word' id='word_1_340' title='bbox 609 5122 765 5186; x_wconf 80' lang='lat' dir='ltr'><strong><em>Auiuione</em></strong></span> <span class='ocrx_word' id='word_1_341' title='bbox 789 5121 855 5186; x_wconf 92' lang='lat' dir='ltr'><strong><em>llll</em></strong></span> <span class='ocrx_word' id='word_1_342' title='bbox 879 5141 949 5186; x_wconf 93' lang='lat' dir='ltr'><strong><em>nou.</em></strong></span> <span class='ocrx_word' id='word_1_343' title='bbox 974 5122 1170 5203; x_wconf 86' lang='lat' dir='ltr'><strong><em>Septembris</em></strong></span> <span class='ocrx_word' id='word_1_344' title='bbox 1194 5141 1221 5186; x_wconf 90' lang='lat' dir='ltr'><strong><em>a.</em></strong></span> <span class='ocrx_word' id='word_1_345' title='bbox 1245 5127 1366 5188; x_wconf 87' lang='lat' dir='ltr'><strong><em>octavo.</em></strong></span> 
     </span>
    </p>
   </div>
   <div class='ocr_carea' id='block_1_8' title="bbox 651 5309 1204 5379">
    <p class='ocr_par' dir='ltr' id='par_1_14' title="bbox 651 5309 1204 5379">
     <span class='ocr_line' id='line_1_38' title="bbox 651 5309 1204 5379; baseline 0 -16"><span class='ocrx_word' id='word_1_346' title='bbox 651 5311 799 5364; x_wconf 83' lang='lat' dir='ltr'><strong><em>Clementis</em></strong></span> <span class='ocrx_word' id='word_1_347' title='bbox 819 5311 856 5364; x_wconf 80' lang='lat' dir='ltr'><strong><em>vl</em></strong></span> <span class='ocrx_word' id='word_1_348' title='bbox 875 5311 900 5365; x_wconf 88' lang='lat' dir='ltr'><strong><em>S.</em></strong></span> <span class='ocrx_word' id='word_1_349' title='bbox 918 5309 1014 5377; x_wconf 62' lang='lat' dir='ltr'><strong><em>Vlllfn</em></strong></span> <span class='ocrx_word' id='word_1_350' title='bbox 1033 5315 1088 5379; x_wconf 81' lang='lat'>(19)</span> <span class='ocrx_word' id='word_1_351' title='bbox 1107 5311 1125 5364; x_wconf 86' lang='lat' dir='ltr'><strong><em>f.</em></strong></span> <span class='ocrx_word' id='word_1_352' title='bbox 1147 5317 1204 5363; x_wconf 79' lang='lat'>151.</span> 
     </span>
    </p>
   </div>
   <div class='ocr_carea' id='block_1_9' title="bbox 0 0 2596 7046">
    <p class='ocr_par' dir='ltr' id='par_1_15' title="bbox 0 0 2596 7046">
     <span class='ocr_line' id='line_1_39' title="bbox 0 0 2596 7046; baseline 0 0"><span class='ocrx_word' id='word_1_353' title='bbox 0 0 2596 7046; x_wconf 95' lang='lat' dir='ltr'><strong><em> </em></strong></span> 
     </span>
    </p>
   </div>
  </div>
 </body>
</html>
