5184 7050
1865 884 1932 951 463

416 1092 510 1160 760.
532 1090 677 1157 Martino
699 1091 856 1173 quondam
888 1089 1117 1178 Volcianorum)
1140 1091 1179 1156 de
1201 1090 1307 1169 Duco,
1331 1091 1440 1158 clerico
1467 1093 1641 1175 Prayerssis
1665 1090 1808 1168 diocesis,
1831 1112 1930 1157 rescr-

411 1199 512 1260 cctur
533 1195 578 1260 cd
599 1195 863 1280 complicationem
888 1194 1004 1272 Caroli,
1027 1195 1113 1278 repis
1137 1196 1362 1276 Romanorumn,
1385 1196 1567 1279 beneficium
1589 1217 1660 1262 cum
1681 1197 1730 1262 vel
1751 1197 1820 1262 sine
1839 1217 1928 1277 aare,

414 1303 596 1365 consuetum
611 1299 651 1365 ab
666 1299 741 1365 clim
757 1298 879 1366 clericis
901 1299 1119 1367 saecularibus
1142 1300 1315 1383 αεείριιανί,
1339 1302 1429 1368 adres
1453 1307 1587 1384 fructus
1607 1305 1652 1368 25
1672 1321 1756 1386 resp.
1781 1304 1823 1368 18
1843 1321 1929 1366 mar-

413 1423 528 1471 carum
563 1403 997 1486 cramisiacum
1031 1425 1172 1470 cumton
1205 1425 1268 1470 non
1301 1406 1465 1483 excedant,
1486 1407 1517 1471 si
1545 1406 1628 1489 quod
1657 1406 1702 1471 ad
1732 1403 1930 1471 mdctiomm

414 1507 543 1574 oblmis
566 1513 596 1574 et
617 1513 783 1575 consecutus
811 1510 998 1575 monasterii
1029 1509 1065 1574 in
1095 1508 1238 1589 thmoo,
1272 1509 1395 1576 ordinis
1427 1511 1534 1576 saneti
1554 1508 1731 1586 Benedicti,
1753 1508 1929 1591 Praqems

413 1612 560 1693 diocesis,
589 1615 686 1677 occat
714 1612 758 1678 ad
784 1633 950 1697 praesens,
971 1613 1020 1679 cel
1043 1634 1113 1680 cum
1133 1615 1304 1681 oacaoerit.
1350 1616 1402 1694 ,D.
1426 1615 1584 1680 Aninione
1607 1615 1640 1679 X
1658 1613 1723 1680 icat.
1746 1612 1928 1679 Decenilris

415 1739 448 1782 a.
473 1717 603 1801 quinta‘
626 1752 669 1764 -
693 1719 733 1782 In
753 1739 779 1782 c.
802 1737 843 1781 m.
869 1717 1041 1799 Prayerosis
1062 1722 1093 1782 et
1123 1718 1393 1800 Vyssepradensio,
1417 1719 1591 1802 Praqensis
1625 1717 1765 1800 diocesis,
1800 1717 1928 1784 decanis

627 1841 666 1886 ac
688 1821 847 1887 sacristae
868 1819 1091 1888 Aninioneusis
1117 1820 1332 1890 ecclesiarum.
1380 1825 1495 1890 thorno
1516 1823 1610 1888 utin
1631 1844 1662 1888 n.
1685 1827 1715 1888 2.

461 1995 572 2063 Gratis
595 2015 655 2078 pro
679 1996 749 2061 deo.
1327 1996 1490 2074 Aciniouc,
1514 1999 1600 2063 1346
1622 1995 1808 2061 Nouembris
1829 2000 1882 2062 22.

525 2185 674 2240 Clementis
692 2185 731 2238 VI
749 2186 785 2247 A.
801 2187 853 2254 vlt
882 2187 937 2255 (sl)
965 2185 985 2240 f.
1013 2192 1046 2240 ts
1070 2202 1097 2240 ιι.
1124 2192 1166 2255 89,
1190 2185 1225 2242 ds
1249 2185 1389 2243 beneflciis
1412 2186 1549 2243 secuturis
1572 2203 1617 2256 qa.
1636 2185 1743 2242 s:V.
1771 2191 1820 2243 1⁷5
1843 2185 1862 2240 f.
1882 2187 1925 2242 41¹

414 2289 441 2326 ιι.
465 2278 508 2333 89,
527 2302 560 2312 -
587 2273 610 2339 ⁸)
629 2270 838 2340 ,Weletzkonis‘
856 2275 889 2327 A.

418 2782 512 2850 761.
534 2781 687 2862 Joliauni,
710 2788 786 2848 nato
808 2783 966 2865 piendam
981 2782 1175 2865 Fridoliui·)
1198 2783 1305 2860 Paier,
1330 2780 1442 2849 clerico
1466 2780 1638 2863 Rapacis
1659 2779 1802 2857 diocesis,
1825 2801 1923 2845 reser-

411 2891 512 2953 vatur
534 2886 578 2952 ad
598 2887 861 2973 supplicationem
886 2885 1003 2966 Caroli,
1026 2887 1110 2969 repis
1133 2889 1357 2967 Romanorum,
1381 2886 1560 2970 beneficium
1584 2905 1654 2951 cum
1675 2884 1723 2951 uel
1745 2885 1814 2951 sine
1836 2905 1924 2966 aira,

413 2995 597 3058 consuetum
612 2990 653 3057 ali
667 2990 743 3056 olim
757 2991 880 3059 clericis
900 2991 1118 3058 caecitatibus
1142 2993 1315 3075 assiamim',
1340 2992 1430 3058 cuius
1446 2996 1581 3073 fructus
1602 2994 1645 3057 25
1667 3011 1751 3076 resp.
1773 2992 1818 3056 18
1839 3010 1925 3054 mor·

413 3116 528 3161 camum
559 3096 684 3178 arpenti
704 3117 731 3161 s.
754 3101 776 3161 t.
801 3097 830 3161 d.
853 3096 992 3162 calorem
1022 3118 1162 3162 summm
1192 3116 1255 3162 non
1283 3096 1446 3172 excedant,
1479 3096 1510 3161 si
1540 3095 1621 3179 quad
1650 3094 1694 3159 ad
1728 3093 1925 3160 collationem

412 3201 567 3283 manistri
598 3204 628 3265 et
661 3205 827 3267 conuentus
859 3201 1045 3266 monasterii
1076 3203 1182 3266 sancti
1203 3202 1371 3267 Francisci
1393 3200 1627 3281 cnmyerorom
1658 3198 1857 3265 stellatorum
1890 3199 1926 3265 iu

407 3305 495 3391 pede
512 3306 621 3389 ponitis
642 3306 826 3388 I'raaeruis,
844 3328 906 3390 per
927 3305 1117 3387 mapistncm
1138 3304 1226 3370 soliti
1252 3306 1433 3389 postauam,
1463 3303 1586 3370 ordinis
1614 3304 1720 3370 sancti
1741 3303 1923 3387 Aupuctini,

412 3414 511 3476 occat
533 3409 578 3474 ad
594 3429 756 3492 praesens,
772 3410 820 3475 vel
836 3431 906 3476 cum
920 3410 1090 3476 vacaverit.
1115 3410 1168 3484 ,D.
1185 3410 1343 3476 Auim'one
1358 3412 1392 3475 X
1409 3410 1473 3475 lcal.
1491 3408 1720 3483 Decembrisa.
1735 3410 1864 3492 quinto!
1882 3448 1921 3456 —

415 3516 457 3579 In
478 3538 504 3581 e.
529 3537 570 3581 m.
594 3513 703 3582 adlati
724 3515 910 3581 monasterii
932 3514 970 3580 de
991 3511 1173 3596 suenoni)
1196 3514 1370 3598 Propensis
1394 3514 1537 3594 diocesis,
1560 3518 1590 3580 et
1612 3513 1730 3581 decano
1750 3513 1923 3600 Propensis

626 3640 664 3684 ac
686 3620 844 3685 sacristae
865 3618 1089 3686 Acinianeusis
1118 3618 1331 3687 ecclesiarum.
1377 3621 1493 3685 Forma
1516 3619 1610 3685 utin
1630 3641 1662 3683 n.
1683 3625 1715 3685 2.

461 3794 572 3860 Gratis
594 3812 651 3875 pra
675 3792 744 3859 deo.
1323 3794 1487 3871 Acinione,
1509 3795 1597 3859 1346
1619 3792 1806 3858 Nouembris
1827 3797 1878 3858 22.

521 3983 671 4039 Clementis
689 3983 779 4060 VIA.
798 3982 850 4049 vsi
871 3985 927 4051 (St)
947 3982 964 4036 f.
984 3989 1043 4050 303,
1063 3983 1097 4039 de
1116 3984 1257 4038 beneficiis
1275 4000 1337 4037 cum
1356 3983 1398 4037 vol
1418 3984 1477 4038 sine
1495 3997 1561 4037 curu
1578 3999 1624 4051 qu.
1643 3987 1706 4035 4:
1719 3980 1751 4035 V.
1762 3945 1821 4036 ι134
1839 3980 1857 4034 f.
1873 3987 1921 4036 133

414 4087 441 4125 ιι.
462 4076 521 4125 25⁷.
540 4101 574 4110 -
601 4072 624 4137 ι)
643 4068 795 4158 ,Fridolini‘
813 4071 847 4123 A.
875 4069 899 4138 b)
918 4069 1082 4136 ‚Strohouia‘
1102 4073 1135 4123 A.

417 4596 508 4661 762.
531 4592 674 4662 Jolionni
691 4591 850 4676 Colono-J
874 4593 912 4658 de
928 4593 1149 4676 Lucemluryc,
1168 4594 1351 4678 presbytero
1370 4594 1567 4659 lievereruis
1582 4592 1725 4673 diocesis,
1741 4597 1923 4657 reseruntur

414 4698 459 4763 ad
480 4696 744 4781 supplicationem
769 4696 884 4772 Caroli,
909 4698 992 4779 repis
1016 4698 1240 4773 Romanorum,
1264 4697 1443 4780 beroeflcium
1466 4718 1536 4762 cum
1557 4695 1606 4762 oel
1634 4697 1703 4762 siue
1733 4717 1821 4775 cura,
1852 4717 1921 4761 cou-

413 4807 539 4867 suetum
554 4802 594 4867 ab
608 4800 684 4866 olim
698 4800 820 4866 clericis
841 4801 1060 4867 saecularibus
1083 4801 1255 4886 assipnan‘,
1272 4802 1361 4866 cuias
1377 4806 1510 4882 frontus
1525 4804 1567 4867 25
1582 4822 1665 4885 resp.
1680 4804 1724 4867 18
1739 4820 1921 4866 marcarum

414 4908 544 4989 arymdi
564 4927 590 4971 s.
613 4910 635 4971 t.
660 4906 690 4971 d.
712 4906 851 4970 calorem
875 4926 1015 4970 aunuum
1037 4927 1100 4970 uon
1121 4905 1284 4980 excedant,
1308 4906 1337 4970 si
1358 4905 1440 4987 quod
1463 4904 1506 4970 ad
1529 4904 1726 4972 collationem
1747 4905 1921 4987 mcoistrae

412 5017 443 5077 et
478 5014 645 5077 ccuueoctus
677 5009 863 5075 manasterii
882 5003 1009 5075 ¹beatae
1042 5011 1171 5076 Mariae
1208 5010 1243 5072 iu
1278 5011 1376 5074 Orreo
1413 5010 1620 5088 Trecerensis,
1658 5008 1780 5075 ordinis
1816 5010 1921 5074 sancti

412 5115 599 5198 Aupustini,
622 5119 715 5180 cacat
737 5114 781 5180 ad
797 5135 961 5199 praeseus,
983 5116 1032 5180 cel
1053 5135 1123 5181 cum
1145 5114 1316 5181 vacaverit.
1343 5115 1397 5190 ,D.
1421 5113 1577 5179 Aninione
1599 5116 1633 5178 X
1650 5113 1714 5180 lcal.
1738 5114 1920 5179 Decembris

885 5240 915 5284 a.
938 5221 1070 5303 quinto!
1114 5221 1231 5284 Forma
1251 5224 1288 5283 ut
1310 5220 1345 5283 iu
1367 5241 1398 5285 n.
1421 5224 1451 5284 2.

456 5409 506 5497 Ξ
521 5408 571 5496 Ξ.
1321 5393 1485 5469 Acinicne,
1507 5395 1594 5459 1346
1616 5392 1801 5458 Nouembris
1822 5397 1876 5458 22.

519 5615 669 5671 Clementis
686 5616 724 5671 VI
743 5620 775 5670 A.
795 5617 846 5686 Vix
866 5623 920 5687 (87)
941 5619 958 5672 f.
978 5625 1037 5685 238,
1056 5618 1090 5673 dc
1110 5618 1250 5673 beneficiis
1269 5634 1330 5670 cum
1350 5619 1391 5671 vel
1412 5619 1471 5671 sine
1490 5634 1556 5671 curs
1574 5634 1617 5685 qu.
1638 5617 1741 5671 izv.
1763 5622 1810 5671 174
1830 5616 1847 5669 i.
1869 5622 1918 5669 133

404 5725 433 5762 ιι.
454 5712 519 5758 233.
540 5734 574 5743 -
602 5705 625 5770 ·)
644 5703 769 5770 ‚Csluelo‘
788 5707 820 5757 A.

1066 5869 1271 5876 ———
