5184 7050
669 821 734 888 308

669 1027 763 1095 518.
808 1025 962 1091 Ladislao
993 1025 1031 1090 de
1053 1025 1166 1104 Prapa
1189 1023 1377 1108 providetur
1406 1024 1445 1088 de
1474 1025 1665 1089 canonicatu
1697 1022 1847 1088 ecclesiae
1878 1022 2028 1089 Alconis
2060 1023 2169 1088 ibana·

895 1128 1040 1196 silvanae
1060 1127 1119 1194 snb
1140 1127 1354 1212 expectatione
1370 1128 1582 1211 praebendae.
1605 1129 1722 1193 Forma
1745 1131 1781 1192 nt
1802 1128 1838 1192 in
1859 1149 1890 1194 n.
1911 1130 1943 1193 6.

1365 1318 1462 1404 Apud
1491 1318 1730 1395 Valamnooam,
1756 1320 1844 1385 1345
1865 1317 2061 1403 Septembris
2083 1321 2135 1385 28.

774 1540 814 1603 D.
836 1538 858 1603 t.
882 1537 1031 1602 Ladislao
1062 1537 1103 1601 de
1125 1536 1261 1620 Plaga,¹)
1295 1536 1449 1601 canonico
1472 1536 1605 1601 Albensi
1636 1535 1854 1615 Trausiluano,
1886 1557 1910 1603 s.
1934 1542 1997 1604 etc.
2044 1538 2119 1605 Vite
2140 1556 2170 1601 ac

668 1661 791 1709 mamm
813 1643 964 1707 honestas
980 1691 1089 1707 .....
1110 1640 1194 1707 Hinc
1216 1647 1276 1719 est,
1300 1641 1385 1724 quod
1408 1659 1475 1720 nos,
1498 1640 1643 1705 volentes
1665 1640 1724 1704 tibi
1747 1659 1777 1722 p.
1802 1660 1842 1706 m.
1865 1647 1889 1706 t
1912 1643 1934 1706 i.
1957 1660 2083 1707 necnon
2106 1661 2170 1707 con·

668 1747 867 1813 sideraciono
890 1746 1052 1811 carissime
1074 1746 1107 1809 in
1129 1744 1257 1811 Christo
1279 1744 1345 1810 filie
1367 1750 1476 1811 nostre
1497 1744 1705 1826 Helysabetb,
1737 1745 1846 1827 regine
1868 1745 2008 1829 Vugarie
2032 1745 2170 1823 illustris,

667 1870 725 1935 pro
747 1856 781 1915 te
803 1850 894 1916 nobis
917 1851 949 1915 in
971 1850 1031 1915 baa
1053 1856 1145 1932 parte
1173 1848 1337 1915 humiliter
1367 1849 1588 1932 supplicantis,
1618 1869 1648 1932 g.
1672 1848 1693 1914 i.
1718 1867 1754 1926 s.,
1789 1849 2011 1916 canonicatum
2040 1849 2171 1916 ecclesie

668 1954 818 2045 Albensis
840 1953 1049 2019 transiluane
1072 1973 1098 2019 c.
1121 1974 1152 2036 p.
1175 1954 1196 2018 i.
1220 1973 1246 2018 c.
1271 1972 1301 2019 a.
1324 1959 1347 2019 t.
1371 1973 1399 2018 a.
1424 1954 1615 2020 conterimus
1638 1959 1672 2018 et
1695 1953 1734 2018 de
1757 1952 1812 2019 illo
1836 1953 1938 2019 eciam
1959 1955 2171 2037 providemus,

668 2059 863 2140 prebendam
884 2077 960 2123 vero
990 2077 1027 2122 ac
1050 2058 1236 2140 dignitatem
1265 2057 1317 2121 vel
1339 2063 1543 2139 personatum
1574 2076 1631 2122 seu
1662 2056 1801 2122 offic-ium
1832 2075 1902 2122 curn
1933 2076 2011 2123 cura
2032 2058 2086 2123 vel
2110 2061 2171 2124 sine

672 2180 757 2240 cura,
774 2162 802 2226 si
825 2180 887 2243 que
909 2161 960 2225 vel
984 2162 1012 2225 si
1035 2161 1106 2243 quis
1128 2165 1184 2225 aut
1207 2160 1234 2225 si
1257 2162 1376 2242 quain
1400 2160 1485 2225 dieta
1507 2161 1644 2226 ecclesia
1665 2166 1779 2225 vacant
1801 2160 1843 2225 ad
1865 2178 2010 2243 presens,
2032 2162 2086 2227 vel
2110 2183 2172 2227 cum

668 2265 762 2331 simul
782 2270 839 2330 aut
855 2265 1035 2330 successive
1057 2265 1240 2329 vacamriut
1242 2314 1350 2343 .....
1374 2263 1582 2329 conferendas
1604 2264 1656 2331 vel
1678 2262 1886 2331 conferendos
1908 2283 1967 2331 seu
1982 2266 2171 2332 conferenda

667 2370 727 2434 tibi
744 2421 751 2435 .
768 2420 775 2434 .
793 2420 800 2434 .
819 2419 826 2433 .
844 2419 851 2433 .
870 2369 900 2434 d.
917 2388 945 2433 a.
961 2387 1163 2433 reservamus
1180 2418 1187 2432 .
1204 2419 1211 2432 .
1228 2418 1235 2432 .
1254 2387 1278 2446 .;
1303 2368 1580 2433 nonobstantibus
1596 2418 1729 2433 ......
1746 2373 1802 2434 aut
1817 2370 1902 2451 quod
1917 2370 1950 2435 in
1966 2371 2171 2454 Strigoniensi

668 2474 887 2539 canonicatum
909 2477 943 2537 et
963 2472 1157 2554 prebendam
1187 2472 1312 2536 obtines
1328 2476 1361 2535 et
1375 2472 1408 2536 in
1424 2470 1624 2536 waradiensi
1647 2472 1679 2535 in
1695 2474 1888 2548 ,canonicum
1910 2492 1947 2539 es
1968 2481 2123 2558 receptus
2143 2480 2171 2540 et

669 2579 701 2643 in
717 2578 828 2642 malem
840 2577 1040 2641 Waradiensi
1056 2577 1202 2641 ecclesiis
1217 2576 1410 2659 prebendam
1426 2595 1463 2640 ac
1478 2576 1664 2658 dignitatern
1680 2576 1731 2640 vel
1747 2583 1951 2659 personatum
1967 2597 2025 2643 seu
2038 2578 2170 2644 officium

669 2702 740 2747 cum
763 2701 839 2746 cura
860 2682 911 2746 vel
934 2683 1003 2746 sine
1026 2700 1103 2746 cura
1126 2701 1184 2763 per
1205 2680 1330 2744 litteras
1359 2679 1551 2762 apostolicas
1574 2681 1714 2746 nosceris
1737 2685 1916 2763 expectare,
1947 2701 2029 2764 quas
2052 2683 2170 2749 litteras

669 2793 703 2853 et
723 2804 893 2869 processus
915 2785 1043 2851 habitos
1065 2805 1124 2868 per
1147 2785 1276 2850 casdem
1300 2790 1332 2849 et
1347 2803 1534 2867 quecunque
1556 2785 1629 2848 inde
1652 2790 1764 2849 secute
1786 2786 1889 2867 quoad
1913 2786 2104 2869 dignitatem
2126 2788 2169 2852 vel

668 2895 872 2972 personatum
895 2908 952 2956 seu
975 2896 1120 2955 curatum
1143 2889 1281 2956 officium
1310 2889 1490 2953 huiusmodi
1516 2908 1640 2954 exnunc
1663 2907 1833 2968 cassamus
1864 2890 2028 2957 irritamus
2051 2894 2169 2957 omniuo

670 3000 703 3059 et
724 2993 842 3059 nuliius
865 2993 933 3058 fore
956 2995 1154 3059 decernimus
1184 2993 1307 3059 roboris
1328 2992 1379 3057 vel
1402 2994 1562 3072 momenti,
1593 2994 1639 3057 eis
1670 2994 1774 3076 quoad
1804 2995 2025 3061 canonicatum
2049 3000 2084 3060 et
2104 3014 2168 3079 pre

668 3098 805 3164 bendam
824 3102 858 3164 et
873 3097 1013 3164 officium
1037 3099 1106 3163 sine
1129 3117 1205 3163 cura
1221 3098 1252 3162 in
1269 3115 1327 3162 sua
1349 3097 1585 3162 remanentibus
1607 3095 1805 3162 firmitate..
1823 3149 1830 3162 .
1848 3148 1855 3163 .
1880 3099 1919 3164 D.
1943 3098 2030 3181 apud
2046 3099 2169 3166 Villam·

673 3220 798 3281 nouam,
821 3203 859 3268 Α.
883 3202 924 3282 (1.,
947 3203 1015 3269 ΙΙΙΙ
1038 3202 1102 3267 kal.
1126 3201 1273 3268 Octobris
1296 3221 1324 3268 a.
1349 3209 1471 3285 quarto.

775 3307 813 3372 ln
836 3327 864 3372 e.
887 3325 928 3371 m.
952 3307 1004 3371 dd.
1026 3305 1058 3372 ii.
1075 3357 1108 3372 ..
1134 3306 1357 3372 archidiacono
1387 3307 1572 3385 Arniensis,
1603 3304 1823 3383 (tenoliensis
1854 3310 1934 3373 et..
1959 3307 2083 3373 cantori
2112 3308 2168 3372 Bu-

669 3409 785 3491 densis,
808 3411 1068 3493 wesprimiensis
1091 3410 1238 3491 diocesis,
1260 3430 1299 3476 ac
1315 3462 1346 3476 ..
1372 3411 1506 3476 sacriste
1528 3410 1755 3475 Aniniouensis
1778 3411 1984 3476 ecclesiarum
2000 3429 2026 3477 s.
2043 3416 2095 3477 etc
2098 3460 2166 3476 .....

669 3515 707 3581 Ι).
737 3520 773 3580 ut
795 3534 819 3581 s.

772 3686 920 3743 Clementis
945 3687 984 3743 Vl
1007 3690 1040 3741 A.
1065 3687 1133 3759 nvp
1151 3692 1207 3759 (85)
1226 3688 1245 3743 i.
1263 3694 1323 3755 490,
1342 3686 1376 3741 de
1395 3686 1527 3756 dignitate
1545 3687 1596 3742 sub
1615 3686 1808 3757 expectatione
1827 3704 1873 3756 qu.
1892 3695 1916 3755 1,
1934 3686 2048 3743 rubrica
2065 3688 2123 3744 solu
2137 3706 2166 3741 :

670 3772 703 3827 V.
725 3779 772 3827 171
792 3772 811 3828 i.
830 3775 855 3826 δ’
875 3789 901 3826 n
920 3780 936 3828 6
953 3774 1072 3829 litterae.
1091 3807 1124 3815 -
1142 3775 1194 3829 Ed.
1212 3775 1334 3829 Tbeiner
1350 3773 1415 3827 ΜΗ.
1434 3773 1446 3826 l
1465 3790 1491 3827 u.
1507 3779 1581 3827 1060.
1595 3806 1628 3814 —
1643 3776 1662 3842 ¹)
1682 3774 1722 3828 sic
1741 3774 1873 3844 scriptum
1891 3773 1920 3829 in
1938 3776 1982 3842 A,
2001 3774 2053 3829 sed
2071 3776 2166 3844 ,Propi

668 3859 815 3929 legendum
834 3876 897 3915 esse
912 3861 1027 3916 videtur.
1046 3862 1098 3915 Die
1110 3863 1183 3917 enim
1196 3869 1227 3917 15
1239 3860 1333 3916 Martii
1353 3860 1417 3915 anui
1437 3866 1503 3914 1346
1523 3860 1609 3931 [apud
1628 3878 1678 3916 nos
1692 3878 1765 3915 uum.
1778 3862 1839 3931 586]
1857 3860 2020 3917 conceditur
2038 3862 2166 3918 obsonato

667 3947 753 4016 plena
776 3945 906 4003 Ladislao
931 3947 966 4003 de
990 3949 1079 4017 Praga
1103 3947 1219 4015 cuidam,
1246 3947 1378 4003 canonico
1405 3946 1595 4016 strigoniensi,
1618 3949 1663 4016 qui
1682 3947 1757 4003 baud
1776 3948 1847 4003 alius
1866 3948 1907 4002 vir
1924 3955 2009 4017 atque
2028 3948 2167 4005 Lamum

666 4033 714 4088 ille
733 4032 767 4086 dc
784 4032 873 4101 Praga
890 4033 977 4089 inisse
995 4033 1111 4089 videtur.

663 4572 756 4638 519.
793 4570 967 4650 Joliannes,
991 4592 1047 4635 rec
1070 4569 1249 4649 Bolecmr'ac,
1272 4571 1444 4654 supplicat,
1470 4576 1627 4654 praeterens
1643 4575 1753 4653 fratri
1774 4573 1918 4639 Jolranni
1939 4574 1979 4638 de
2004 4576 2162 4649 Dionanto,

659 4675 766 4758 priori
774 4677 941 4759 prioratus
956 4676 1060 4739 sancti
1074 4674 1247 4740 Tbeobaldi
1262 4675 1300 4739 de
1317 4675 1600 4759 Castroportnensi,
1618 4677 1816 4756 concedatur,
1831 4682 1868 4740 nt
1883 4701 1903 4742 a
1919 4677 2004 4742 dicto
2013 4680 2163 4764 prioratu,

1134 4779 1241 4862 preoad
1254 4781 1378 4855 vicerit,
1403 4780 1541 4844 amoveri
1563 4785 1704 4861 neqncecrt.

1361 4970 1458 5054 Apnd
1488 4969 1726 5052 Villamnovorn,
1753 4973 1841 5037 1345
1863 4973 2058 5056 Septerrm
2079 4976 2126 5041 30.

766 5187 931 5271 Significat
954 5190 984 5254 S.
1010 5189 1046 5253 V.
1070 5189 1205 5253 (levatus
1227 5190 1249 5254 f.
1272 5207 1301 5252 v.
1325 5187 1497 5266 Jobannes,
1531 5206 1587 5251 rex
1618 5189 1760 5267 Boeruie,
1795 5190 1879 5271 qnod
1911 5190 2058 5256 dominus
2087 5190 2161 5258 Heu·

664 5295 759 5371 ricus,
795 5292 894 5359 abbas
924 5294 1106 5358 monasterii
1138 5295 1239 5357 sancti
1270 5293 1439 5358 Humberti
1463 5293 1494 5356 in
1517 5293 1675 5371 ardenna,
1711 5295 1831 5359 ordinis
1863 5296 1966 5360 sancti
1996 5294 2160 5368 Benedicti,

663 5398 851 5463 Leodiensis
881 5398 1028 5475 diocesis,
1060 5396 1221 5462 confidens
1253 5398 1292 5461 de
1315 5397 1456 5461 moribus
1479 5403 1512 5461 et
1534 5396 1694 5479 probitate
1724 5398 1866 5481 religiosi
1895 5399 1957 5465 viri
1987 5399 2097 5466 notris
2115 5398 2161 5463 lo

663 5501 788 5579 hannis,
823 5502 938 5583 prioris
960 5503 1121 5584 prioratus
1145 5503 1245 5566 saneti
1269 5500 1443 5565 Tbeobaldi
1468 5500 1507 5564 de
1532 5499 1822 5582 Castroportuensi,
1858 5504 1935 5569 dicti
1958 5504 2089 5583 ordinis,
2111 5503 2161 5568 Re

665 5606 783 5669 mensis
807 5605 954 5681 ‹liecesis
979 5606 1086 5670 dilecti
1111 5605 1254 5670 ciusdem
1271 5607 1366 5687 regis,
1390 5625 1497 5670 euram
1516 5612 1549 5669 et
1564 5607 1704 5687 roginnu
1728 5607 1871 5671 eiusdem
1887 5608 2060 5689 prioratus,
2083 5610 2161 5674 cuius

661 5707 793 5784 tructus,
817 5728 842 5772 r.
867 5714 900 5772 et
923 5729 953 5790 p.
977 5710 1184 5773 ducentarum
1212 5710 1363 5774 librarum
1389 5710 1615 5773 Parisieusium
1638 5729 1662 5772 s.
1687 5716 1708 5773 t.
1734 5710 1762 5774 d.
1788 5711 1926 5775 valorem
1949 5731 2089 5778 aunum
2109 5727 2161 5776 noo
