5184 7050
1860 895 1925 965 eto

411 1101 506 1168 570.
527 1099 672 1169 Jocam·
693 1099 776 1166 dicto
797 1099 955 1164 Podoono
975 1100 1160 1180 mandetur,
1182 1104 1338 1183 quatenus
1360 1103 1501 1180 fructos,
1528 1100 1671 1166 redditus
1693 1106 1723 1165 et
1742 1105 1923 1185 provectus,

411 1204 454 1268 cd
476 1225 637 1269 mmerom
652 1203 858 1289 apostolicam
872 1204 907 1268 ic
922 1205 1051 1269 deitate
1065 1210 1096 1270 ct
1111 1206 1227 1270 diocesi
1242 1204 1399 1285 Progressi
1413 1209 1599 1288 spectantes
1614 1205 1758 1288 colligere
1767 1211 1925 1289 promeret.

1326 1413 1491 1489 Aciniooe,
1516 1417 1599 1481 1345
1622 1414 1804 1481 Decembris
1828 1417 1879 1482 17.

519 1624 559 1688 Ι).
582 1622 605 1688 f.
627 1623 765 1690 Jobanni
796 1623 881 1690 dicto
903 1623 1065 1702 Paduano,
1099 1623 1219 1689 decano
1253 1623 1389 1688 ecclesie
1423 1623 1665 1706 Viccgradeusis
1699 1627 1790 1687 extra
1818 1640 1925 1688 muros

411 1727 601 1809 Pragenses.
639 1727 766 1793 Dudum
797 1733 869 1810 post
898 1728 1150 1810 assumptionem
1182 1732 1325 1793 nostram
1355 1727 1396 1792 ad
1429 1727 1543 1792 summi
1574 1726 1771 1809 apostolatus
1802 1727 1924 1809 apicem

412 1848 470 1895 nos
495 1831 698 1897 attendentes
720 1833 830 1915 gravia
853 1836 886 1898 et
907 1832 1120 1915 importabilia
1149 1850 1359 1914 expensarum
1381 1850 1487 1910 onera,
1521 1850 1644 1896 camere
1673 1836 1782 1897 nostre
1805 1833 1925 1897 incum-

414 1935 538 2015 bencia,
562 1940 595 2001 et
618 1937 783 2001 raritatem
806 1941 1015 2018 proventuum
1039 1937 1182 2001 eiusdem
1205 1956 1339 2015 camere,
1363 1936 1402 2000 ad
1433 1935 1544 2000 eadem
1577 1954 1674 2000 onera
1708 1937 1926 2019 supportanda

412 2058 618 2122 nequaquam
641 2039 880 2121 sufficientium,
905 2042 1093 2125 diligencius
1117 2047 1367 2125 compensantes,
1391 2040 1605 2104 necessarium
1632 2041 1742 2122 procul
1766 2040 1860 2105 dubio
1883 2042 1927 2105 vi·

411 2144 518 2209 dimus
547 2144 708 2226 prelibate
738 2164 861 2210 camere
892 2145 1142 2211 subveniendum
1170 2145 1240 2212 fore
1269 2146 1310 2209 de
1339 2145 1503 2226 oportunis
1534 2144 1695 2223 subsidiis,
1729 2164 1769 2209 ne
1795 2150 1928 2227 propter

412 2254 598 2331 sumptuum
621 2249 780 2314 defectum
803 2254 836 2314 et
859 2251 997 2333 inopiam
1027 2250 1161 2315 ecclesie
1184 2251 1324 2315 Romane
1359 2249 1489 2330 negocia
1520 2249 1742 2314 subicerentur
1774 2248 1925 2332 periculis

412 2359 448 2420 et
471 2354 613 2418 iacturis.
639 2355 778 2437 Ideoque
801 2354 1034 2420 deliberacione
1057 2356 1167 2438 previa
1188 2354 1321 2438 provida
1344 2359 1377 2419 et
1399 2357 1523 2417 matura
1546 2352 1741 2434 quorundam
1757 2353 1927 2435 predeces-

411 2478 521 2524 sorum
543 2465 732 2538 nostrorum,
755 2460 967 2524 Romanorum
989 2459 1182 2542 pontificum,
1206 2460 1350 2542 vestigiis
1380 2476 1476 2540 super
1498 2457 1560 2521 hiis
1581 2451 1771 2536 inherentes,
1788 2456 1921 2537 fructus,

413 2563 560 2628 redditus
582 2567 617 2628 et
639 2569 811 2645 proventus
834 2565 928 2630 unius
950 2565 1024 2628 anni
1046 2565 1184 2629 omnium
1207 2571 1240 2629 et
1262 2563 1457 2646 singulorum
1484 2560 1707 2626 beneficiorum
1730 2561 1923 2628 eeclesiasti-

411 2687 523 2734 corum
539 2687 610 2733 cum
629 2687 706 2735 cura
727 2668 778 2734 vel
800 2670 869 2732 sinc
892 2688 977 2747 cura,
1000 2669 1101 2734 eciam
1117 2669 1314 2751 dignitatum,
1339 2674 1574 2751 personatuum,
1597 2666 1919 2746 administracionum,

413 2771 594 2839 officiorum
616 2779 650 2839 et
671 2773 811 2839 locorum
834 2773 1131 2855 ecclesiasticorum,
1153 2777 1229 2840 tunc
1251 2775 1434 2840 vacantium
1457 2776 1491 2837 et
1509 2773 1636 2837 inantea
1659 2790 1759 2853 usque
1778 2772 1818 2837 ad
1834 2772 1923 2837 bien-

411 2879 502 2943 nium
532 2884 764 2959 vacaturorum,
798 2879 839 2943 ad
869 2879 1115 2961 disposicionem
1148 2880 1321 2961 nostram)
1357 2897 1395 2944 ex
1429 2877 1547 2942 nostris
1580 2876 1630 2941 vel
1664 2876 1925 2958 predecessorum

414 2989 610 3063 nostrorum,
633 2983 845 3047 Romanorum
867 2980 1061 3064 pontificum,
1084 2982 1276 3066 specialibus
1291 2981 1342 3046 vel
1357 2981 1560 3062 generalibus
1577 2981 1850 3046 reservacionibus
1872 2987 1929 3046 aut

413 3087 498 3152 alias
521 3087 562 3151 ad
583 3091 723 3152 nostram
746 3087 989 3169 disposicionem
1012 3086 1192 3151 immediate
1221 3085 1446 3169 spectantium,
1481 3086 1540 3150 sub
1563 3087 1660 3151 cortis
1682 3085 1794 3165 modis
1818 3080 1928 3150 formis

411 3197 450 3257 et
473 3192 720 3272 condicionibus,
744 3192 776 3257 iu
797 3190 916 3256 litteris
938 3193 1056 3256 nostris
1087 3191 1159 3256 inde
1190 3191 1342 3257 contectis
1366 3191 1522 3255 contentis
1546 3190 1671 3272 plenius
1694 3196 1727 3253 ct
1754 3192 1925 3272 expressis,

413 3295 627 3360 reservandos
650 3296 797 3361 duximus
820 3302 853 3360 et
876 3296 978 3360 eidem
1002 3314 1126 3361 camere
1148 3315 1205 3378 pro
1228 3295 1453 3378 supportandis
1473 3295 1582 3360 utilius
1602 3294 1722 3358 eisdem
1746 3294 1927 3375 sumptibus

412 3408 450 3466 et
484 3399 634 3466 oneribus
664 3400 878 3483 applicandos,
913 3420 950 3465 ac
980 3400 1211 3482 subsequenter
1239 3401 1378 3466 iustmrte
1408 3399 1471 3464 fiue
1501 3399 1680 3465 huiusmodi
1710 3399 1830 3463 biennii
1865 3417 1923 3463 neo

411 3506 522 3573 adhuc
543 3510 620 3571 tunc
642 3505 887 3571 necessitatibus
907 3505 1087 3571 huiusmodi
1103 3525 1226 3570 camere
1242 3504 1398 3588 prelibate
1413 3504 1587 3583 subductis,
1604 3523 1661 3570 nos
1676 3505 1928 3570 reservacionem

412 3617 452 3676 et
472 3610 722 3693 applicacionem
745 3610 907 3693 predictas
930 3611 988 3675 sub
1011 3610 1131 3678 eisdem
1160 3611 1272 3690 modia,
1306 3610 1415 3675 formis
1445 3615 1480 3675 et
1501 3609 1738 3675 condicionibus
1761 3628 1862 3692 usque
1885 3609 1926 3674 ad

412 3714 508 3782 aliud
528 3714 693 3781 biennium
715 3714 910 3797 providimus
933 3714 1158 3781 extendendas.
1198 3713 1277 3780 Cum
1303 3720 1419 3793 autern,
1444 3715 1526 3778 sicut
1549 3713 1771 3794 intelleximus,
1795 3713 1928 3793 tnrctus,

411 3820 563 3886 redditus
586 3825 620 3885 et
642 3825 815 3902 proventus
837 3819 1059 3886 nonnullorum
1081 3817 1305 3888 beneficiorum
1328 3818 1616 3884 ecclesiasticorum
1638 3817 1829 3896 huiusmodi,
1856 3837 1930 3885 con·

421 3925 611 3990 sistencium
635 3924 667 3988 in
690 3924 829 4003 civitate,
852 3923 973 3990 diocesi
988 3929 1022 3989 et
1036 3924 1197 4006 provincia
1211 3924 1374 4007 Ptagensi,
1389 3924 1498 4007 vigore
1511 3923 1766 3990 reservacionum
1781 3928 1815 3988 et
1829 3922 1931 4006 appli-

415 4030 585 4095 cacionum
607 4028 788 4095 huiusmodi
811 4028 914 4095 adbuc
937 4032 1084 4111 prototo
1114 4027 1163 4093 vel
1187 4048 1244 4110 pro
1267 4033 1358 4111 parte
1381 4028 1558 4093 debeantur
1581 4046 1705 4093 camere
1728 4027 1928 4109 supradicte:

411 4153 477 4200 nos
498 4134 643 4200 volentes
664 4134 766 4217 ipsius
796 4134 963 4217 providere
993 4133 1274 4215 indempnitatibus
1302 4132 1482 4215 superbiis
1509 4137 1542 4197 et
1565 4132 1605 4197 de
1628 4136 1683 4197 tue
1706 4129 1870 4198 fidelitatis
1893 4137 1926 4197 et

412 4239 715 4321 circumspectionis
737 4239 894 4304 industria
916 4237 1042 4321 plenius
1064 4239 1096 4302 in
1119 4238 1244 4303 domiuo
1267 4235 1473 4316 confidentes,
1496 4236 1683 4301 discrecioni
1705 4240 1761 4301 tue
1776 4255 1834 4319 per
1853 4255 1929 4320 apo·

414 4343 534 4409 stolica
554 4344 676 4425 scripta
697 4343 920 4408 committimus
943 4347 976 4407 et
997 4344 1192 4421 mandamus,
1219 4348 1376 4424 quatenus
1399 4361 1456 4423 per
1478 4347 1511 4407 te
1534 4360 1572 4405 ac
1594 4339 1842 4406 subcollectores
1865 4338 1928 4405 fide

420 4467 461 4513 ac
486 4446 691 4513 iacvdtatibus
720 4446 862 4526 idoneos,
891 4451 966 4511 ate
989 4447 1180 4528 superbiis,
1215 4448 1367 4528 quociens
1396 4451 1585 4529 oportunum
1608 4445 1802 4527 cognoveris,
1835 4462 1931 4527 snper

413 4553 480 4617 hoc
502 4551 711 4634 deputandos,
734 4550 868 4630 fructus,
890 4549 1036 4615 redditus
1065 4554 1099 4614 et
1121 4556 1295 4633 proventus
1317 4551 1508 4630 huiusmodi,
1540 4550 1594 4632 qui
1618 4549 1701 4615 dicte
1725 4567 1850 4614 camere
1872 4568 1927 4614 no-

413 4657 504 4721 mine
527 4653 651 4720 collecti
674 4652 804 4719 fuerunt
825 4651 876 4719 vel
899 4653 1029 4736 recepti,
1053 4672 1091 4718 ac
1122 4653 1201 4718 alios
1231 4661 1413 4737 proventae,
1444 4656 1476 4721 in
1503 4655 1622 4721 eisdem
1647 4654 1786 4734 civitate,
1810 4653 1927 4718 diocesi

413 4766 451 4826 et
474 4760 637 4842 provincia
658 4776 816 4824 cameram
839 4759 942 4840 ipsam
964 4758 1193 4841 contingentes,
1217 4777 1315 4842 super
1345 4761 1459 4842 quibus
1491 4759 1680 4842 simpliciter
1706 4758 1801 4823 etde
1824 4757 1928 4840 plano,

414 4867 490 4930 sine
512 4863 648 4946 strepitu
671 4868 704 4927 et
726 4862 828 4945 figura
851 4863 970 4940 iudicii,
993 4862 1021 4926 si
1044 4881 1175 4927 necesse
1204 4862 1311 4941 fuerit,
1334 4868 1368 4928 te
1399 4862 1561 4944 informes,
1591 4869 1657 4928 tam
1687 4882 1744 4945 pro
1774 4863 1928 4946 preterito

415 4988 515 5052 quam
538 4968 645 5033 futuro
667 4971 810 5048 tempore
832 4984 934 5048 usque
957 4967 997 5030 ad
1020 4974 1162 5032 nostrum
1185 4968 1417 5050 beneplacitum
1434 4974 1554 5050 petere,
1578 4969 1706 5050 erigere
1728 4986 1764 5031 ac
1784 4967 1928 5049 recipcre

414 5074 522 5158 ipsius
544 5090 668 5138 mvnere
691 5073 816 5137 nomine
838 5070 969 5137 studeas
991 5069 1129 5137 fideliter
1151 5077 1184 5137 et
1205 5072 1349 5151 solerter,
1372 5072 1622 5137 contradictores
1648 5070 1808 5152 quoslibet
1830 5088 1927 5152 super

415 5179 483 5243 biis
505 5184 539 5241 et
560 5176 708 5256 rebelles,
742 5178 959 5258 cuiuscunque
981 5181 1094 5256 status,
1130 5176 1261 5255 ordinis,
1296 5177 1460 5259 dignitatis
1489 5176 1539 5242 vol
1566 5176 1759 5242 condicionis
1782 5175 1929 5252 existant,

415 5284 520 5347 eciam
542 5282 571 5347 si
593 5279 766 5363 pontificali
788 5279 839 5344 vel
862 5280 974 5362 quavis
996 5279 1059 5344 alia
1081 5280 1282 5364 prefulgeant
1304 5282 1467 5363 dignitate,
1499 5300 1556 5364 per
1586 5298 1752 5346 censuram
1775 5278 1928 5343 ecclesia·

417 5389 533 5454 sticam
555 5385 773 5469 appellacione
796 5386 976 5469 postposita
997 5385 1237 5467 compescendo,
1260 5405 1322 5451 uon
1345 5386 1543 5451 obstantibus
1570 5384 1783 5466 exempcionis
1805 5389 1839 5448 et
1861 5384 1930 5464 qui-

415 5493 528 5559 busvis
550 5491 623 5556 aliis
646 5490 831 5572 privilegiis,
855 5489 1064 5571 indulgenciis
1087 5496 1120 5555 et
1141 5491 1258 5555 litteris
1281 5490 1475 5573 apostolicis,
1498 5491 1663 5573 quibusvis
1679 5488 1832 5572 personis,
1850 5488 1928 5553 locis

416 5598 469 5665 vel
491 5597 659 5663 ordinibus
689 5596 728 5661 ab
751 5595 863 5660 eadem
892 5594 969 5659 sede
999 5595 1059 5660 sub
1090 5614 1279 5678 quacunque
1312 5595 1414 5662 forma
1446 5595 1496 5661 vel
1530 5594 1735 5678 expressione
1761 5593 1930 5659 verborum

417 5704 591 5782 concessis,
615 5720 675 5783 per
696 5720 758 5783 qne
772 5708 828 5765 tue
844 5700 1076 5765 iurisdicciouis
1099 5702 1249 5767 crecucic
1271 5707 1382 5787 posset
1404 5700 1641 5783 quomodolibet
1656 5698 1812 5782 impediri,
1836 5704 1869 5763 ct
1891 5698 1932 5764 de

417 5812 534 5896 quibus
557 5825 758 5892 quorumque
778 5807 856 5872 totis
877 5806 1042 5872 tenoribus
1064 5811 1151 5872 esset
1173 5807 1205 5873 in
1221 5807 1422 5892 presentibus
1444 5806 1486 5873 de
1504 5806 1602 5873 verbo
1617 5805 1658 5872 ad
1673 5806 1804 5872 verbum
1826 5804 1929 5888 speci·
