5184 7050
1859 872 1922 942 125

412 1094 551 1160 ecclesie
585 1094 646 1160 sibi
669 1095 792 1161 noverit
826 1095 1031 1161 interdictum
1061 1102 1094 1160 et
1117 1114 1136 1158 a
1160 1097 1376 1160 crorrununione
1411 1094 1604 1159 eucharistie
1639 1093 1708 1177 ipso
1738 1091 1823 1158 iacto
1854 1105 1924 1154 sen-

411 1202 477 1265 ciat
508 1218 544 1265 se
576 1219 776 1283 suspensum,
811 1201 911 1265 donec
942 1200 981 1264 dc
1011 1201 1108 1282 duplo
1143 1200 1323 1265 huiusmodi
1363 1200 1504 1281 gravatis
1536 1198 1690 1275 ecclesiis,
1721 1192 1923 1260 uronasteriis

412 1305 480 1369 sive
504 1304 584 1368 locis
608 1305 803 1369 satisfecerit
826 1324 896 1369 cum
919 1304 1043 1384 ellectu,
1067 1305 1158 1370 nulla
1180 1305 1302 1369 eisdem
1326 1304 1410 1369 ultra
1425 1304 1663 1369 moderaciones
1686 1306 1719 1366 et
1740 1299 1924 1365 taxationes

412 1409 576 1490 predictas
598 1408 828 1491 recipientibus
851 1409 883 1472 in
906 1409 968 1473 hiis
991 1409 1179 1473 donancium
1204 1410 1399 1488 remissione,
1422 1408 1618 1473 liberalitate
1641 1425 1697 1471 sen
1721 1403 1831 1488 gracia
1845 1400 1925 1465 vali·

412 1522 494 1580 tura.
520 1513 671 1579 Ceterum
693 1514 932 1578 moderationes
955 1519 988 1579 et
1010 1515 1197 1579 taxationes
1219 1513 1401 1579 luriusmodi
1417 1514 1450 1577 in
1466 1512 1531 1576 illis
1555 1513 1633 1577 locis
1657 1509 1801 1574 volumus
1817 1507 1923 1570 obser·

414 1619 489 1697 vari,
525 1617 697 1699 inquibus
727 1616 760 1682 id
782 1616 852 1681 lieri
875 1617 994 1699 poterit
1024 1617 1196 1682 secundum
1228 1618 1373 1695 ecclesie,
1407 1617 1592 1682 monasterii
1624 1615 1673 1679 vel
1697 1614 1760 1678 loci
1791 1609 1924 1676 alterius

414 1722 595 1787 facultates.
618 1723 656 1786 ln
679 1721 751 1786 aliis
774 1726 881 1785 autem
904 1726 1025 1785 tantam
1054 1723 1248 1804 precipimus
1270 1723 1460 1787 modestiam
1484 1721 1636 1800 adhiberi,
1669 1718 1753 1801 quod
1775 1735 1833 1799 per
1855 1713 1923 1791 hec,

413 1827 531 1909 quoad
547 1826 806 1890 exonerationem
823 1824 962 1889 locorum
982 1825 1274 1890 ecclesiasticorum
1298 1827 1468 1891 statuenda
1491 1827 1695 1908 providimus,
1718 1841 1780 1888 non
1797 1820 1925 1885 doleant

414 1949 447 1995 se
470 1930 609 2012 gravari,
643 1947 701 1993 nec
724 1947 782 2010 per
804 1929 864 1994 hec
887 1928 963 1992 dicti
997 1929 1112 2010 prelati
1144 1931 1292 2012 exigendi
1324 1931 1460 2012 anrplius
1495 1950 1589 2012 quam
1620 1931 1682 2012 ipsi
1713 1925 1833 1992 subditi
1856 1923 1924 2006 pati

412 2035 538 2118 possint
562 2032 718 2097 indultam
734 2031 796 2097 sibi
812 2034 965 2098 extiment
986 2039 1189 2114 potestatem.
1214 2035 1382 2099 Promissis
1405 2054 1530 2117 qrnoque
1554 2033 1720 2099 adiciendo
1743 2031 1923 2103 statuimus,

412 2138 508 2221 qnod,
533 2139 560 2202 si
584 2137 661 2201 dicti
683 2136 801 2217 prelati
825 2138 874 2201 vel
898 2138 1015 2217 aliquis
1038 2139 1210 2203 eorundem
1234 2158 1272 2203 ex
1296 2140 1472 2221 apostolica
1495 2139 1697 2220 indulgencia
1719 2136 1769 2200 vel
1793 2150 1925 2200 consue-

410 2242 526 2306 tudine
549 2259 606 2306 seu
629 2240 669 2305 de
693 2241 762 2304 iure
784 2245 898 2321 petant
920 2241 980 2305 sibi
996 2243 1036 2306 ab
1053 2242 1209 2321 ecclesiis,
1232 2245 1434 2308 monasteriis
1451 2249 1484 2307 et
1500 2243 1579 2307 locis
1602 2241 1676 2307 aliis
1698 2237 1925 2305 ecclesiasticis

412 2364 588 2426 eorumque
611 2343 772 2428 capitulis,
797 2344 940 2427 collegiis
962 2346 1013 2409 vel
1037 2347 1254 2424 conventibus
1280 2347 1456 2411 rectoribus
1480 2365 1536 2412 seu
1559 2346 1705 2429 personis
1727 2344 1925 2409 moderatum

411 2470 470 2514 seu
495 2451 699 2515 caritativum
722 2449 898 2514 subsidium
921 2449 1073 2529 exhiberi,
1105 2470 1166 2514 non
1190 2452 1315 2532 possint
1337 2471 1356 2515 a
1380 2452 1514 2534 singulis
1538 2451 1693 2527 ecclesiis,
1725 2445 1925 2512 monasteriis

411 2554 481 2618 sive
503 2554 583 2618 locis
606 2573 665 2635 pro
688 2554 831 2619 subsidio
855 2553 1034 2619 huiusmodi
1059 2555 1143 2621 ultra
1165 2561 1275 2638 petere
1299 2557 1348 2620 vel
1372 2557 1524 2638 recipcre,
1548 2557 1648 2620 eciam
1669 2553 1839 2628 avolante,
1863 2550 1925 2613 nisi

414 2663 571 2739 quantum
593 2658 803 2723 ascenderent
826 2659 950 2740 singule
972 2661 1218 2741 procuraciones
1233 2661 1266 2723 in
1282 2662 1417 2741 pecunia
1439 2679 1498 2742 per
1513 2679 1570 2724 nos
1586 2659 1733 2741 superius
1751 2656 1924 2733 moderate,

413 2780 495 2844 quas
519 2762 615 2827 iidem
639 2762 755 2845 prelati
777 2764 967 2844 reciperent,
1002 2764 1128 2845 quando
1151 2782 1189 2827 ex
1212 2764 1380 2846 privilegio
1403 2783 1461 2847 per
1484 2764 1581 2828 alivnn
1603 2763 1782 2827 visitarent.
1828 2759 1925 2823 Porro

413 2867 616 2931 Turonenses
639 2866 800 2948 predictos
816 2866 898 2931 tales
914 2866 983 2931 lore
1000 2867 1214 2949 intelligimus,
1239 2868 1323 2949 quod
1347 2868 1512 2933 duodecim
1530 2870 1669 2950 ipsorum
1686 2865 1814 2931 valeant
1829 2881 1925 2927 unum

413 2969 568 3034 tiorenum
590 2971 665 3034 boni
681 2976 715 3035 et
729 2972 801 3052 puri
825 2972 896 3035 auri
919 2971 1031 3053 legalis
1046 2971 1196 3052 ponderis
1212 2977 1245 3035 et
1261 2973 1342 3037 conii
1366 2972 1550 3037 Florentini.
1575 2972 1637 3036 Per
1660 2968 1923 3035 constitucionem

414 3079 520 3140 autern
542 3072 724 3140 huiusmodi
747 3075 902 3152 nolumus,
926 3075 1010 3155 quod
1034 3075 1110 3138 dicti
1134 3075 1248 3156 prolati
1274 3076 1323 3140 vel
1339 3077 1405 3152 alii,
1429 3077 1544 3157 quibus
1567 3074 1764 3138 visitacionis
1787 3069 1925 3135 officium

415 3185 447 3241 et
468 3178 733 3259 procuracionum
755 3179 901 3259 recepe-io
919 3197 956 3241 ev
973 3179 1140 3261 privilegio
1164 3180 1249 3243 sodis
1273 3179 1447 3261 acprostolice
1471 3182 1521 3244 vel
1544 3179 1624 3244 alias
1641 3180 1681 3242 de
1697 3175 1926 3242 consuetudine

413 3281 464 3345 vel
487 3281 527 3346 de
550 3282 620 3346 iure
644 3288 824 3363 competere
847 3281 973 3346 minime
998 3282 1214 3360 dinoscuntur,
1250 3284 1300 3347 ius
1323 3284 1473 3348 visitandi
1498 3303 1553 3347 seu
1577 3283 1823 3364 procuraciones
1845 3279 1926 3343 reci-

415 3386 523 3466 piendi
546 3386 609 3450 sibi
630 3386 759 3450 valeant
774 3386 952 3465 vendicare,
976 3405 1034 3450 nec
1050 3406 1107 3468 per
1123 3388 1385 3451 constitucionem
1401 3388 1534 3451 candem
1550 3387 1623 3451 aliis
1639 3383 1924 3450 constitucionibus

414 3508 511 3573 snper
532 3490 697 3574 premissis
720 3509 778 3573 per
799 3490 1045 3572 predecessores
1068 3495 1194 3556 nostros
1222 3490 1339 3556 [luduin
1371 3492 1466 3556 editis
1489 3491 1593 3574 quoad
1625 3490 1688 3556 alia
1721 3493 1869 3554 contenta
1892 3487 1924 3551 in

414 3596 461 3659 eis
483 3594 688 3678 aliquatenus
711 3594 891 3677 derogetur.
938 3596 1073 3676 Insuper
1097 3596 1230 3660 abbates
1254 3596 1478 3661 Cistercicnsis
1509 3596 1630 3661 ordinis
1653 3612 1711 3660 sua
1734 3592 1926 3657 monasteria

413 3700 583 3763 visitantes
607 3699 666 3763 sub
688 3700 830 3782 presenti
854 3700 1086 3764 constitucione
1109 3706 1219 3764 nostra
1242 3700 1388 3765 nolumus
1411 3701 1643 3782 comprehendi,
1669 3718 1739 3764 curn
1763 3716 1860 3778 super
1878 3697 1926 3760 eis

414 3822 471 3884 per
493 3801 590 3866 aliani
613 3802 849 3868 ordinacionem
872 3809 1013 3866 nostram
1037 3805 1222 3869 duxerimus
1239 3805 1424 3886 specialiter
1438 3805 1676 3887 providendum.
1700 3802 1788 3869 Nulli
1804 3819 1879 3883 ergo
1893 3810 1926 3878 ¹¹¹)

413 3907 540 3971 omnino
563 3905 724 3971 hominum
745 3907 844 3971 liccat
866 3906 947 3971 hanc
971 3909 1120 3990 paginam
1143 3914 1323 3973 nostrarum
1346 3910 1621 3988 constitucionum,
1651 3907 1854 3982 intencionis,
1880 3905 1926 3968 in-

413 4009 594 4089 hibicionis,
610 4009 802 4075 adiectionis
822 4017 854 4076 et
877 4014 1021 4093 precepti
1046 4033 1083 4076 ac
1107 4014 1306 4078 voluntatum
1329 4013 1501 4094 infringere
1525 4014 1575 4077 vel
1598 4014 1628 4077 ei
1653 4031 1732 4077 ausu
1755 4010 1925 4075 temerario

414 4115 583 4179 contraire.
608 4114 639 4179 Si
657 4115 729 4194 spuis
745 4122 851 4178 autem
867 4114 926 4179 hoc
950 4120 1141 4196 attemptare
1164 4117 1403 4197 presumpserit,
1428 4115 1680 4198 indignacionem
1701 4113 1926 4197 onmipotentis

414 4218 465 4282 dei
489 4222 523 4280 et
546 4217 713 4281 beatorum
735 4219 823 4282 Petri
848 4223 881 4281 ot
905 4218 1007 4296 Pauli,
1032 4219 1245 4299 apiostolorurn
1270 4220 1350 4298 eius,
1372 4238 1406 4283 se
1429 4220 1553 4284 noverit
1575 4221 1785 4285 incursurum.
1810 4218 1926 4282 Datum

416 4322 575 4386 hainoienc
598 4321 655 4385 llll
681 4320 834 4384 kalendas
856 4321 1002 4386 ianuarii
1024 4322 1229 4402 pontificatus
1257 4324 1358 4387 nostri
1382 4342 1464 4387 anno
1487 4323 1672 4404 secundo.1)
1718 4324 1867 4387 Ceterum
1892 4328 1926 4384 ut

415 4424 587 4490 earundem
611 4424 791 4488 litterarum
814 4429 905 4488 tenor
934 4424 1115 4490 huiusmodi
1139 4425 1185 4489 sic
1208 4427 1349 4491 insertus
1379 4427 1587 4491 omnimodam
1610 4428 1656 4490 rei
1681 4446 1737 4491 seu
1759 4426 1836 4490 iacti
1861 4445 1928 4488 ccr-

415 4529 586 4593 titurlinenr
610 4529 717 4605 faciat,
753 4529 930 4610 apostolica
954 4528 1146 4593 anctoritate
1170 4530 1378 4608 decernimus,
1410 4534 1445 4594 ut
1468 4531 1546 4593 illud
1569 4530 1653 4594 idern
1675 4531 1772 4594 robur
1794 4546 1927 4609 earnque

416 4634 477 4698 vini
501 4634 701 4713 eundemque
725 4633 862 4714 vigorem
880 4633 984 4696 dictus
1000 4638 1091 4696 tenor
1113 4652 1173 4714 per
1195 4634 1301 4697 ‹rrvruia
1323 4635 1450 4712 heluat,
1474 4653 1567 4715 quern
1587 4633 1740 4697 haberent
1756 4633 1928 4714 originales
1960 4643 1964 4650 '

415 4737 523 4802 littere
548 4738 741 4819 supradicte,
765 4743 799 4802 et
821 4738 932 4800 cadoni
956 4755 1086 4817 prorsus
1110 4737 1212 4801 eidem
1235 4740 1338 4802 tenori
1362 4738 1441 4802 lidos
1465 4738 1663 4814 adlribcatur,
1695 4736 1927 4818 qrmmodocun-

416 4861 477 4923 que
501 4848 534 4906 et
558 4841 747 4923 ubicunque,
780 4842 848 4905 sive
872 4842 903 4905 in
928 4841 1045 4904 iudicio
1069 4841 1119 4904 vel
1143 4842 1229 4920 alibi,
1261 4843 1316 4906 irbi
1338 4843 1435 4908 siverit
1458 4842 1618 4907 cultibitns
1641 4843 1690 4907 vel
1714 4847 1871 4919 ostensus,
1895 4847 1927 4906 et

416 4947 517 5012 eidem
552 4952 657 5011 stetur
689 4944 823 5010 tirmiter
846 4948 877 5009 in
901 4947 1055 5023 erroribus,
1091 4948 1174 5011 sicut
1198 4946 1320 5010 eisdem
1342 4946 1550 5028 originalibus
1584 4947 1701 5012 littoris
1725 4951 1875 5025 staretur,
1899 4947 1925 5010 si

417 5053 520 5115 locent
542 5049 685 5114 exhibite
708 5049 757 5114 vel
780 5055 917 5115 ostense.
942 5051 1002 5114 l'cr
1026 5050 1084 5115 hoc
1106 5056 1213 5114 antem
1237 5051 1358 5114 rrulluvn
1381 5052 1432 5114 ius
1455 5051 1494 5115 dc
1517 5070 1598 5116 novo
1622 5051 1717 5116 alicui
1734 5051 1855 5132 acquiri
1874 5070 1927 5117 vo-

416 5155 530 5233 lumus,
554 5153 611 5219 sed
634 5154 800 5233 antiquum
824 5154 1043 5217 tantunnnodo
1067 5155 1259 5218 conservari.
1283 5153 1372 5219 Nulli
1396 5174 1470 5236 ergo
1487 5160 1547 5220 etc.
1564 5161 1672 5220 nostre
1688 5156 1927 5222 constitucionis

416 5265 446 5323 et
468 5258 645 5324 volvuntatis
669 5257 840 5340 infringere
863 5261 923 5321 etc.
949 5259 988 5322 D.
1012 5258 1170 5322 huinione
1193 5258 1257 5322 hal.
1280 5258 1301 5324 J
1305 5259 1360 5323 ulii
1385 5278 1412 5323 a.
1438 5260 1585 5324 secundo.

517 5463 668 5516 Clementis
686 5464 725 5516 t'l
742 5466 767 5516 Α
785 5465 841 5532 lli
862 5469 916 5533 (li)
937 5467 954 5517 l'.
974 5470 1007 5517 38
1026 5484 1051 5518 n.
1069 5472 1106 5531 lh,
1121 5466 1289 5520 diversarum
1309 5468 1539 5535 terruannorum!
1557 5467 1699 5519 :V.16·2
1718 5467 1736 5520 s.
1752 5473 1784 5519 55
1798 5475 1926 5521 n.1‘l.-

414 5550 669 5615 *),οὺεοτ1)ετθ·Ἀ.
696 5551 929 5619 b'psupplsupra
958 5565 979 5614 ν)
1000 5552 1107 5617 ,dien
1136 5554 1160 5618 ιΙ)
1181 5553 1305 5619 seqnitur
1323 5553 1435 5606 iterum:
1455 5554 1634 5619 ,soecularibus
1647 5554 1692 5607 vel
1707 5553 1927 5620 regularibus—

415 5637 537 5690 eeclesiis
563 5653 614 5690 seu
639 5638 823 5705 prioratibus,
850 5638 897 5691 sed
923 5640 1102 5692 carmellatunr
1122 5643 1153 5691 A.
1181 5647 1203 5705 r)
1232 5641 1357 5706 sarritur
1375 5639 1487 5693 iterum:
1507 5642 1639 5708 ,episcopi
1659 5657 1690 5693 ac
1708 5641 1807 5709 prelati
1827 5641 1873 5695 alii
1898 5673 1926 5682 -

414 5724 587 5789 patriarche‘,
615 5723 663 5775 secl
687 5725 865 5777 eraricellatuur
891 5728 922 5776 h.
952 5730 974 5780 ¹2¹
1002 5727 1126 5794 seqnitur
1153 5726 1322 5792 ,collegiumt
1345 5725 1393 5777 sed
1413 5728 1592 5780 carreellatum
1618 5730 1650 5780 Λ.
1678 5737 1701 5782 ·-'t
1728 5726 1807 5781 deest
1830 5727 1858 5780 in
1885 5730 1929 5793 A,

414 5810 504 5879 suppl.
524 5809 559 5862 ab
579 5808 693 5864 editore.
723 5819 746 5876 ⁸¹)
766 5822 938 5876 ‚exercentes
958 5815 990 5864 Α.
1020 5822 1036 5876 ¹)
1057 5813 1193 5879 serprritur:
1213 5813 1294 5877 ,ultra
1320 5811 1420 5865 dictum
1445 5822 1555 5879 tenipus
1579 5814 1726 5868 restituere
1752 5813 1928 5893 differentes,
