5184 7050
544 809 586 875 28

544 1017 700 1094 obstante,
724 1014 808 1095 quod
832 1012 1051 1077 canonicatum
1074 1019 1107 1077 et
1129 1010 1323 1093 prebendam
1346 1010 1481 1074 ecclesie
1499 1008 1722 1074 Nouiornensis
1737 1007 1880 1071 noscitur
1894 1006 2051 1084 obtinere,

543 1138 613 1183 cum
636 1117 788 1182 clausulis
811 1117 976 1198 oportunis
999 1122 1032 1181 et
1054 1116 1287 1181 executoribus,
1333 1113 1407 1178 Fiat
1429 1115 1468 1178 de
1492 1114 1647 1195 dignitate
1670 1118 1730 1176 ete.
1751 1113 1948 1176 eciamcum
1972 1129 2049 1174 cura

543 1223 575 1286 in
598 1223 734 1287 eeclesia
756 1221 962 1286 Nouiomensi
985 1220 1022 1285 R.
1069 1222 1111 1285 Et
1134 1239 1163 1300 q.
1186 1225 1209 1283 t.
1234 1237 1258 1284 s.
1284 1237 1313 1282 a.
1336 1218 1356 1281 l.
1385 1218 1458 1283 Fiat
1480 1219 1518 1282 n.
1529 1218 1553 1299 ¹)
1585 1219 1623 1281 ll.
1648 1217 1806 1281 Auiuione
1829 1217 1879 1280 111
1903 1216 1945 1280 id.
1968 1213 2051 1279 Julii

544 1346 572 1391 a.
597 1327 708 1407 primo.

649 1496 796 1551 Clementis
814 1497 853 1551 VI
872 1496 890 1549 S
909 1498 950 1568 ill
970 1498 1008 1567 (1)
1028 1496 1046 1550 f.
1066 1498 1118 1550 63'.
1136 1528 1169 1535 —
1190 1498 1209 1564 ¹)
1228 1497 1335 1550 litteras
1360 1495 1422 1549 vide
1446 1496 1475 1548 in
1493 1510 1565 1547 num
1585 1498 1627 1559 52,
1645 1492 1692 1545 ubi
1719 1492 1832 1559 insuper
1858 1490 2052 1544 canonicatum

544 1583 678 1638 ecclesiae
695 1583 879 1640 Tomaeensis
898 1584 1021 1637 obtinere
1042 1582 1150 1651 dicitur,
1170 1584 1204 1638 dc
1223 1599 1276 1652 qno
1295 1584 1339 1658 hic
1358 1582 1435 1637 nulla
1453 1582 1483 1635 tit
1501 1581 1602 1635 mentio
1622 1579 1693 1650 (vide
1712 1596 1784 1632 nuru.
1804 1581 1858 1647 47).

543 2021 608 2088 52.
631 2021 789 2102 Mapistro
810 2022 983 2087 [1111011110
1005 2020 1044 2086 dc
1068 2020 1306 2086 Tacommanda
1319 2020 1364 2104 fit
1384 2020 1495 2100 pratia
1517 2017 1555 2082 de
1577 2016 1733 2097 dipsitatc
1764 2018 1925 2079 vacatura
1945 2013 1982 2078 in
2002 2033 2051 2079 ec·

1154 2125 1252 2191 alesia
1274 2125 1484 2190 Nouiomensi.

589 2283 636 2368 ἱ
651 2249 700 2369 ξ
1552 2278 1714 2354 Aur'nione,
1741 2278 1825 2341 1342
1847 2274 1933 2344 Jutit
1957 2276 2008 2340 13.

649 2491 688 2556 D.
712 2491 733 2556 1.
747 2492 770 2572 ¹)
793 2491 964 2556 Francisco
988 2491 1028 2554 de
1047 2491 1240 2556 Tacomamli
1263 2491 1303 2556 de
1327 2490 1468 2556 Ciuitate
1492 2488 1635 2567 Castelli,
1660 2488 1810 2552 canonico
1834 2483 2052 2562 Nouiomensi‚

545 2594 578 2658 in
609 2596 732 2660 artibus
763 2600 795 2660 et
824 2594 982 2660 medicina
1011 2594 1174 2676 magistro,
1198 2613 1223 2660 s,
1247 2595 1441 2660 Litterarum
1465 2594 1613 2671 sciencia,
1636 2599 1695 2656 rite
1719 2615 1753 2656 ac
1776 2613 1888 2655 morum
1911 2596 2053 2656 honestas

545 2710 574 2763 et
596 2706 654 2764 alia
677 2711 726 2764 tue
748 2705 908 2780 probitatis
930 2706 1044 2780 merita,
1061 2723 1150 2777 super
1172 2705 1277 2779 quibus
1300 2706 1379 2779 apud
1401 2724 1454 2764 nos
1477 2705 1690 2779 fidedignorum
1713 2703 1882 2762 testimonio
1907 2717 2053 2760 commen·

545 2809 634 2885 daris,
650 2816 824 2885 exposcunt,
841 2816 873 2869 ut
888 2809 943 2868 tibi
957 2810 1113 2868 reddamur
1135 2810 1173 2867 ad
1195 2810 1323 2884 graciam
1347 2810 1493 2868 liberales.
1517 2802 1669 2868 Veientes
1694 2803 1802 2882 itaque
1824 2800 2053 2880 premissorum

544 2908 727 2971 meritorum
750 2909 869 2972 iutuitu
898 2926 1020 2972 necnon
1055 2908 1313 2972 corrsideracione
1337 2927 1362 2972 c.
1386 2908 1417 2971 iu
1442 2905 1498 2972 Ch.
1523 2907 1544 2971 1.
1568 2927 1597 2971 u.
1622 2906 1788 2984 1011111111,
1811 2905 1896 2985 rogis
1919 2902 2052 2967 Boemie

545 3011 689 3090 illustris,
712 3031 770 3093 pro
792 3018 835 3092 te,
859 3013 981 3077 medico
1016 3031 1083 3092 suo,
1118 3013 1209 3077 uobis
1243 3032 1340 3094 super
1370 3012 1429 3076 hoc
1452 3011 1614 3075 humiliter
1636 3010 1857 3092 supplicantis,
1881 3024 2053 3089 personam

544 3119 632 3179 tuam
656 3116 687 3179 in
710 3117 846 3182 ecclesia
867 3116 1084 3195 Nouiomensi‚
1108 3117 1199 3181 euius
1222 3117 1335 3180 existis
1362 3117 1543 3194 eanonicus,
1575 3113 1712 3195 amplius
1741 3114 1898 3178 honorare
1927 3111 2052 3191 tibique

544 3221 684 3299 graciam
706 3221 812 3285 facere
836 3222 1016 3302 specialem,
1041 3222 1228 3304 dignitatem
1251 3221 1302 3285 rel
1325 3225 1531 3301 personatum
1554 3238 1609 3282 seu
1634 3217 1772 3283 officium
1795 3236 1866 3280 cum
1900 3233 1977 3279 cura
1999 3212 2051 3277 rel

546 3325 614 3388 sine
638 3344 722 3404 cura,
747 3327 774 3388 si
798 3345 870 3407 1111,
894 3326 944 3390 rel
968 3326 996 3389 si
1019 3326 1182 3409 quisunt
1204 3325 1232 3389 si
1255 3325 1339 3406 111011
1363 3326 1394 3389 iu
1418 3317 2050 3403 111111110101111111111111111111]

547 3448 616 3493 111111
641 3431 810 3509 vacaverit,
834 3432 993 3511 [1111111111
1016 3435 1264 3508 ,crcrcptatr'ouis‘
1287 3438 1320 3489 ut
1343 3431 1483 3509 111111]
1507 3427 1728 3492 conferendam
1751 3426 1802 3490 vel
1825 3423 2051 3489 conferendum

543 3533 603 3597 tibi
626 3547 695 3613 post
716 3543 951 3614 acceptaciouem
975 3540 1140 3599 huiusmodi
1165 3559 1228 3599 oum
1252 3541 1386 3599 omnibus
1409 3540 1524 3598 iuribus
1540 3544 1569 3597 11
1584 3539 1775 3613 pertinenciis
1797 3538 1859 3596 suia
1883 3527 2051 3592 (donaciani

545 3639 1139 3721 1110810111111181111111113,[1111111ιὶ11
1162 3643 1383 3711 ‚inhibitionis‘
1408 3646 1436 3699 et
1458 3643 1598 3711 ,decreti‘
1620 3646 1654 3698 ut
1678 3643 1710 3696 in
1727 3660 1757 3696 n.
1775 3635 1848 3716 61)]
1856 3657 1866 3709 ;
1889 3635 1979 3714 finon
2003 3639 2052 3694 ob·

542 3749 701 3805 sterilibus
724 3750 952 3822 quibuscunque
974 3750 1104 3805 statutis
1127 3753 1155 3804 et
1178 3748 1517 3804 consuetudinibus-
1533 3745 1689 3821 firmitate
1714 3747 1781 3801 alia
1807 3743 1976 3810 roboratis,
1996 3758 2051 3797 seu

543 3853 574 3908 si
590 3852 693 3926 aliqui
712 3870 808 3926 super
826 3855 1060 3927 provisionibus
1081 3854 1145 3910 sibi
1160 3852 1329 3928 faciendis
1345 3852 1382 3907 de
1399 3852 1619 3926 dignitatibus,
1636 3850 1857 3925 personatibus
1871 3846 1920 3903 uel
1934 3845 2052 3922 officiis

547 3956 579 4011 in
602 3957 688 4013 dueta
704 3957 832 4015 eeclesia
847 3959 1015 4031 -quibus
1037 3959 1179 4014 perenibus
1197 3961 1401 4031 preterquam
1425 3959 1614 4012 auctoritate
1637 3959 1746 4011 anostra
1771 3957 1803 4010 in
1827 3952 1955 4009 ecclesia
1980 3951 2051 4023 ipsa

543 4060 725 4118 huiusmodi
757 4062 947 4136 (1191111111,
977 4065 1166 4135 personatus
1200 4061 1247 4117 uel
1283 4058 1393 4137 officia
1432 4060 1663 4134 eaepertantibus
1696 4090 1738 4100 -
1771 4059 1809 4115 de
1848 4054 2052 4115 observandis

544 4167 674 4222 statutis
691 4168 719 4221 et
734 4166 1008 4223 consuetudinibus
1031 4166 1170 4222 eiusdem
1194 4165 1314 4221 ecclesie
1336 4166 1465 4222 racione
1485 4165 1666 4221 huiusmodi
1685 4164 1856 4238 dipnitatie
1870 4179 1923 4219 seu
1942 4178 2051 4234 perso·

545 4272 639 4326 nutus
663 4270 710 4327 vel
731 4268 834 4346 offleii
854 4269 981 4326 solitum
1005 4271 1215 4328 iuramentum
1234 4303 1276 4312 -
1295 4274 1428 4343 prestes‘
1445 4272 1478 4325 ut
1495 4271 1527 4324 in
1544 4288 1574 4324 n.
1594 4266 1650 4346 6.],
1664 4271 1721 4328 aut
1743 4263 1826 4345 quod
1850 4263 1882 4326 ill
1905 4261 2051 4343 predicta

546 4369 683 4434 ecclesia
706 4370 926 4434 canonicatum
948 4374 982 4434 et
1004 4369 1198 4450 prebendam
1220 4369 1364 4434 nosceris
1387 4369 1540 4448 obtinere,
1557 4375 1589 4433 et
1604 4368 1689 4450 quod
1704 4388 1805 4450 nuper
1830 4367 2052 4431 canonicatum

545 4473 681 4539 ecclesie
714 4475 924 4539 Tornacensis
957 4475 1016 4538 tibi
1051 4473 1241 4538 contulimus
1275 4478 1308 4537 et
1342 4473 1544 4554 prebendam,
1576 4473 1603 4537 si
1626 4477 1702 4537 tuno
1725 4474 1757 4537 in
1780 4470 1891 4537 eadem
1914 4469 2052 4535 ecclesia

545 4579 691 4656 vacabat,
715 4579 765 4643 rel
799 4599 869 4643 cum
902 4585 1042 4658 vacaret,
1077 4598 1171 4660 quam
1205 4578 1339 4643 duceres
1374 4578 1613 4659 acceptandam,
1648 4577 1871 4644 conferendam
1903 4578 1964 4642 tibi
1994 4595 2053 4658 per

545 4687 671 4747 nostras
694 4684 773 4747 certi
795 4684 915 4748 tenoris
938 4684 1064 4747 litteras
1088 4681 1530 4768 11111111111111111111113)
1553 4690 1632 4747 Nulli
1657 4708 1726 4763 ergo
1749 4695 1805 4748 110.
1829 4695 1929 4748 nostre
1954 4706 2051 4746 reser-

546 4794 685 4867 racionis,
698 4793 886 4852 inbibicionis
903 4799 933 4850 et
949 4794 1173 4851 constitucionis
1190 4793 1349 4867 infringere
1364 4801 1419 4851 etc..
1444 4788 1655 4853 11111111110111,
1675 4789 1723 4853 III
1744 4788 1784 4851 id.
1797 4788 1817 4852 J
1821 4787 1877 4851 ulii
1896 4806 1925 4850 a.
1938 4787 2050 4866 priruo.

648 4894 684 4957 ln
708 4911 736 4956 e.
759 4912 799 4956 m.
823 4893 875 4956 dd.
898 4890 971 4956 ff...
997 4897 1106 4957 sancte
1140 4892 1304 4957 Genouele
1339 4893 1531 4957 Parisieusis
1565 4899 1639 4957 et..
1665 4892 1766 4957 sancti
1800 4891 1898 4975 Eligii
1931 4891 2051 4956 Nouio·

545 4998 663 5061 mensis
685 4997 949 5061 monasteriorum
973 4996 1142 5060 alrbatibus
1165 5016 1243 5061 ac..
1269 4996 1492 5061 archidiacono
1516 4998 1555 5062 de
1578 4997 1730 5061 Bautesio
1755 4998 1786 5061 in
1809 4997 1945 5061 ecclesia
1969 4995 2052 5062 Gon·

545 5102 714 5165 stantiensi
738 5119 762 5165 a.
807 5107 988 5166 Litterarum
1021 5106 1150 5164 sciencia
1182 5112 1239 5165 etc.
1271 5124 1362 5180 usque
1386 5109 1520 5165 duximus
1544 5107 1757 5166 reservandam.
1803 5107 1949 5180 Quocirca
1971 5124 2051 5165 man·

545 5213 658 5287 «lamus,
680 5217 824 5284 quatenus
846 5229 898 5269 ros
921 5212 966 5269 vol
990 5211 1047 5269 duo
1069 5217 1122 5269 aut
1144 5229 1219 5269 rinus
1241 5218 1372 5270 restrum
1393 5230 1446 5286 per
1468 5231 1520 5271 ros
1541 5214 1586 5271 vel
1601 5213 1690 5271 aliurn
1713 5229 1764 5271 scu
1787 5213 1861 5270 alios
1884 5211 2052 5270 huiusmodi

545 5317 716 5389 (lignitatem
745 5333 798 5375 seu
826 5320 1016 5388 personatum
1045 5317 1091 5374 vel
1122 5314 1250 5375 officium
1272 5333 1326 5387 per
1348 5335 1402 5375 nos
1426 5323 1457 5374 ut
1480 5319 1662 5389 premittitur
1684 5323 1862 5375 reservatam
1884 5333 1937 5374 seu
1959 5316 2053 5375 eciam

544 5426 735 5496 reservatum,
758 5421 783 5479 si
807 5425 937 5493 tempore
960 5420 1126 5481 huiusmodi
1148 5427 1250 5480 nostre
1282 5422 1495 5481 reserracionis
1525 5423 1554 5479 in
1589 5423 1669 5480 dieta
1702 5422 1827 5480 ecclesia
1859 5420 2052 5481 Nouiomensi

542 5526 667 5585 vacabat
688 5527 734 5584 vel
757 5530 866 5582 extunc
887 5525 1012 5599 vacavit,
1033 5532 1086 5584 aut
1107 5527 1319 5600 quamprimum
1341 5527 1421 5585 illam
1442 5529 1489 5586 rel
1509 5528 1592 5585 illum
1607 5545 1660 5586 seu
1674 5528 1748 5586 illud
1762 5544 1867 5587 vacare
1884 5527 2053 5604 contigerit,
2095 5582 2100 5589 .

544 5648 609 5690 cum
639 5631 773 5690 omnibus
802 5630 917 5688 iuribus
951 5636 982 5688 et
1003 5632 1196 5704 pertinenciis
1219 5633 1281 5691 auis
1304 5632 1397 5691 eidem
1420 5632 1580 5690 Franciseo
1603 5637 1671 5705 post
1693 5632 1928 5705 acceptacionem
1951 5632 2053 5692 huius·

542 5737 622 5797 modi
643 5736 823 5796 auctoritate
845 5740 949 5797 nostra
972 5735 1107 5797 conferre
1129 5744 1160 5797 et
1181 5739 1332 5813 assignare
1356 5738 1478 5812 curetis,
1499 5738 1673 5797 inducentes
1689 5756 1755 5798 eum
1768 5739 1815 5798 rel
1829 5743 2054 5811 procuratorem
