5184 7050
547 866 611 933 110

545 1077 579 1137 et
602 1073 807 1154 disposicioni
831 1090 888 1136 sue
911 1090 1079 1138 reservans
1102 1072 1244 1136 decrevit
1276 1077 1393 1136 extunc
1423 1070 1547 1136 irritum
1580 1075 1612 1134 et
1643 1071 1747 1150 inane,
1775 1072 1802 1135 si
1833 1089 1927 1136 secus
1958 1091 2055 1154 super

546 1176 610 1239 hiis
625 1194 683 1257 per
698 1193 904 1258 quoscunque
919 1177 1032 1257 quavis
1048 1176 1241 1242 auctoritate
1259 1176 1397 1240 scienter
1419 1175 1469 1238 vel
1492 1175 1676 1256 ignoranter
1697 1176 1896 1258 contingeret
1919 1180 2055 1257 attemp-

547 1280 627 1357 tari;
651 1299 689 1344 ac
709 1280 824 1344 deinde
848 1279 932 1344 dieto
955 1280 1183 1362 predecessore
1205 1279 1245 1342 de
1267 1278 1329 1343 hae
1351 1278 1422 1343 luce
1445 1279 1609 1343 subtraere
1632 1278 1798 1360 nobisque,
1821 1280 1905 1344 sient
1928 1279 2053 1343 domino

546 1383 678 1464 placuit,
695 1384 735 1448 ad
752 1385 876 1464 apicem
893 1385 1006 1447 summi
1030 1384 1230 1465 apostolatus
1252 1383 1436 1465 assumptis
1460 1400 1522 1447 uno
1544 1400 1654 1448 mense
1676 1388 1819 1449 suestre
1840 1383 2053 1465 promocionis

546 1488 684 1552 exordiis
714 1489 851 1553 nondum
880 1493 956 1551 tunc
985 1488 1086 1568 lapso,
1118 1505 1226 1552 omnes
1255 1487 1435 1552 huiusmodi
1460 1487 1643 1568 dignitates,
1666 1492 1858 1568 personatus
1880 1492 1915 1551 et
1937 1485 2053 1564 officia,

544 1598 622 1657 tune
645 1592 730 1673 apud
753 1592 861 1656 sedem
885 1591 1060 1674 predictam
1077 1592 1236 1657 'vacancia
1260 1597 1293 1656 et
1317 1592 1446 1656 inantea
1470 1598 1633 1669 vacatura,
1658 1591 1823 1656 collacioni
1855 1595 1887 1656 et
1918 1590 2055 1672 disposi-

546 1696 628 1758 cioni
651 1701 759 1759 nostre
782 1694 956 1761 consimilis
980 1695 1225 1777 interposicionc
1248 1693 1368 1758 decreti
1393 1693 1539 1758 duximus
1563 1693 1710 1759 similiter
1732 1693 1935 1759 reservanda.
1973 1691 2051 1759 Cum

545 1798 653 1877 itaque
687 1800 891 1880 prepositura
926 1799 1061 1863 ecclesie
1094 1798 1349 1880 Ratisponensis,
1373 1816 1468 1878 quam
1499 1818 1526 1861 v.
1560 1797 1580 1862 l.
1609 1816 1638 1862 n.
1664 1797 1857 1875 Friderieus‚
1881 1797 2052 1879 episcopus

545 1900 799 1982 Ratisponensis,
830 1909 973 1983 tempore
1003 1901 1214 1983 promocionis
1244 1900 1330 1965 facte
1362 1902 1401 1965 de
1432 1902 1501 1982 ipso
1532 1900 1694 1966 Friderieo
1716 1920 1777 1982 per
1799 1901 1918 1965 dictum
1941 1900 2054 1982 prede·

546 2022 702 2069 cessorem
726 2005 767 2069 ad
791 2005 924 2069 eandem
947 2005 1212 2087 Ratisponensem
1242 2010 1319 2069 tune
1349 2012 1515 2069 vaeautonr
1547 2005 1713 2069 ecelesiam
1747 2006 1778 2070 in
1810 2005 1922 2069 eadem
1945 2004 2053 2068 Ratis·

545 2109 677 2192 ponensi
702 2107 839 2173 eeclesia
863 2108 1037 2187 obtinebat,
1057 2128 1115 2190 per
1137 2108 1318 2173 huiusmodi
1341 2110 1573 2189 promocionem
1597 2116 1629 2176 et
1652 2110 1904 2175 consecracionis
1927 2125 2051 2185 munus,

545 2220 688 2294 tempore
718 2213 795 2278 dieti
825 2212 1063 2295 predecessoris
1095 2218 1126 2276 et
1157 2211 1197 2274 de
1228 2212 1329 2293 ipsius
1359 2213 1510 2277 mandato
1541 2214 1627 2295 apud
1657 2214 1764 2278 sedem
1794 2213 1972 2295 predictam
1997 2213 2053 2275 im·

545 2335 678 2398 pensum
701 2317 814 2396 eidem,
838 2317 923 2398 apud
945 2316 1080 2381 eandem
1104 2316 1212 2381 sedem
1235 2316 1400 2382 vacavisse
1433 2324 1466 2381 et
1495 2336 1612 2383 vacare
1642 2322 1792 2383 noscatur
1825 2317 1868 2381 ad
1900 2333 2051 2397 presens:

546 2438 604 2484 nos
627 2420 839 2497 attendentes
864 2419 947 2501 quod
971 2419 1010 2483 de
1034 2419 1120 2484 dicta
1142 2420 1355 2501 prepositura,
1377 2419 1416 2485 de
1432 2439 1497 2501 qna
1512 2422 1559 2485 sie
1575 2425 1708 2484 vacante
1724 2419 1828 2485 dictus
1843 2418 2053 2502 predecessor

548 2524 620 2587 dum
645 2523 723 2586 vixit
746 2523 874 2585 minime
897 2521 1065 2598 ordinavit,
1088 2521 1196 2587 nullus
1217 2527 1327 2602 preter
1349 2542 1406 2588 nos
1428 2524 1490 2589 bae
1512 2526 1581 2589 vice
1612 2524 1779 2607 disponere
1810 2523 1916 2605 potuit
1948 2539 2051 2602 neque

547 2631 662 2708 potest,
685 2626 960 2691 reservacionibns
990 2633 1023 2689 et
1053 2624 1190 2691 decretis
1221 2626 1451 2692 obsistentibus
1486 2628 1688 2709 supradietis,
1712 2646 1750 2691 ae
1772 2626 1916 2691 volentes
1938 2625 1997 2691 tibi
2022 2642 2051 2704 p.

547 2749 587 2793 m.
611 2736 634 2794 t.
660 2731 678 2793 i.
704 2735 737 2794 et
760 2728 1017 2793 consideracione
1041 2749 1065 2793 c.
1092 2729 1123 2791 in
1147 2728 1203 2793 Cb.
1227 2728 1249 2793 f.
1271 2750 1300 2794 n.
1318 2731 1483 2811 Ludouiei,
1506 2733 1591 2814 regis
1614 2732 1752 2813 Vngarie
1775 2729 1920 2805 illustris,
1936 2747 1994 2811 pre
2011 2734 2052 2805 te,

549 2834 722 2898 secretario
746 2839 778 2896 et
801 2833 916 2897 nuncio
939 2851 1006 2912 suo,
1030 2832 1121 2898 nobis
1144 2851 1241 2913 super
1270 2834 1329 2898 boe
1359 2835 1521 2901 humiliter
1544 2835 1764 2918 supplicantis
1775 2833 1800 2914 ¹)
1823 2851 1852 2915 g.
1876 2832 1897 2897 l.
1922 2850 1958 2911 s,
1982 2851 2054 2913 pre·

548 2935 665 3001 dictam
698 2938 932 3018 preposituram
966 2937 1120 3017 premisso
1155 2936 1205 2999 vel
1239 2955 1428 3019 quocunque
1462 2940 1525 3004 alio
1559 2940 1651 3004 modo
1684 2942 1860 3016 vacantem,
1884 2935 2052 3002 dummodo

547 3040 617 3103 eius
646 3040 786 3121 provisio
817 3041 857 3104 ad
887 3057 945 3103 nos
975 3039 1141 3104 dumtaxat
1170 3039 1232 3104 bac
1261 3042 1330 3105 vice
1360 3043 1529 3123 pertineat,
1561 3063 1587 3109 e.
1619 3062 1646 3108 o.
1671 3044 1690 3108 i.
1715 3048 1748 3107 et
1770 3062 1801 3125 p.
1826 3060 1850 3107 s.
1876 3040 2052 3123 apostoliea

547 3143 608 3207 tibi
632 3146 824 3209 auctoritate
847 3143 1038 3210 conferimus
1060 3148 1093 3208 et
1116 3143 1155 3207 de
1179 3143 1234 3208 illa
1262 3146 1363 3209 eciam
1387 3146 1675 3226 providemus....;
1701 3165 1762 3210 non
1777 3146 1997 3212 obstantibus.

548 3253 605 3309 aut
626 3247 711 3327 quod
734 3248 766 3309 in
790 3248 893 3310 saneti
916 3247 1002 3310 Petri
1026 3247 1058 3309 in
1081 3245 1250 3328 Bruunal)
1273 3250 1495 3314 canonicatum
1519 3255 1551 3315 et
1573 3250 1799 3332 prebendam)
1823 3253 1855 3313 et
1878 3249 1911 3313 in
1942 3253 2052 3313 sancte

548 3348 651 3413 Maria
673 3350 705 3412 in
729 3349 895 3431 Glogouia
919 3347 1140 3413 Olomueensis
1163 3354 1196 3414 et
1220 3349 1495 3417 Wratislauiensis
1519 3354 1702 3431 diocesium,
1726 3353 1926 3419 scolastriam
1947 3352 1980 3415 in
1995 3351 2052 3415 lite

548 3470 586 3515 ae
608 3453 640 3516 in
664 3453 750 3518 dicta
772 3453 997 3534 Ratisponensi
1022 3453 1167 3518 eeclesiis
1182 3455 1403 3520 canonicatum
1420 3458 1478 3521 sub
1495 3459 1720 3540 expectacione
1735 3457 1897 3541 prebende
1912 3456 2053 3521 nosceris

547 3557 699 3621 obtinere.
725 3557 877 3621 Volumus
900 3563 1016 3634 autern,
1040 3559 1133 3640 quod,
1157 3561 1389 3641 quamprimum
1411 3562 1520 3644 vigore
1542 3563 1701 3644 presentis
1723 3563 1831 3645 gracie
1847 3562 1965 3627 dictant
1981 3578 2052 3642 prc-

547 3662 723 3741 posituram
746 3661 878 3743 pacifice
901 3661 1042 3734 luerislr
1067 3667 1276 3744 assecutus0)
1300 3665 1457 3745 prefatam
1480 3667 1689 3744 scolastriam,
1713 3684 1808 3747 quam
1826 3669 1862 3729 ut
1876 3663 2053 3746 predicitur

548 3763 717 3844 obtineas)
737 3784 894 3846 quamque
910 3771 1026 3830 extunc
1048 3785 1164 3830 vacare
1186 3767 1396 3846 decernimus,
1420 3775 1515 3850 prout
1537 3770 1637 3834 eciam
1661 3768 1701 3834 ad
1724 3769 1784 3834 boc
1805 3773 1838 3832 te
1862 3774 1977 3848 sponte
1999 3767 2054 3831 ob

548 3869 663 3945 tulisti,
688 3869 847 3933 dimittere
870 3870 1011 3933 tenearis
1013 3920 1105 3933 .....
1151 3871 1189 3934 D.
1215 3872 1372 3935 buinionc
1396 3872 1441 3936 VI
1463 3872 1505 3936 id.
1530 3872 1608 3937 Maii
1632 3893 1661 3937 a.
1684 3874 1795 3955 primo.

656 3973 691 4036 ln
715 3992 742 4035 e.
767 3992 806 4035 nr.
831 3972 882 4036 dd.
899 3971 929 4037 ff.
947 3973 1057 4038 abbati
1080 3975 1265 4039 monasterii
1282 3974 1538 4054 Waltsassensis,
1555 3976 1799 4057 Ratisponensis
1822 3974 1970 4052 diocesis,
1986 3979 2053 4037 et..

548 4074 668 4140 decano
699 4076 868 4157 Pragensis
898 4096 936 4141 ac
965 4077 1103 4142 dobauni
1135 4078 1175 4141 de
1204 4078 1351 4156 Pistoris
1383 4081 1534 4145 canonico
1561 4079 1769 4145 Beluaecnsis
1792 4078 2001 4143 ecelesiarum
2026 4094 2051 4141 s.

549 4185 709 4242 etc.....
735 4181 772 4243 D.
798 4184 881 4245 uts

652 4314 799 4370 Clementis
817 4316 855 4369 Vl
874 4320 898 4369 A
916 4318 958 4382 ll‘.)
973 4320 1027 4386 (57)
1042 4319 1189 4386 f.1oe',de
1208 4320 1350 4374 beneficiis
1369 4322 1528 4376 vacantibus
1547 4339 1591 4389 qu.
1607 4326 1637 4373 19
1648 4338 1681 4371 :
1692 4318 1724 4373 V.
1740 4324 1787 4372 147
1800 4317 1819 4372 f.
1832 4320 1892 4372 421¹
1905 4333 1932 4371 n.
1947 4322 2007 4371 811.
2022 4347 2050 4357 -

549 4401 574 4466 υ)
594 4407 746 4454 correctum
760 4419 844 4471 sopra
856 4419 890 4456 ex
903 4404 1042 4470 ,Henrico‘
1055 4407 1086 4458 Α.
1116 4407 1138 4462 b
1159 4415 1310 4460 correctum
1324 4422 1357 4460 ex
1371 4407 1501 4473 ,Brrema‘
1515 4409 1547 4459 A.
1575 4408 1597 4472 e)
1616 4404 1815 4473 ,canonicatum
1827 4411 1856 4459 et
1872 4404 2052 4474 prebendam‘

549 4486 705 4555 suppletum
724 4488 752 4540 in
772 4490 891 4556 margine
917 4494 949 4543 A.
977 4491 1000 4554 ΙΙ)
1020 4491 1120 4557 ,luerit‘
1139 4495 1170 4544 Α.
1199 4494 1221 4557 ⁰)
1247 4498 1410 4562 ,assequtus‘
1429 4496 1460 4546 A.
1490 4496 1511 4561 s)
1531 4494 1652 4560 ,obtinet‘
1672 4495 1704 4546 A.
1725 4523 1758 4532 -
1778 4494 1798 4559 ¹)
1819 4492 1985 4562 supplicavit
2002 4508 2053 4562 pro

549 4572 646 4627 eedem
665 4574 745 4628 etiam
765 4575 888 4642 Carolus,
907 4577 1028 4632 marchio
1047 4578 1196 4646 Moraviae,
1215 4578 1275 4633 vide
1294 4596 1368 4633 num.
1387 4587 1445 4637 200.

549 4984 640 5048 202.
664 4979 822 5060 Episcopo
840 4978 994 5057 Prepeasi
1015 4979 1197 5055 scandatur,
1217 4983 1372 5062 quotenus
1394 4980 1481 5045 litem
1505 4983 1586 5045 inter
1601 4986 1729 5062 fratrea
1751 4980 1922 5065 hospitalis
1944 4981 2056 5046 motae

551 5085 676 5150 ldrrioe
703 5082 964 5145 'l'beotom'eorum
978 5080 1229 5147 Jerosolnatraat
1252 5088 1282 5146 et
1306 5085 1449 5149 Otiosam
1472 5089 1502 5149 et
1525 5085 1659 5150 alterum
1685 5085 1828 5149 Ottonm
1851 5084 1889 5148 de
1910 5087 2051 5167 Berpew,

541 5193 669 5268 fratres
699 5185 814 5248 traditus
847 5186 1016 5265 Propensr's
1047 5186 1188 5262 diocesis,
1218 5210 1312 5269 srvprer
1341 5189 1528 5270 quibusdam
1561 5191 1691 5254 surientis
1720 5189 1876 5271 pecuniae
1908 5195 2053 5254 exeritum

1237 5293 1370 5357 decidet.

1550 5381 1713 5458 Aviaione,
1737 5382 1822 5444 1343
1847 5380 1933 5445 Mua't'
1955 5382 2008 5444 12.

654 5551 801 5615 Clemens
824 5551 1002 5632 episcopus,
1027 5571 1051 5614 s.
1076 5573 1100 5615 s.
1126 5552 1166 5629 d.,
1191 5572 1217 5615 v.
1241 5553 1263 5616 l.
1278 5603 1305 5615 ..
1331 5555 1479 5634 episcopo
1505 5555 1654 5635 Pragensi
1680 5572 1704 5616 s
1728 5560 1761 5617 et
1777 5572 1805 5618 a.
1823 5554 1852 5617 b.
1877 5551 2053 5635 Conquesti

550 5661 624 5719 sunt
646 5655 737 5718 nobis
750 5704 777 5716 ..
802 5654 954 5735 magister
976 5659 1009 5718 et
1031 5653 1147 5719 iratres
1169 5655 1339 5736 hospitalis
1373 5656 1467 5719 beate
1499 5656 1601 5720 llario
1631 5656 1893 5720 Tlreotonieornm
1923 5655 2054 5722 lerose·

550 5758 703 5835 lornitani,
727 5758 811 5840 quiid
835 5757 912 5822 Otto
935 5765 968 5821 et
991 5757 1068 5823 Otto
1092 5759 1131 5822 de
1154 5760 1295 5841 Bergovv,
1317 5760 1434 5825 tratres
1456 5761 1583 5837 milites,
1601 5760 1770 5841 Pragcnsis
1794 5760 1940 5838 diocesis,
1957 5779 2054 5842 super
