5184 7050
676 835 738 900 176

670 1041 769 1105 olonis
793 1039 999 1122 peruenisset,
1032 1037 1213 1117 resignavit.
1261 1037 1340 1101 Cum
1364 1037 1462 1118 igitur
1484 1034 1618 1100 facultas
1643 1054 1746 1099 reruni
1770 1035 1871 1117 ipsius
1894 1035 2005 1099 militis
2028 1035 2069 1098 ad
2091 1037 2169 1099 satis·

664 1143 850 1210 'laciendum
881 1162 936 1224 pro
960 1141 1120 1224 perceptis
1142 1160 1178 1204 se
1201 1160 1263 1204 non
1294 1139 1455 1216 extendat,
1486 1139 1645 1221 supplicat
1675 1139 1778 1204 eidem
1801 1139 1833 1206 S.
1858 1140 1906 1216 V„
1930 1143 2089 1221 qnatenus
2110 1158 2170 1204 cun

671 1249 741 1329 ipso
764 1246 1012 1312 misericordiam
1037 1245 1190 1310 incientes
1214 1245 1317 1309 eidem
1348 1249 1499 1326 percepta
1521 1243 1606 1308 dicte
1629 1242 1763 1309 ecclesie
1790 1242 1961 1325 dignemini
1984 1241 2171 1307 relaxasset

670 1351 919 1416 misericorditer
941 1350 1114 1432 indulgere.

775 1490 895 1556 Tradat
917 1508 1041 1554 camere
1063 1489 1095 1553 in
1115 1487 1291 1552 subsidium
1315 1490 1424 1552 contra
1445 1487 1587 1552 Turchos
1608 1487 1741 1551 terciam
1764 1490 1896 1568 partem,
1921 1491 1953 1551 et
1976 1485 2038 1551 sibi
2053 1485 2086 1551 in
2100 1485 2171 1551 buno

673 1612 781 1659 casum
805 1592 966 1658 residuum
989 1592 1178 1657 remittimus
1201 1589 1267 1672 R.¹)
1291 1591 1335 1656 Et
1357 1609 1387 1671 q.
1409 1596 1433 1656 t.
1457 1609 1481 1655 s.
1505 1611 1533 1656 a.
1557 1590 1578 1656 l.
1603 1591 1675 1655 Fiat
1697 1590 1735 1655 R.

777 1832 926 1890 clementis
944 1831 982 1889 v1
1000 1831 1019 1889 S
1036 1832 1090 1903 llll
1111 1832 1149 1902 (3)
1168 1831 1188 1887 f.
1207 1834 1275 1887 134¹.
1294 1861 1328 1872 ·-
1351 1833 1370 1899 ¹)
1389 1831 1483 1887 littera
1499 1832 1554 1889 istu
1572 1847 1627 1886 non
1645 1836 1823 1901 carropera

674 2480 765 2547 293.
807 2479 945 2543 Thomas
969 2478 1007 2542 de
1030 2479 1135 2544 Dirnu
1159 2476 1331 2562 supplicat,
1365 2482 1519 2560 quatenus
1541 2497 1646 2557 sectum
1667 2498 1764 2562 super
1785 2476 1913 2558 defectu
1933 2476 2095 2542 natalium
2115 2477 2169 2542 oe-

1341 2586 1501 2664 pensetur.

1608 2692 1772 2770 Auiuioue‚
1794 2695 1882 2759 1344
1903 2694 2063 2763 Jamaarti
2084 2696 2134 2760 21.

777 2913 942 2995 Supplieat
964 2912 995 2979 S.
1020 2913 1057 2978 V.
1081 2912 1214 2977 deuotus
1237 2917 1344 2978 orator
1366 2917 1472 2977 vester
1493 2912 1629 2977 Thomas
1653 2911 1693 2976 do
1715 2912 1823 2989 Dima,
1854 2911 1990 2977 acolitus
2012 2912 2173 2995 Pnugensis

674 3019 819 3096 diocesis,
844 3035 975 3100 presens
998 3018 1029 3082 in
1050 3018 1146 3095 curia,
1170 3022 1327 3099 quatenus
1350 3036 1421 3082 curn
1444 3036 1481 3081 eo
1497 3035 1594 3098 super
1617 3016 1743 3081 defectu
1765 3015 1926 3094 natalium,
1950 3036 2046 3098 quem
2062 3017 2174 3100 patitur

673 3122 713 3186 do
737 3123 922 3204 presbytero
945 3123 1071 3204 gentitus
1090 3127 1123 3187 et
1138 3120 1251 3200 soluta,
1275 3141 1312 3186 ac
1334 3139 1431 3203 super
1454 3138 1501 3197 eo,
1526 3120 1610 3203 quod
1632 3120 1800 3186 acolitatus
1822 3121 1944 3203 recepit
1966 3121 2095 3186 ordines
2118 3122 2174 3186 dis·

673 3226 862 3309 ponsacione
892 3245 989 3308 super
1011 3226 1070 3291 hoo
1093 3226 1233 3309 legitima
1255 3244 1317 3290 non
1340 3225 1478 3302 obtenta,
1510 3223 1588 3289 alias
1617 3230 1723 3289 tamen
1746 3224 1904 3303 canonice,
1935 3230 1968 3290 ct
1989 3225 2174 3291 ministrarit

673 3330 867 3412 aliquociens
890 3331 921 3395 in
944 3330 1064 3394 eisdem
1095 3330 1209 3394 (lirinis
1232 3347 1267 3392 se
1290 3328 1403 3395 officiis
1430 3329 1643 3407 innnisceudo,
1675 3328 1759 3411 quod
1788 3328 1966 3393 huiusmodi
1997 3329 2125 3396 delectu
2147 3336 2175 3393 et

673 3434 744 3499 aliis
767 3434 930 3516 premissis
952 3453 1014 3498 non
1037 3434 1235 3498 obstantibus
1265 3433 1366 3515 possit
1388 3433 1421 3496 in
1443 3433 1489 3498 sic
1512 3433 1669 3514 susceptis
1696 3433 1858 3499 ordinibus
1880 3433 2062 3499 ministrare
2085 3434 2175 3499 etad

673 3558 781 3604 ornnes
805 3558 911 3604 sacros
942 3539 1069 3603 ordines
1099 3539 1276 3620 promoveri
1300 3544 1333 3601 et
1354 3536 1541 3602 beneficium
1571 3536 1830 3618 ecclesiasticum,
1861 3540 1961 3604 eciam
1984 3539 2011 3604 si
2035 3540 2174 3620 curanr·)

673 3643 789 3708 habeat
818 3644 1002 3722 animarum,
1037 3643 1179 3707 obtinere
1202 3640 1345 3722 calesti)
1379 3661 1485 3706 secum
1516 3642 1686 3724 dignemini
1716 3642 1962 3707 misericorditer
1985 3643 2174 3726 dispensare,

673 3766 743 3812 cum
767 3747 911 3811 omnibus
934 3745 1084 3811 clausulis
1108 3747 1277 3811 consuetis,

778 3885 850 3949 Fiat
873 3885 909 3949 n.
933 3885 977 3951 Et
996 3906 1025 3966 q.
1042 3890 1065 3948 t.
1089 3905 1113 3950 s.
1137 3905 1165 3949 a.
1182 3886 1202 3950 l.
1227 3886 1299 3950 Fiat
1321 3886 1357 3949 n.
1382 3887 1421 3951 b.
1438 3885 1594 3950 nuinione
1617 3885 1681 3950 llll
1703 3884 1765 3951 kal.
1790 3885 1953 3951 Februarii
1976 3907 2005 3952 a
2029 3888 2174 3953 secmrdo.

781 4125 931 4180 Clementis
950 4124 988 4177 Vl
1007 4125 1025 4177 S
1044 4125 1098 4194 llsl
1118 4131 1155 4190 (3)
1175 4125 1193 4179 l'.
1213 4126 1280 4179 138⁴.
1299 4156 1332 4167 -
1359 4131 1382 4190 ¹)
1400 4130 1483 4193 ,cura‘
1502 4125 1529 4179 S.
1556 4125 1579 4191 ¹·)
1597 4133 1748 4181 correctum
1767 4143 1801 4182 ex
1820 4132 1966 4193 ,noscatur‘
1983 4127 2012 4183 S.

677 4720 769 4785 294.
795 4718 870 4784 curu
891 4718 1009 4783 llrornu
1026 4720 1064 4783 de
1081 4720 1195 4798 Dirum,
1219 4720 1332 4783 acolito
1354 4721 1524 4801 liupercse‘s
1547 4720 1690 4794 diocesis,
1714 4720 1917 4803 dispensatur
1938 4741 2034 4804 super
2056 4721 2176 4801 defectu

677 4823 844 4902 curialium,
878 4844 968 4905 quem
985 4823 1114 4906 potitur
1136 4824 1175 4888 de
1193 4824 1375 4907 presbytero
1402 4825 1527 4905 penitus
1549 4831 1580 4889 et
1601 4823 1714 4889 solutu.
1760 4826 1812 4900 ‚D.
1837 4823 1994 4889 Auiruone
2025 4827 2098 4891 XII
2113 4824 2173 4890 lrol.

1023 4926 1191 4992 Februarii
1212 4952 1242 4994 o.
1264 4928 1419 4995 seeuulo‘.
1455 4930 1569 4995 hbrrua
1592 4934 1628 4993 ut
1649 4930 1685 4994 iu
1707 4952 1736 4994 u.
1763 4931 1833 4994 109.

719 5119 830 5185 Gratis
853 5138 909 5201 pro
933 5119 1002 5183 deo.
1610 5121 1772 5201 Asinium,
1796 5122 1883 5186 1344
1902 5122 2061 5190 Jouuorii
2082 5124 2133 5187 21.

780 5341 928 5397 Clementis
942 5342 1015 5397 VIA
1035 5344 1089 5412 llll
1109 5346 1164 5412 (74)
1183 5343 1202 5397 i.
1215 5349 1263 5397 241
1279 5360 1305 5397 ιι.
1318 5350 1377 5411 tut,
1396 5342 1562 5399 diversarum
1581 5345 1728 5400 formarum
1745 5361 1789 5414 qu.
1802 5350 1818 5398 8
1832 5344 1907 5399 zv.
1921 5351 1971 5399 162
1984 5345 2003 5399 l.
2018 5353 2068 5403 lbu
2079 5363 2104 5400 n.
2117 5349 2169 5398 rol.
