5184 7050
1847 860 1911 927 sss
2007 826 2015 841 ’

402 1069 495 1135 618.
530 1067 666 1132 Hearico
698 1067 782 1131 dicto
815 1067 952 1130 Smerter
985 1066 1023 1129 de
1052 1065 1165 1129 Sosoto
1183 1063 1369 1147 providetur
1391 1063 1434 1128 ad
1456 1064 1719 1147 supplicationem
1740 1066 1911 1141 lobannis,

401 1173 484 1252 repis
510 1170 689 1245 13666ιηί66,
712 1169 751 1234 de
773 1171 963 1233 canonicatu
984 1168 1133 1233 ecclesiae
1155 1168 1358 1243 Sosatierrsis,
1385 1168 1576 1233 Coloniensis
1599 1169 1740 1244 diocesis,
1770 1169 1828 1233 snb
1859 1189 1911 1234 es-

398 1275 577 1358 pedatione
589 1274 797 1358 praebendae,
814 1275 910 1337 etiam
925 1275 954 1336 si
968 1273 1006 1338 de
1021 1272 1195 1336 mommbus
1206 1271 1399 1355 praebendis
1415 1273 1531 1352 suerit.
1556 1275 1608 1347 ,D.
1625 1271 1783 1338 Auinione
1803 1274 1830 1335 V
1846 1273 1909 1337 leel.

822 1377 906 1443 Maii
928 1398 958 1440 a.
982 1380 1116 1460 quartat
1160 1377 1273 1441 mana
1294 1380 1332 1440 nt
1354 1377 1388 1440 in
1410 1397 1440 1442 n.
1463 1381 1494 1441 b'.

1372 1551 1534 1630 Ammiano,
1560 1553 1643 1616 1346
1666 1548 1791 1635 Aprilis
1812 1552 1865 1616 27.

507 1767 657 1821 Clementis
677 1766 712 1821 vl
732 1738 849 1834 Aerja
869 1766 910 1830 iv.
931 1771 992 1832 att)
1012 1765 1029 1818 f.
1050 1766 1110 1819 473'
1130 1782 1156 1819 n.
1179 1771 1236 1832 166,
1255 1764 1289 1819 66
1309 1764 1476 1834 praebendis
1504 1766 1640 1820 vacaturis
1667 1781 1711 1833 qu.
1731 1765 1838 1819 6:V.
1860 1770 1908 1818 166

396 1854 416 1908 s.
438 1856 502 1908 294'
522 1870 548 1906 n.
571 1859 627 1906 loo.

393 2412 493 2478 619.
519 2411 703 2492 Praeposito
725 2410 836 2474 666666
858 2409 987 2475 Maniae
1010 2408 1224 2490 Mapdalenue
1246 2412 1276 2472 et
1298 2408 1416 2472 decerno
1440 2429 1479 2473 ac
1497 2408 1619 2472 certari
1634 2405 1767 2470 nramris
1783 2406 1906 2472 molesi-

393 2535 492 2578 arum
531 2513 774 2578 Virdunensium
807 2513 982 2578 mamlatnr
1019 2513 1063 2576 ad
1098 2512 1361 2594 supplicationem
1397 2510 1567 2585 Jobanne's,
1604 2511 1687 2591 repis
1725 2509 1905 2590 Belemina,

393 2622 554 2700 qemtenns
586 2617 730 2685 Joiranni
761 2618 843 2682 dicto
874 2619 918 2681 Le
952 2619 1066 2697 Moync
1098 2615 1136 2679 de
1169 2614 1362 2691 Pbilomena,
1391 2615 1503 2703 clerico
1537 2615 1734 2679 Treoerensis
1763 2614 1904 2693 diocesis,

393 2721 637 2804 parrochialem
670 2721 833 2786 ecclesiam
856 2721 894 2786 de
918 2719 1011 2786 aloes
1045 2720 1152 2805 (sico,
1184 2720 1324 2785 eiusdm
1356 2720 1499 2794 diocesis,
1531 2722 1697 2783 cocolubem
1729 2721 1905 2797 conserant.

620 2826 673 2899 ,D.
697 2824 853 2888 Aninione
885 2825 909 2884 V
926 2822 990 2888 eu.
1016 2823 1101 2887 Maii
1122 2845 1153 2887 o.
1176 2827 1310 2906 quarto!
1333 2823 1450 2888 borma
1471 2825 1508 2885 ut
1529 2823 1564 2887 in
1585 2842 1616 2886 n.
1641 2824 1691 2886 78.

441 2946 504 3102 ..ξ
581 2950 587 2960 .
1365 2994 1527 3075 Acinione,
1553 2995 1637 3060 1346
1660 2992 1785 3078 Aprilis
1807 2997 1860 3060 27.

505 3210 654 3266 Clementis
673 3212 710 3266 VI
728 3214 761 3264 Α.
781 3212 816 3281 Vs
822 3221 830 3265 1
852 3216 908 3279 (86)
921 3212 938 3266 i.
952 3218 1012 3279 ⁸257,
1025 3212 1059 3266 66
1079 3211 1220 3265 beneficiis
1237 3210 1398 3265 vacantibus
1411 3226 1456 3278 qu.
1469 3217 1484 3264 6
1499 3229 1532 3262 z
1544 3210 1577 3264 V.
1593 3215 1641 3263 176
1654 3208 1672 3263 f.
1686 3211 1747 3261 ‘211'
1761 3225 1787 3261 n.
1800 3212 1859 3262 403.
1871 3239 1903 3248 -·

401 3303 418 3366 ¹)
439 3300 471 3354 V.
494 3306 541 3352 173
559 3301 658 3353 habat:
678 3315 758 3365 ,anno
777 3298 890 3366 quintu,
904 3298 953 3353 sed
966 3298 1039 3352 1666
1053 3306 1135 3364 route,
1152 3298 1217 3365 quia
1229 3298 1381 3363 lohannes,
1394 3314 1443 3351 rex
1457 3297 1613 3363 Bohenriae,
1626 3295 1661 3351 ad
1674 3296 1752 3349 caitus
1765 3295 1902 3365 supplica·

397 3388 503 3441 tionem
522 3387 591 3441 haec
608 3386 697 3454 gratia
715 3384 882 3452 conceditur,
901 3384 955 3438 iam
974 3400 1046 3439 anno
1067 3391 1132 3439 1346
1151 3384 1268 3452 Augusti
1286 3389 1320 3435 ⁸26
1339 3389 1462 3437 mortuus
1481 3389 1530 3438 est.

394 3981 487 4045 620.
512 3977 591 4044 Cum
618 3975 723 4043 Utrico
746 3978 886 4045 Conradi
900 3979 938 4042 de
955 3979 1167 4060 Namnburpa
1180 3979 1394 4063 dispensatur,
1418 3981 1453 4041 nt
1471 3977 1632 4042 ecclesiam
1654 3975 1689 4038 in
1721 3975 1903 4039 l'allesiridi

397 4104 435 4147 ac
457 4084 680 4148 canonicatum
702 4087 733 4147 et
742 4083 957 4166 praebendam
972 4083 1121 4148 ecclcsiae
1144 4083 1405 4165 Vyssepradenses
1419 4082 1515 4147 simul
1536 4082 1623 4146 licite
1644 4074 1777 4145 retinere
1786 4079 1900 4163 possit,

789 4187 820 4252 si
840 4186 902 4251 sibi
923 4186 995 4251 illos
1017 4187 1164 4252 canonice
1184 4187 1324 4269 conferri
1346 4188 1516 4268 cortinpat.

1360 4376 1523 4454 aaran,
1546 4377 1633 4441 3646
1656 4374 1782 4460 Apros
1803 4379 1855 4441 es.

500 4596 540 4658 D.
563 4594 585 4659 f.
609 4593 726 4673 viriae,
756 4598 831 4658 nato
854 4594 884 4658 6.
908 4595 929 4659 f.
954 4595 1089 4659 Cornndi
1128 4596 1167 4660 66
1190 4595 1392 4677 Nuenburga,
1428 4596 1614 4677 presbytero
1641 4595 1810 4676 Pragensis
1833 4594 1899 4658 dio·

392 4702 486 4778 6663,
510 4718 536 4764 3.
560 4704 620 4763 ete.
644 4700 816 4764 Personam
837 4704 934 4777 tuam,
958 4700 1041 4781 apud
1064 4718 1121 4763 nos
1137 4701 1176 4765 de
1192 4702 1360 4782 probitatis
1376 4706 1409 4764 et
1424 4701 1576 4764 virtulum
1599 4699 1720 4763 meritis
1741 4698 1897 4781 fidesligno

391 4805 576 4870 testimonio
593 4803 850 4882 commendatam,
874 4805 998 4868 sincera
1014 4810 1241 4885 prosequentes
1257 4806 1288 4869 iu
1305 4805 1430 4870 domino
1451 4804 1595 4881 caritate,
1611 4804 1666 4867 illa
1687 4804 1746 4869 tibi
1762 4804 1898 4869 libenter

392 4908 606 4984 concedimus,
642 4926 703 4988 quc
726 4914 781 4972 tuo
804 4909 915 4972 honori
939 4914 971 4972 et
995 4910 1092 4974 statui
1116 4909 1183 4973 lore
1213 4909 1371 4973 credimus
1395 4913 1558 4989 oportuna.
1598 4908 1679 4973 Sane
1702 4909 1818 4988 peticio
1842 4927 1898 4989 pro

392 5018 486 5096 parte
508 5018 566 5077 tua
589 5010 679 5075 nobis
701 5011 878 5091 exhibita')
896 5013 1087 5089 continebat,
1111 5013 1195 5093 quod
1211 5013 1329 5078 66666
1345 5016 1451 5077 tecum
1474 5031 1570 5094 super
1592 5013 1719 5078 defectu
1734 5014 1897 5092 natalium,

392 5137 487 5200 quem
510 5117 632 5198 laeteris
654 5116 694 5180 do
716 5116 820 5181 soluto
842 5118 969 5199 genitus
999 5123 1032 5181 el
1053 5118 1231 5199 coniugata,
1266 5123 1301 5181 ut
1330 5118 1474 5199 predicto
1504 5136 1566 5181 nou
1597 5119 1743 5183 obstante
1770 5117 1897 5182 defectu

392 5223 432 5287 ad
455 5239 566 5286 66666
590 5238 698 5284 sacros
720 5220 848 5285 ordines
877 5222 1055 5303 promoveri
1086 5227 1118 5285 et
1148 5221 1335 5287 beneficium
1366 5222 1616 5287 ecclesiasticum
1647 5242 1716 5287 666
1748 5242 1825 5287 cura
1846 5222 1897 5287 vel

392 5330 460 5393 siue
484 5345 561 5390 cura
584 5325 728 5389 obtinere
751 5324 884 5403 valeres
919 5325 980 5390 fuit
1001 5344 1059 5408 per
1081 5325 1190 5389 sedern
1212 5327 1419 5408 apostolicam
1443 5327 1670 5407 dispensatum,
1701 5332 1734 5390 el
1756 5326 1840 5407 quod
1862 5333 1897 5390 tu

391 5438 464 5514 post
486 5428 759 5512 dispensaciouern
779 5429 911 5493 eandem
927 5429 1153 5510 parrochialem
1169 5429 1337 5495 ecclesiam
1353 5432 1385 5495 in
1402 5432 1547 5509 Coslan0‚
1567 5432 1735 5514 Prageusis
1751 5432 1897 5508 diocesis,

391 5543 466 5603 tunc
488 5538 668 5609 vacantem,
703 5534 853 5597 canonice
876 5533 934 5597 tibi
959 5533 1114 5612 collatam,
1149 5535 1248 5615 primo
1272 5554 1309 5600 ac
1332 5537 1531 5615 postmodum
1556 5535 1610 5600 illa
1632 5540 1743 5617 perte
1767 5535 1897 5600 dimissa

392 5658 552 5707 excausa
576 5638 835 5719 pennutaciouis
859 5657 954 5718 quam
979 5658 1034 5719 pro
1058 5638 1246 5719 parrochiali
1274 5638 1410 5704 ecelesia
1440 5640 1471 5703 in
1495 5639 1692 5717 Valleviridi
1723 5640 1807 5704 dicte
1830 5639 1896 5704 ‹lio-

392 5746 482 5824 cesis,
504 5750 539 5808 te
562 5740 681 5807 fecisse
703 5741 832 5819 asseris,
855 5741 1023 5807 ecclesiam
1046 5743 1147 5824 ipsam
1169 5743 1202 5806 iu
1228 5743 1414 5808 Vallouiridi
1437 5750 1470 5809 et
1489 5744 1568 5809 alias
1592 5744 1740 5808 uronice
1764 5762 1800 5809 66
1823 5745 1896 5808 sub-

1759 5868 1793 5917 ae
