5184 7050
548 865 612 931 228

546 1088 628 1133 anno
651 1068 768 1134 domini
791 1069 959 1134 millesimo
980 1070 1207 1134 trecentesimo
1229 1068 1390 1133 tricesimo
1420 1087 1511 1145 nono,
1534 1067 1677 1149 proxima
1711 1066 1868 1133 dominica
1898 1066 1952 1131 die
1982 1072 2055 1150 post

547 1172 825 1239 circumcisionem
855 1174 983 1238 domini.
1029 1174 1095 1238 Nos
1124 1191 1249 1256 quoque
1281 1172 1420 1254 Dyzlaus
1450 1171 1642 1254 prepositus,
1666 1170 1877 1236 Praedborins
1900 1171 2050 1250 11001111,

546 1275 682 1341 Thomas
705 1276 945 1342 archidiaconus
970 1281 1136 1358 totumque
1167 1276 1339 1358 capitulum
1371 1275 1506 1340 ecclesie
1532 1275 1711 1359 Prngensis,
1734 1275 1865 1341 domino
1884 1274 2054 1354 Michaele,

546 1380 713 1446 scolastico
742 1386 861 1457 nostro,
892 1381 924 1444 in
955 1380 1043 1445 curia
1072 1380 1215 1445 Romana
1242 1385 1320 1444 tunc
1348 1384 1474 1461 agente,
1504 1379 1658 1460 predictis
1683 1378 1829 1444 omuibus
1851 1382 1887 1444 et
1909 1378 2053 1462 singulis,

546 1484 696 1549 videlicet
718 1491 782 1549 tam
805 1484 962 1549 ereccioni
983 1484 1127 1566 predicte
1150 1482 1272 1566 capelle
1295 1484 1329 1547 in
1352 1482 1519 1548 ecclesiam
1541 1482 1740 1566 collegiatam
1770 1501 1864 1564 quam
1894 1482 2055 1549 creacioni

546 1589 735 1671 dignitatum
757 1592 791 1653 et
812 1588 1045 1671 prebendarum
1059 1607 1097 1653 ac
1116 1588 1357 1653 canonicatuum
1379 1586 1595 1670 predictorum
1617 1606 1739 1652 necnon
1763 1587 1872 1653 unioni
1893 1587 2050 1670 predicto,

547 1692 750 1759 interfuimus
774 1693 923 1774 ipsasque
947 1691 1133 1758 confitemur
1155 1696 1188 1756 et
1210 1691 1337 1774 publice
1364 1696 1577 1774 protestamur
1599 1691 1640 1756 de
1661 1696 1771 1757 nostra
1792 1691 2001 1757 conniventia
2021 1697 2056 1757 et

545 1814 697 1879 expresso
720 1814 875 1860 consensu
897 1795 1102 1878 processisse,
1126 1795 1158 1858 iu
1182 1796 1278 1859 robur
1311 1795 1536 1877 premissorum
1563 1799 1597 1859 et
1617 1796 1834 1861 testimouium
1867 1794 2052 1862 huiusmodi

547 1900 753 1966 confessionis
777 1904 809 1964 et
831 1916 1003 1964 consensus
1025 1903 1204 1964 nostrornm
1228 1897 1368 1980 sigillum
1390 1903 1532 1964 nostrum
1555 1900 1758 1982 presentibus
1787 1898 1905 1965 litteris
1933 1918 2054 1983 eppen-

547 2004 668 2069 dentes.
692 2006 810 2069 Datum
833 2004 911 2083 loco,
935 2021 1016 2068 anno
1040 2008 1073 2068 et
1095 2004 1148 2068 die
1169 2003 1333 2085 predictis.
1377 2002 1464 2068 Nulli
1487 2021 1563 2085 ergo
1585 2007 1646 2068 etc.
1669 2008 1778 2068 101111
1801 2001 2053 2069 confirmacionis

546 2114 580 2173 et
602 2108 775 2174 uoluntatis
798 2107 970 2190 infringere
993 2111 1052 2172 etc.
1099 2107 1138 2172 D.
1161 2107 1320 2172 Aninione
1342 2106 1371 2173 V
1392 2125 1465 2171 non.
1489 2106 1567 2172 Maii
1589 2126 1618 2172 a.
1642 2107 1790 2173 secundo.

651 2324 800 2379 Clementis
819 2324 857 2377 Vl
875 2325 908 2378 A.
927 2323 982 2390 1111
1000 2323 1018 2377 f.
1037 2326 1106 2390 237⁹,
1125 2322 1160 2377 dc
1179 2320 1302 2384 indultis,
1321 2320 1470 2391 privilegiis
1488 2330 1516 2377 et
1534 2320 1791 2390 dispensacionibus
1809 2338 1855 2391 qu.
1873 2327 1937 2375 8:
1951 2322 1983 2376 V.
2004 2328 2053 2377 loll

546 2413 564 2466 1.
590 2413 650 2465 ³83'
674 2428 701 2464 u.
729 2417 853 2464 1661-
881 2416 904 2475 ³¹)
930 2410 1055 2479 sequitur
1078 2415 1132 2478 ,111
1157 2409 1206 2465 sed
1224 2410 1404 2465 cmcellatnm
1423 2411 1456 2463 Δ.
1484 2409 1507 2475 b)
1524 2406 1704 2476 ,laminous‘
1722 2409 1755 2463 Δ.
1775 2440 1805 2449 -
1828 2409 1849 2476 ¹)
1865 2408 1930 2464 vide
1946 2426 1974 2464 n.
1992 2414 2052 2464 1168.

544 3062 637 3130 371.
668 3062 772 3141 Petro,
802 3060 911 3125 abboli
941 3060 1126 3125 monosterii
1148 3059 1268 3125 illontia·
1290 3058 1377 3137 Sion,
1400 3061 1431 3123 el
1452 3058 1682 3123 successoribus
1704 3057 1772 3122 einr
1801 3056 1993 3142 indulpetm,
2016 3062 2053 3123 ut

984 3163 1132 3245 1111191111
1150 3161 1389 3247 poratfficulo'bus
1411 3161 1462 3226 aar
1478 3162 1614 3247 possint.

598 3354 656 3406 a·
1572 3353 1735 3433 numa,
1758 3354 1845 3419 1344
1867 3354 1955 3445 111·
1975 3358 2007 3420 e.

650 3573 690 3637 D.
714 3573 735 3637 l.
759 3574 864 3650 Petro,
897 3572 1004 3636 abbati
1033 3573 1213 3636 monasterii
1246 3571 1454 3653 Montissyon,
1484 3571 1786 3636 Premonstrateusis
1814 3570 1945 3650 ordinis,
1976 3571 2052 3638 Pra-

545 3678 652 3758 geneis
689 3677 835 3755 diocesis
859 3695 884 3741 s.
930 3675 1083 3757 Exposuit
1116 3680 1171 3740 tue
1204 3676 1386 3741 devocionis
1420 3676 1585 3741 sinceritas
1609 3680 1642 3739 et
1667 3674 1829 3757 religionis
1851 3681 2052 3758 promeretur

546 3783 706 3859 horrentes,
742 3785 777 3845 ut
809 3786 874 3845 tam
908 3797 1074 3862 personam
1108 3784 1203 3856 tuam,
1235 3798 1329 3860 quarn
1352 3778 1482 3860 speciali
1506 3778 1680 3844 dileccione
1703 3779 1933 3860 prosequimur,
1957 3799 2050 3862 quarn

544 3887 769 3952 monasterium
783 3889 873 3950 tunm
888 3885 991 3966 dignis
1006 3883 1176 3947 honoribus
1198 3883 1389 3948 attollamus.
1414 3883 1494 3948 Cum
1516 3885 1633 3965 itaque,
1653 3883 1737 3947 siout
1751 3884 1869 3964 peticio
1884 3901 1943 3966 pro
1960 3891 2049 3966 parte

544 3996 600 4055 tua
622 4009 724 4072 nuper
745 3990 835 4053 uobis
859 3988 999 4052 (exhibita
1022 3988 1210 4065 continebat,
1234 3993 1269 4052 tu
1292 3988 1400 4069 plures
1423 3988 1570 4053 abbacias
1593 3987 1738 4052 solennes
1761 3992 1795 4051 01
1820 3988 1962 4052 membra
1995 4007 2049 4053 no·

545 4095 621 4160 bilia
653 4094 844 4158 nronasterio
877 4098 933 4156 tuo
967 4092 1110 4156 subiecta
1141 4091 1269 4170 babeas,
1303 4092 1430 4173 sintque
1460 4093 1491 4156 in
1515 4091 1632 4155 diocesi
1654 4091 1806 4173 Prageusi
1829 4090 1972 4156 nonnulli
1995 4092 2048 4157 alii

544 4199 686 4278 abbatae,
710 4198 857 4262 abbacias
880 4202 914 4260 et
944 4196 1083 4259 membra
1112 4195 1290 4261 huiusmodi
1324 4215 1385 4260 non
1416 4196 1568 4260 habentes
1591 4215 1628 4259 ac
1650 4200 1683 4259 te
1705 4194 1798 4278 lunge
1820 4193 1970 4274 minores,
1994 4195 2046 4277 qui

545 4306 620 4365 srrnt
643 4302 787 4382 insigniis
810 4299 1045 4381 pontificalibus
1068 4299 1225 4380 insigniti:
1242 4318 1300 4364 nos
1318 4300 1383 4364 tuis
1398 4301 1430 4363 in
1453 4300 1512 4364 hac
1535 4305 1627 4381 parte
1649 4298 1939 4380 supplicaciouibus
1962 4299 2049 4365 incli-

545 4405 621 4482 nati,
644 4410 680 4469 ut
701 4411 735 4468 111
760 4410 793 4468 ot
815 4421 1016 4467 successores
1038 4403 1094 4482 tui,
1119 4404 1252 4467 abbates
1275 4403 1390 4489 dicti·)
1412 4404 1604 4481 monasterii,
1621 4403 1674 4484 qni
1698 4409 1792 4468 eruut
1813 4422 1871 4485 pro
1894 4409 2048 4486 tempore,

545 4510 775 4591 imperpetuum
799 4509 881 4572 infra
903 4513 936 4571 01
958 4512 1048 4571 extra
1071 4507 1189 4571 (lictum
1211 4508 1446 4584 monasterium,
1466 4507 1616 4588 quociens
1638 4506 1811 4573 solenniter
1836 4507 2049 4585 celebrabitis,

543 4613 643 4677 infula
665 4632 721 4676 seu
746 4613 848 4688 mitra,
872 4611 1023 4676 sandaliis
1046 4617 1079 4675 et
1101 4611 1173 4675 aliis
1196 4612 1341 4694 insigniis
1364 4616 1396 4676 01
1419 4612 1581 4675 ornatibus
1604 4611 1838 4694 episcopalibus
1862 4612 1910 4676 uti
1932 4616 1967 4676 et
1989 4611 2049 4677 irui

544 4717 644 4782 libere
666 4721 700 4780 01
722 4716 808 4782 licite
830 4715 974 4793 valeatis,
997 4716 1055 4780 tibi
1079 4720 1112 4780 01
1134 4716 1253 4780 eisdem
1276 4716 1514 4781 successoribus
1537 4715 1728 4781 auctoritate
1750 4715 1926 4796 apostolica
1940 4720 2050 4781 tenore

545 4821 743 4904 presencium
766 4821 975 4903 indulgemus.
999 4820 1152 4886 Volumus
1175 4825 1290 4897 autem,
1316 4825 1408 4885 1111
1431 4825 1464 4883 01
1486 4819 1581 4883 iidem
1604 4837 1805 4884 successores
1827 4838 1954 4884 camere
1976 4840 2049 4903 apo

545 4926 657 4991 stolice
681 4943 775 4989 unam
798 4925 957 4989 marcham
981 4925 1050 4989 auri
1073 4924 1206 5007 singulis
1228 4924 1363 4989 bienniis
1386 4924 1510 4988 solvere
1533 4923 1714 5001 teneamini,
1730 4921 1871 5004 alioquin
1893 4923 2050 4989 indultum

544 5029 724 5094 huiusmodi
747 5030 789 5093 sit
811 5029 934 5093 irritum
957 5034 989 5094 et
1011 5030 1114 5094 inane.
1138 5029 1224 5094 Nulli
1248 5048 1323 5111 ergo
1345 5035 1406 5093 etc.
1429 5031 1537 5092 nostre
1574 5026 1785 5093 concessionis
1815 5031 1849 5091 et
1877 5027 2050 5093 voluntatis

546 5133 718 5217 infringere
743 5137 803 5198 etc.
827 5135 866 5199 Ι).
890 5134 1048 5199 Auinione
1070 5134 1097 5199 V
1120 5152 1192 5198 uon.
1216 5134 1294 5199 Maii
1318 5153 1346 5198 a.
1370 5131 1518 5198 secundo.

647 5347 796 5403 Clementis
814 5348 852 5403 Vl
871 5350 903 5402 Α.
921 5349 977 5417 Illa
996 5350 1052 5419 (ll)
1071 5348 1089 5402 i.
1108 5351 1169 5404 llo'
1188 5365 1214 5404 ru
1233 5354 1291 5414 118,
1317 5347 1486 5403 diversarum
1509 5347 1658 5402 formarum
1681 5360 1727 5414 qu.
1748 5349 1826 5398 18:
1838 5343 1871 5399 V.
1891 5350 1941 5400 m
1960 5345 1980 5400 f.
1999 5351 2048 5400 111

544 5453 570 5490 n.
590 5441 649 5490 698.
668 5465 702 5474 -—
728 5437 752 5503 ⁸)
772 5437 862 5506 suppl.
882 5452 967 5505 supra
985 5438 1019 5492 Δ.
