5184 7050
467 1086 526 1152 72.
549 1085 725 1162 Jolroanes,
748 1105 805 1150 rea
827 1083 1007 1164 Bodas-irre,
1023 1081 1195 1167 suppl-icat,
1215 1085 1369 1166 quotenus
1393 1080 1526 1147 Nicoloo
1542 1084 1579 1147 de
1595 1079 1808 1165 Lacemburpo
1823 1082 1861 1148 de
1877 1102 1975 1168 proe-

839 1191 988 1273 posr'turo
1013 1190 1049 1253 in
1071 1187 1198 1253 Sodslro
1220 1192 1355 1254 vocante
1371 1189 1588 1272 provideatur.

1236 1379 1335 1463 Apud
1365 1378 1603 1456 leomoooom,
1630 1382 1714 1446 1342
1737 1381 1876 1462 Adrasti
1897 1386 1927 1447 2.

566 1590 733 1672 Supplicat
756 1590 787 1656 S.
811 1589 848 1653 V.
873 1589 1097 1653 devotissimus
1120 1589 1141 1652 f.
1165 1608 1193 1652 v.
1217 1586 1391 1667 Jonannes,
1413 1607 1470 1652 rex
1492 1589 1632 1668 Boemie,
1657 1593 1816 1672 quatenus
1848 1589 1909 1654 sibi
1939 1590 1971 1654 in

462 1712 631 1775 personam
654 1693 760 1757 devoti
784 1694 834 1758 sui
857 1692 982 1757 Nicolai
1006 1692 1045 1755 de
1069 1691 1296 1769 Luuemburclr,
1322 1693 1437 1757 notarii
1462 1694 1511 1758 sui
1536 1694 1711 1771 secretarii,
1731 1694 1870 1775 graciam
1893 1692 1971 1758 faci-

462 1804 553 1862 entes
585 1797 768 1879 specialem,
799 1797 903 1861 eidem
934 1796 973 1860 de
1003 1797 1205 1878 prepositura
1237 1797 1268 1860 in
1299 1795 1430 1875 Sacuka,
1461 1798 1632 1880 Pragensis
1666 1797 1813 1874 diocesis
1836 1802 1971 1861 vacante

462 1902 547 1983 apud
578 1901 686 1965 sedem
717 1901 925 1982 apostolicam
955 1918 1013 1981 per·
1042 1901 1295 1965 reservacionem
1318 1901 1339 1964 f.
1363 1921 1387 1965 r.
1412 1900 1530 1965 domini
1560 1899 1717 1965 Jolrannis
1750 1918 1834 1983 pape
1866 1900 1970 1980 XXII,

463 2022 556 2085 quam
579 2004 741 2082 Albanus,
765 2005 923 2086 quondam
957 2004 1114 2086 plebanus
1149 2004 1188 2067 de
1223 2003 1384 2082 Falknaw,
1408 2005 1527 2069 virtute
1563 2005 1671 2086 gracie
1700 2023 1758 2086 per·
1788 2006 1891 2087 ipsum
1916 2005 1970 2069 do·

462 2109 579 2173 minum
601 2107 781 2172 iohannem
804 2126 921 2189 paparrr
944 2107 984 2172 de
1007 2107 1164 2187 dignitate
1187 2113 1220 2171 et
1242 2114 1415 2188 personatu
1440 2108 1500 2172 sibi
1523 2108 1609 2173 facte
1632 2110 1800 2189 occupavit
1823 2116 1855 2173 et
1878 2110 1970 2174 modo
2049 2185 2052 2190 ¹

458 2210 495 2276 de
519 2211 608 2276 facto
632 2212 755 2276 detinet
778 2216 975 2293 occupatam,
1000 2211 1170 2292 dignemini
1194 2212 1372 2292 providere,
1392 2230 1454 2276 ncn
1478 2213 1635 2290 obstante,
1652 2212 1737 2293 quod
1760 2214 1792 2277 in
1815 2214 1969 2296 Pragensi

457 2322 488 2380 et
512 2316 546 2380 in
571 2315 720 2394 Meluicc,
744 2316 915 2395 Progensis
939 2314 1085 2393 diocesis,
1118 2320 1150 2378 et
1184 2317 1216 2379 in
1239 2316 1433 2380 virdunensi
1464 2324 1496 2381 et
1527 2318 1559 2381 in
1583 2323 1763 2381 sanctorum
1789 2317 1933 2382 Castoris
1944 2322 1970 2398 ¹)

453 2418 486 2488 'ul
512 2418 717 2483 Continentia
739 2425 772 2484 et
796 2418 914 2483 Florini
939 2417 1093 2496 ecclesiis
1118 2418 1326 2483 Treuorensis
1350 2419 1496 2497 diocesia,
1514 2420 1721 2484 canonicatus
1737 2427 1769 2484 et
1789 2421 1969 2501 prebendas

450 2523 657 2605 dignoscitur
679 2524 833 2601 obtinere,
857 2541 937 2604 quos
960 2523 1088 2604 quidem
1108 2524 1329 2588 canonicatum
1356 2529 1388 2588 ct
1412 2523 1604 2605 prebendam
1629 2525 1661 2588 in
1685 2524 1756 2605 ipsa
1774 2524 1968 2589 Virduncnsi

380 2668 385 2673 -
446 2628 596 2692 ecclesia
621 2632 753 2708 paratus
777 2632 827 2691 est
850 2627 1020 2704 dimittere,
1045 2645 1114 2690 cum
1134 2626 1314 2691 huiusmodi
1331 2629 1532 2710 prepositure
1548 2629 1581 2691 irr
1597 2626 1719 2693 Saczlra
1733 2629 1968 2708 possessionem

443 2731 624 2814 pacificam
658 2733 756 2796 fuerit
791 2737 969 2810 assecutus,
1004 2738 1037 2795 et
1070 2751 1141 2795 cunr
1175 2731 1248 2796 aliis
1282 2750 1344 2795 non
1375 2732 1578 2797 obstantibus
1601 2738 1634 2796 et
1657 2732 1810 2797 clausulis
1833 2737 1866 2796 et
1895 2732 1968 2796 aliis

444 2836 693 2900 executoribus

562 2940 638 3005 Fiat
660 2939 697 3004 R.
737 2941 781 3005 Et
804 2961 832 3022 q.
857 2948 879 3005 t.
905 2961 929 3004 s.
955 2960 983 3004 a.
1007 2940 1027 3003 l.
1063 2939 1137 3003 Fiat
1160 2939 1196 3003 Il.
1236 2940 1274 3003 D.
1300 2939 1384 3021 apud
1406 2939 1651 3020 Villarnnouam,
1678 2940 1715 3004 A.
1741 2940 1781 3020 d.,
1805 2941 1873 3007 1111
1896 2959 1966 3005 uon.

448 3045 596 3127 Augusti
621 3063 649 3108 a.
673 3045 784 3125 primo.

563 3232 715 3287 (lamentis
733 3233 771 3286 vl
790 3232 808 3285 S
826 3233 867 3300 I,·'l
889 3234 926 3302 (1)
946 3233 964 3286 f.
986 3233 1052 3285 lbl'.
1072 3262 1104 3270 —
1133 3233 1155 3298 11)
1175 3231 1319 3299 ,llastoris‘
1338 3232 1364 3286 S.

453 3727 518 3796 73.
554 3722 688 3788 Nicoloo
717 3722 756 3786 dr
786 3721 995 3802 Lacenrburpo
1023 3720 1210 3804 prolicietur
1241 3720 1278 3784 de
1301 3721 1530 3804 praepositura
1560 3721 1596 3785 io
1628 3720 1755 3787 ecclesio
1778 3721 1816 3785 dc
1837 3720 1966 3786 Sodslca

954 3831 1099 3892 rotome.
1123 3824 1244 3889 Formo
1267 3830 1303 3891 ut
1327 3826 1362 3889 in
1384 3846 1415 3894 a.
1438 3828 1469 3891 9.

511 3949 600 4021 {v

1237 4017 1335 4102 Apud
1357 4016 1597 4093 lecmaooom,
1622 4018 1707 4081 1342
1728 4016 1867 4099 depasti
1889 4021 1919 4082 2.

560 4231 600 4293 n.
625 4227 645 4292 l.
670 4227 802 4292 Nicolao
825 4225 865 4289 de
889 4224 1096 4303 Lucemberk,
1116 4227 1278 4307 preposito
1294 4227 1429 4292 ecclesie
1452 4227 1484 4292 in
1500 4227 1632 4306 Sacrka,
1655 4226 1825 4308 ngensis
1847 4228 1873 4309 ¹)
1897 4226 1964 4290 dio-

453 4337 549 4413 cesis,
573 4352 599 4399 s.
624 4337 685 4398 etc.
710 4331 834 4395 Morum
858 4335 891 4394 et
914 4330 979 4393 rite
1001 4330 1153 4396 honestas
1176 4380 1346 4395 ......
1375 4331 1503 4395 Dudum
1527 4330 1684 4412 siquidem
1707 4329 1727 4394 l.
1751 4349 1776 4394 r.
1800 4329 1964 4397 lohannes

452 4459 540 4523 papa
563 4438 668 4516 XXII,
703 4435 910 4518 predecessor
940 4439 1057 4512 noster,
1092 4435 1259 4500 intendens
1289 4435 1329 4499 de
1358 4437 1561 4517 prepositura
1593 4434 1727 4501 ecclesie
1757 4434 1797 4499 de
1831 4434 1963 4500 Saczka

454 4543 630 4625 Pragensis
660 4541 807 4618 diocesis,
831 4557 927 4621 quam
957 4538 1115 4620 quondam
1139 4538 1290 4617 Mathias,
1315 4539 1447 4605 ultimus
1478 4540 1578 4621 ipsius
1608 4539 1742 4604 ecclesie
1772 4541 1963 4621 prepositus,

454 4646 529 4711 dum
553 4646 677 4711 vireret
699 4644 873 4722 obtinebat,
898 4662 968 4708 cum
993 4644 1081 4709 illam
1104 4663 1219 4707 vacare
1242 4644 1449 4726 contingeret,
1473 4663 1531 4726 per
1554 4643 1728 4726 apostolice
1751 4644 1837 4709 sedis
1859 4645 1963 4727 prori-

454 4749 601 4815 denciam
623 4748 774 4828 ordinari,
797 4749 1032 4831 preposituram
1062 4748 1251 4826 huiusmodi,
1284 4749 1358 4811 dum
1382 4748 1486 4812 adhuc
1516 4749 1600 4812 idem
1630 4748 1771 4814 Mathias
1798 4754 1908 4830 ageret
1931 4748 1963 4812 in

453 4854 612 4933 humanis,
636 4852 786 4917 videlicet
809 4853 877 4917 1111
908 4852 980 4919 idus
1002 4852 1149 4917 {ianuarii
1180 4850 1385 4934 pontificatus
1413 4853 1462 4916 sui
1487 4871 1568 4916 anno
1591 4853 1690 4917 tercio
1714 4851 1875 4934 decimo¹),
1899 4851 1963 4915 dis·

453 4958 611 5041 posicioni
633 4962 666 5020 et
688 4956 884 5021 ordinacioni
916 4975 973 5021 sue
997 4976 1034 5021 ac
1058 4957 1143 5022 dicte
1165 4956 1252 5023 sedis
1283 4974 1354 5020 cum
1377 4956 1522 5021 omnibus
1545 4957 1668 5022 iuribus
1701 4961 1734 5021 et
1756 4958 1962 5039 pertinenciis

453 5063 521 5128 suis
544 5079 585 5126 ea
607 5062 676 5125 rice
699 5061 883 5144 specialiter
904 5062 1091 5140 reservavit,
1126 5060 1300 5125 decernens
1333 5067 1449 5125 extunc
1472 5061 1596 5126 irritum
1624 5067 1657 5125 et
1680 5061 1783 5141 inane,
1819 5062 1846 5127 si
1870 5080 1963 5128 secus

453 5183 552 5248 super
581 5166 644 5230 hiis
674 5184 694 5230 a
721 5184 908 5247 quocunque
939 5166 1052 5246 quavis
1083 5165 1274 5229 auctoritate
1305 5147 1443 5229 scienter
1472 5165 1522 5228 vel
1553 5165 1736 5246 ignoranter
1766 5166 1963 5247 contingeret

453 5270 650 5351 attemptari.
687 5269 766 5334 Cum
789 5274 897 5335 autern
920 5269 1121 5352 postmodum
1145 5268 1231 5332 dicta
1254 5269 1457 5351 prepositura
1479 5288 1538 5351 per·
1561 5270 1662 5351 ipsius
1685 5269 1808 5335 Mathie
1831 5270 1961 5349 obitum,

452 5376 506 5455 qui
533 5375 619 5438 dicto
642 5373 868 5455 predecessore
891 5375 1017 5438 vivente
1045 5378 1135 5438 extra
1157 5373 1347 5437 Romanam.
1364 5374 1485 5437 cmiam
1516 5373 1599 5437 diem
1630 5373 1747 5439 elausit
1777 5378 1961 5452 esbernum,

451 5478 620 5545 vacavisse
643 5481 678 5542 et
700 5477 803 5541 adhuc
827 5497 942 5542 vacare
965 5484 1124 5556 noscatur,
1148 5476 1320 5558 nullusque
1343 5477 1382 5541 dc
1406 5477 1471 5556 illa,
1503 5478 1543 5542 de
1566 5497 1629 5560 qua
1653 5478 1699 5542 sic
1722 5482 1856 5543 vacante
1879 5478 1962 5542 idern

450 5583 617 5647 lohannes
641 5600 677 5645 ar
701 5601 731 5664 p.
756 5602 795 5646 m.
820 5582 1013 5648 Benedictus
1036 5601 1121 5664 papa
1143 5581 1217 5660 Xll,
1235 5582 1442 5663 predecessor·
1464 5587 1573 5648 noster
1595 5588 1628 5646 et
1644 5581 1787 5646 eiusdem
1805 5581 1962 5646 Jolrarmis

449 5686 655 5751 immediatus
679 5704 855 5765 successor,
886 5686 960 5751 dum
984 5688 1130 5751 vixerunt
1152 5687 1280 5750 minime
1304 5686 1499 5766 ordinarunt,
1530 5692 1638 5769 preter·
1660 5706 1717 5751 nos
1740 5687 1800 5750 bac
1824 5687 1892 5750 rico
1915 5685 1962 5749 di-

449 5810 589 5875 sponere
619 5792 730 5873 possit,
765 5792 986 5859 resemacionc
1017 5797 1050 5855 et
1080 5791 1208 5856 decreto
1237 5790 1468 5858 obsistentibus
1494 5792 1704 5873 supradictis:
1740 5810 1797 5858 nos
1820 5790 1963 5856 volentes
