5184 7050
547 841 612 921 680

651 1062 823 1144 Exponunt
845 1059 876 1126 S.
902 1060 938 1125 V.
962 1060 1096 1125 devotus
1128 1065 1236 1126 vester
1267 1056 1414 1138 Karolns
1445 1077 1501 1124 rex
1532 1063 1568 1124 nt
1598 1076 1706 1142 supra,
1738 1067 1774 1124 et
1809 1056 1932 1123 devota
1963 1068 2052 1121 restra

547 1171 695 1230 creatura
717 1164 892 1241 lohannes,
916 1164 1084 1245 episcopus
1108 1164 1339 1241 olomucensis,
1364 1164 1509 1246 predicti,
1531 1164 1614 1245 quia,
1631 1163 1671 1228 de
1693 1163 1824 1246 propria
1850 1161 1959 1226 salute
1982 1162 2052 1243 cogi·

546 1274 652 1355 tantos
675 1277 708 1334 ct
730 1269 895 1350 cupientes
917 1274 1045 1332 terrena
1069 1289 1125 1350 pro
1149 1269 1321 1333 celestibus
1344 1273 1377 1332 et
1400 1268 1583 1333 transitoria
1606 1286 1663 1348 pro
1686 1269 1808 1331 eternis
1833 1267 1964 1331 salubri
1983 1284 2054 1329 com·

544 1374 663 1437 mercio
687 1378 888 1451 commutare,
914 1373 953 1437 dc
977 1373 1164 1453 parrochiali
1189 1373 1325 1438 ecclesia
1349 1374 1380 1436 in
1404 1372 1564 1448 Pnstimir‚
1581 1391 1638 1436 sne
1661 1370 1893 1437 Olomucensis
1920 1371 2052 1436 diocesis.

548 1460 638 1541 cuins
662 1476 792 1541 collacio
816 1477 875 1560 leti
893 1480 917 1545 ‘l
942 1479 1080 1559 provisio
1104 1478 1143 1540 ad
1169 1477 1345 1559 predictum
1369 1478 1552 1559 episcopum
1576 1478 1726 1558 pertinet,
1751 1475 1793 1539 de
1824 1493 1988 1539 censensu
2015 1475 2056 1538 sui

547 1581 677 1664 capituli
713 1580 849 1644 ecclesio
884 1580 1106 1644 tilornucensis
1140 1582 1365 1646 nrormstorium
1400 1580 1696 1658 sanctimonialium,
1732 1580 1818 1662 quod
1861 1588 1996 1642 vocatur
2023 1577 2056 1640 ad

547 1684 722 1750 Infanciam
737 1683 763 1762 ¹¹)
799 1685 989 1748 salictissimi
1014 1685 1195 1760 Salrrrtoris
1221 1686 1340 1748 ordinis
1373 1686 1475 1749 sancti
1509 1684 1682 1762 Benedicti,
1715 1684 1802 1748 dicte
1835 1682 1988 1759 diocesis,
2010 1700 2056 1763 pro

552 1794 737 1853 suammet
767 1794 933 1870 parentum
965 1807 1091 1853 suorum
1127 1790 1301 1853 animarum
1335 1781 1474 1854 remedio
1509 1790 1563 1871 pia
1596 1797 1628 1855 et
1661 1790 1797 1872 provida
1829 1787 2058 1852 deliberacione

549 1892 700 1958 dotarunt
723 1893 844 1974 pariter
866 1899 899 1957 et
921 1893 1103 1971 iumlarnnt,
1128 1900 1162 1958 et
1184 1912 1241 1974 pro
1264 1895 1525 1976 augmentacione
1548 1894 1645 1958 divini
1675 1892 1781 1958 cultus
1813 1892 1902 1957 idern
1934 1910 1989 1955 rex
2019 1892 2058 1955 ius

550 2001 747 2077 patronatus,
779 1998 862 2078 quod
895 1997 1033 2061 habehat
1068 1999 1098 2061 in
1131 1997 1381 2078 parrochialibus
1405 1998 1558 2075 ecclesiis,
1582 1997 1732 2061 videlicet
1757 1997 1789 2060 in
1814 1996 2011 2076 Luremuorg
2031 2002 2056 2057 et

554 2100 586 2163 iu
610 2099 808 2177 Thaluscho
832 2101 926 2163 simili
951 2101 1042 2164 modo
1067 2102 1189 2166 nobiles
1212 2103 1270 2165 riri
1294 2102 1469 2166 Benessius
1492 2107 1526 2165 et
1548 2100 1702 2179 Andreas,
1736 2101 1808 2164 eius
1844 2099 1958 2175 irater,
1992 2099 2058 2161 dicti

551 2204 745 2283 Grnneualt,
780 2207 829 2269 ius
863 2210 1060 2287 patronatus,
1096 2206 1179 2287 quod
1213 2206 1375 2269 habebant
1405 2207 1437 2269 in
1468 2205 1603 2270 eccclesia
1635 2204 1837 2286 parrochiali,
1864 2203 2013 2268 videlicet
2033 2204 2058 2266 in

555 2308 668 2387 Bhutc,
692 2329 762 2373 curn
786 2309 930 2373 ornnibus
953 2309 1019 2372 suis
1045 2310 1166 2375 iuribus
1190 2315 1222 2374 et
1245 2311 1451 2391 pertinenciis
1474 2308 1559 2374 dicto
1578 2310 1771 2373 monasterio
1789 2309 1895 2373 libere
1911 2308 2058 2379 dotarunt,

553 2418 587 2476 et
609 2430 648 2476 ea
672 2413 835 2494 predictus
858 2412 1029 2490 lohannes,
1054 2415 1224 2495 opiscopus
1248 2414 1478 2492 Olornncensis,
1504 2413 1707 2490 continuavit,
1731 2418 1828 2494 prout
1862 2414 1895 2475 in
1931 2414 2057 2494 ipsorum

551 2518 765 2599 predictorum
789 2517 907 2582 litteris
931 2517 1002 2581 hinc
1026 2518 1099 2581 inde
1122 2518 1252 2581 munitis
1276 2536 1426 2599 expresse
1450 2518 1637 2583 continetur.
1661 2516 1853 2599 Supplicant
1878 2515 2015 2581 Karalus
2032 2528 2058 2577 er

550 2620 711 2685 Jolrannos
735 2622 902 2704 episcopus
925 2623 1053 2703 prelati,
1077 2623 1160 2704 quod
1185 2642 1234 2700 ea,
1258 2642 1320 2703 que
1344 2624 1389 2688 sic
1414 2630 1448 2687 ut
1472 2642 1569 2705 supra
1592 2622 1676 2687 lacta
1700 2627 1775 2686 sunt
1797 2640 1858 2703 per
1894 2621 2055 2703 predictos,

552 2730 621 2789 rata
645 2730 678 2789 et
700 2732 793 2807 grata
815 2725 979 2795 hahentes,
1004 2732 1036 2789 ot
1059 2745 1097 2789 ea
1120 2727 1310 2791 anctoritate
1333 2727 1508 2809 apostolica
1531 2746 1569 2790 ex
1601 2731 1687 2790 certa
1722 2725 1867 2790 sciencia
1904 2745 1966 2789 nna
1999 2744 2058 2789 run

552 2830 696 2895 omnihus
719 2830 809 2893 honis
832 2830 898 2894 stris
922 2831 1087 2912 acquisitis
1111 2837 1143 2894 ct
1165 2831 1368 2911 acquirendis
1390 2831 1561 2913 dignemini
1585 2831 1670 2894 dicto
1689 2830 1890 2895 rnouasrerio
1907 2830 2056 2911 degrada

553 2933 687 3015 speciali
712 2933 906 3013 continuare,
930 2954 1001 2999 cum
1024 2936 1169 2999 ‹urmihus
1192 2937 1260 3000 suis
1283 2935 1434 2999 clausulis
1458 2936 1658 3013 necessariis,
1684 2935 1774 2998 utin
1799 2934 1915 2999 forma.

658 3062 730 3128 l'iat
753 3063 784 3128 in
807 3064 909 3129 iomra
932 3065 968 3128 n.

657 3195 738 3259 Item
761 3194 920 3277 supplicat
943 3202 979 3260 ut
1001 3214 1097 3277 supra
1120 3215 1177 3278 pro
1193 3195 1385 3260 nronusterio
1402 3195 1689 3261 sanctimonialium
1706 3196 1738 3259 in
1755 3196 1892 3261 civitate
1909 3196 2059 3278 Pragensi,

554 3298 637 3379 quod
662 3305 792 3362 vocatur
816 3298 855 3362 ad
880 3298 1132 3364 Misericordiam
1157 3301 1293 3378 Domini,
1318 3301 1438 3365 ordinis
1462 3301 1561 3364 sancti
1582 3300 1759 3378 Benedicti,
1776 3299 1952 3365 fundatum
1968 3302 1993 3385 ⁹)
2014 3318 2061 3382 per

554 3402 697 3466 ‹lourinos
727 3403 883 3483 quondam
914 3401 1081 3468 Nicolaum
1110 3405 1228 3469 (lictum
1252 3406 1468 3482 Butanerium,
1492 3406 1709 3489 principalem,
1733 3410 1767 3468 et
1791 3404 1984 3483 Johannem,
2006 3406 2061 3486 epi·

555 3525 685 3588 scopum
709 3505 959 3583 Olomucensern,
986 3509 1105 3589 pariter
1128 3516 1159 3574 et
1185 3509 1338 3588 dotatum,
1363 3508 1530 3596 [quatenus
1565 3509 1786 3575 fundacionem
1814 3513 1851 3574 et
1876 3510 2062 3576 dotacionem

555 3608 668 3696 ipsius]
685 3611 710 3692 f)
735 3631 796 3675 una
819 3631 888 3676 cum
912 3613 1057 3677 erunibus
1080 3614 1147 3677 suis
1170 3615 1335 3695 acquisitis
1358 3622 1391 3679 et
1414 3615 1615 3697 acquirendis
1641 3614 1813 3694 dignemini
1849 3616 1939 3680 dicto
1968 3633 2062 3679 mona·

555 3716 652 3779 sterio
676 3716 716 3779 de
738 3717 848 3797 gracia
871 3716 1003 3797 speciali
1028 3736 1066 3781 ex
1091 3724 1178 3782 rema
1201 3720 1341 3783 sciencia
1365 3719 1558 3796 ‹eonor-nare,
1583 3725 1617 3783 ut
1641 3720 1672 3783 in
1695 3719 1808 3797 sonna,
1832 3739 1909 3784 cum
1931 3720 2062 3784 rrrunihns

555 3820 622 3885 suis
645 3820 796 3887 clausulis
819 3826 855 3888 ut
878 3839 984 3903 supra.

661 3950 732 4015 Fiat
755 3951 786 4016 in
809 3950 910 4016 forma
933 3952 969 4016 ll.

658 4082 739 4148 Item
763 4082 922 4164 supplicat
942 4088 1098 4165 utsupra,
1116 4090 1271 4166 quatenus
1289 4086 1320 4148 in
1338 4104 1503 4167 persorrarn
1519 4086 1706 4151 dilectorum
1723 4102 1855 4148 suorum
1873 4087 1949 4166 [criel
1970 4085 2065 4150 fratris

556 4186 753 4264 Theoderici,
785 4187 926 4269 episcopi
958 4187 1168 4270 Sareptensis,
1206 4191 1301 4253 iurati
1333 4196 1366 4254 et
1389 4193 1603 4273 cooperatoris
1626 4191 1658 4254 in
1680 4188 1910 4270 spiritualibus
1934 4190 2063 4273 episcopi

557 4290 778 4356 Olomucensis
801 4291 946 4374 predicti,
971 4312 1040 4356 cum
1064 4294 1123 4357 sibi
1147 4292 1225 4356 nulli
1249 4293 1394 4359 redditus
1418 4301 1451 4359 et
1472 4300 1645 4376 proventus
1668 4294 1864 4376 perveniunt
1881 4294 2065 4360 deecclesia

560 4395 748 4477 Sareptensi
771 4397 924 4477 predicta,
948 4416 1047 4477 quare
1068 4404 1199 4480 proptor
1221 4399 1322 4480 ipsius
1344 4404 1448 4464 status
1464 4400 1646 4464 decenciam
1662 4398 1782 4478 absque
1799 4397 1961 4466 beneficio
1977 4399 2067 4464 eccle·

561 4500 691 4563 siastico
714 4518 777 4563 nou
800 4500 907 4565 valcat
931 4500 1092 4566 commodo
1115 4503 1296 4580 sustentari,
1320 4505 1456 4584 graciam
1491 4502 1661 4584 specialem
1693 4500 1865 4582 iacientes
1901 4506 2005 4570 eidem
2036 4505 2069 4566 de

558 4603 747 4685 parrochiali
771 4604 907 4669 ccclesia
930 4606 961 4669 in
985 4605 1204 4687 Nicolezpurg,
1228 4605 1313 4670 dicte
1337 4606 1558 4672 Olomucensis
1589 4605 1735 4683 diocesis,
1767 4607 1863 4671 cuins
1889 4609 2022 4674 collacio
2040 4617 2066 4673 et

556 4710 696 4790 provisio
719 4708 758 4771 ad
790 4710 987 4791 prepositum
1018 4716 1050 4773 ot
1080 4712 1306 4775 monasterium
1331 4712 1578 4793 Clurriacense,¹)
1611 4710 1731 4776 ordinis
1754 4709 2067 4779 Premonstratensis.

557 4813 698 4878 eiusdem
726 4813 871 4891 diocesis,
896 4816 1104 4879 conmmniter
1126 4816 1273 4896 pertinet
1299 4836 1360 4897 que
1384 4818 1548 4881 consuerit
1569 4835 1627 4898 per
1649 4814 1822 4879 monachos
1848 4816 1930 4883 dicti
1959 4821 2067 4884 ordinis

557 4919 736 4998 gubernari,
768 4919 795 4982 si
828 4926 920 4983 vacat
951 4919 991 4982 ad
1021 4939 1165 5001 presens,
1196 4920 1246 4983 rel
1277 4920 1357 4984 alias
1380 4924 1610 5003 quamprimum
1634 4936 1746 4982 vacare
1770 4922 1957 5004 contigerit,
1981 4926 2069 4989 eciam

569 5040 628 5104 per
651 5023 904 5086 resorracionem
927 5043 1146 5105 quamcunque
1169 5025 1343 5106 apostolice
1366 5026 1461 5104 sedis,
1478 5026 1581 5090 eidem
1597 5021 1796 5089 Theoderico
1813 5024 2069 5108 armeniorum

557 5128 702 5190 ornnilms
734 5128 800 5191 suis
831 5128 953 5192 iuribus
985 5135 1017 5191 et
1047 5130 1252 5209 pertinenciis
1283 5132 1460 5210 providere,
1493 5131 1542 5195 rel
1571 5135 1651 5199 alias
1675 5159 1694 5203 a
1717 5144 1914 5220 qu0⁰unqne
1938 5146 2069 5219 patrono

558 5232 586 5295 si
611 5229 798 5296 beneficium
823 5231 1084 5311 ecclesiasticum,
1107 5241 1308 5314 personatus,
1332 5236 1470 5317 ‹liquitas
1493 5238 1543 5301 rel
1569 5239 1707 5307 officium
1731 5251 1803 5312 cum
1827 5267 1910 5315 cura
1933 5250 1985 5315 rel
2012 5250 2070 5312 sine

558 5354 634 5400 cura
657 5336 744 5420 [sibi]
758 5346 786 5416 Β)
811 5338 959 5401 canonice
984 5338 1172 5415 conseratur,
1197 5338 1280 5418 quod
1302 5339 1389 5403 licite
1405 5343 1549 5406 obtinere.
1566 5346 1674 5411 valeat
1689 5368 1758 5416 cum
1776 5355 1930 5435 predicta
1946 5353 2070 5419 ecclesia

558 5441 590 5505 in
613 5439 834 5523 Nicolczpurg,
860 5442 1033 5523 apostolico
1058 5444 1249 5506 auctoritate
1273 5461 1380 5508 secum
1404 5445 1573 5526 dignemini
1600 5451 1799 5535 dispensare,
1829 5477 1905 5524 curn
1936 5467 2070 5540 accepts·

559 5545 659 5624 aione,
684 5546 877 5611 inhibicioue.
900 5553 970 5625 etc,
995 5566 1055 5611 ιιιιιι
1080 5549 1278 5613 obstantibus
1302 5551 1545 5634 quilmscunque
1569 5560 1860 5627 consuetudinibus
1893 5573 1928 5630 et
1951 5566 2069 5630 staturis

558 5649 590 5716 in
613 5650 805 5716 contrarium
824 5652 931 5729 editis,
948 5670 1019 5716 curn
1042 5653 1186 5717 onuribus
1210 5654 1275 5717 suis
1300 5654 1451 5719 clausulis
1476 5662 1668 5726 necessariis
1692 5681 1730 5728 ac
1753 5671 1929 5747 oportunis
1953 5678 1986 5734 et
2008 5690 2070 5734 cre

559 5755 731 5834 cutorihus,
757 5763 791 5819 ut
815 5758 845 5821 in
869 5757 977 5822 lorrua.
