5184 7050
647 843 712 908 iffi

644 1053 740 1117 383.
761 1048 936 1124 Jolanms,
958 1067 1016 1113 ren
1037 1047 1216 1123 Bchemioc,
1238 1047 1410 1132 supplicat,
1434 1053 1586 1132 quatem
1613 1048 1676 1115 sibi
1705 1046 1850 1115 conca
1866 1049 2022 1116 dcans's'ccs
2052 1049 2149 1116 sandi

645 1153 743 1229 tetri,
766 1173 859 1236 qum
879 1151 1000 1218 incolae
1022 1152 1162 1217 ciuitatis
1182 1156 1213 1215 a
1228 1151 1362 1216 canos
1378 1152 1638 1218 Vrcto'slcoimic
1655 1175 1717 1238 per
1731 1157 1776 1220 17
1790 1173 1891 1220 cactos
1907 1173 1971 1220 noa
1983 1153 2147 1233 solverant,

779 1260 810 1321 d
830 1256 897 1341 ipsi
915 1254 1036 1321 incolae
1057 1277 1079 1319 a
1096 1254 1219 1339 poesia,
1241 1276 1327 1337 quac
1341 1260 1474 1340 propter
1495 1255 1554 1322 coe
1573 1257 1788 1338 mmcd,
1812 1257 2030 1324 amcam.

1672 1472 1836 1552 Aniciana,
1859 1477 1949 1542 1344
1970 1475 2059 1543 Maii
2077 1477 2110 1542 3.

749 1691 912 1777 Significat
934 1692 965 1758 S.
989 1692 1026 1757 V.
1051 1692 1185 1756 devotus
1208 1689 1229 1755 i.
1254 1710 1282 1754 v.
1299 1689 1471 1769 lohannes,
1495 1710 1553 1757 rex
1569 1692 1708 1771 Boemie‚
1725 1692 1870 1758 dominus
1886 1693 2027 1758 civitatis
2040 1693 2151 1758 Wrati·

646 1795 815 1863 sianiensis
846 1801 879 1861 et
907 1799 995 1860 cente
1024 1794 1127 1883 pontis
1156 1793 1293 1859 diocesis
1324 1794 1435 1877 ipsius,
1466 1794 1550 1877 qnod
1576 1795 1679 1869 incole
1702 1797 1842 1863 civitatis
1865 1802 1898 1862 ot
1920 1797 2062 1863 diocesis
2083 1815 2149 1879 pre

646 1901 802 1967 dicmrum
823 1918 843 1965 a
865 1899 1026 1966 solucione
1049 1897 1173 1964 denarii
1196 1898 1300 1993 sancti
1329 1899 1427 1977 Petn',
1451 1898 1587 1965 ecclesie
1609 1899 1751 1966 Romano
1773 1901 1908 1984 singulis
1929 1903 2022 1969 anuis
2045 1901 2151 1979 debiti,

645 2007 707 2071 iam
729 2004 917 2087 perdecem
940 2008 974 2069 et
995 2009 1118 2085 septem
1141 2020 1240 2067 annos
1262 2002 1436 2085 preteritos
1457 2005 1700 2088 cessaverunt·)
1730 2005 1820 2071 cuius
1854 2005 2025 2071 occasione
2047 2003 2151 2069 nuncii

644 2109 731 2175 sedis
754 2107 928 2191 apostolice
951 2109 983 2174 in
1006 2108 1151 2190 partibus
1175 2105 1239 2172 illis
1262 2108 1455 2173 auctoritate
1479 2106 1655 2189 apostolica
1678 2115 1789 2175 contra
1812 2128 1868 2175 eos
1890 2107 2060 2174 nonnullos
2082 2126 2151 2191 pro·

643 2232 762 2293 cossus,
785 2213 1130 2292 excommunicacionis,
1154 2212 1372 2295 suspensionis
1387 2216 1420 2276 et
1435 2212 1596 2277 interdicti
1612 2213 1792 2279 sentencias
1812 2214 2022 2293 continentes,
2037 2212 2150 2279 iecisse

644 2322 825 2383 noscuntur.
849 2318 955 2396 Quare
977 2316 1139 2381 humiliter
1161 2315 1321 2399 supplicat
1342 2315 1426 2380 idem
1448 2320 1514 2394 ren,
1538 2320 1695 2399 quatenus
1719 2318 1780 2383 sibi
1811 2317 1982 2401 specialem
2013 2317 2149 2400 graciam

643 2421 807 2501 facientes,
840 2421 1021 2487 huiusmodi
1055 2420 1229 2499 denarium,
1252 2420 1292 2484 ab
1326 2419 1438 2484 incolis
1471 2418 1555 2486 dicte
1590 2422 1730 2487 civitatis
1761 2428 1794 2487 st
1817 2422 1890 2487 aliis
1913 2422 2052 2487 subditis
2076 2420 2149 2484 dicti

644 2529 728 2610 regis
761 2532 795 2592 et
828 2524 963 2592 aliorum
997 2524 1122 2604 ducum,
1157 2524 1259 2607 ipsius
1289 2525 1375 2606 regis
1398 2523 1617 2605 vassallorum,
1636 2526 1784 2592 eiusdem
1806 2527 1955 2606 diocesis,
1977 2545 2037 2610 pro
2061 2524 2153 2590 dictis

644 2632 736 2699 annis
769 2631 873 2697 eidem
906 2628 1043 2709 ecclesie
1074 2628 1227 2709 debitum,
1250 2627 1290 2692 de
1320 2627 1451 2711 speciali
1480 2629 1589 2712 gracia
1619 2631 1688 2713 regi
1710 2630 1835 2697 donetis
1857 2631 1961 2697 eidem
1983 2649 2023 2697 ac
2044 2646 2152 2696 onmes

643 2753 812 2818 processus
834 2740 867 2800 et
889 2733 1069 2800 sentencias
1091 2733 1257 2822 occasione
1278 2732 1460 2798 huiusmodi
1482 2739 1593 2799 contra
1616 2752 1681 2815 eos,
1697 2735 1860 2802 civitatem
1876 2740 1910 2801 et
1923 2734 1996 2801 loca
2010 2735 2151 2818 ipsorum

644 2840 770 2908 habitos
793 2838 933 2906 relaxari
955 2843 989 2903 st
1010 2855 1068 2903 eos
1089 2839 1129 2902 ab
1152 2836 1216 2902 illis
1238 2837 1360 2902 absolvi
1378 2837 1546 2918 mandetis,
1562 2833 1633 2904 cum
1648 2839 1795 2940 omnibus¹
1810 2839 1962 2906 clausulis
1976 2838 2152 2922 oportunis.

746 2995 820 3060 Fiat
839 2948 879 3058 lt.
923 2995 973 3058 De
994 2993 1067 3072 hiis,
1091 3011 1153 3074 qne
1176 3011 1233 3075 pro
1256 2992 1342 3057 dicto
1364 2998 1507 3076 tempore
1529 2995 1684 3076 preterito
1707 2994 1812 3061 soluto
1833 3013 1896 3061 non
1919 2995 2065 3061 existunt
2087 2994 2151 3072 R.¹)

644 3098 687 3164 Et
708 3117 738 3181 q.
762 3103 784 3165 t.
808 3116 833 3163 s.
857 3117 885 3164 a.
908 3096 929 3161 l.
975 3097 1048 3162 Fiat
1069 3096 1106 3161 R.
1149 3099 1188 3162 Ι).
1213 3097 1373 3162 Aninione
1393 3098 1423 3163 V
1445 3116 1517 3163 non.
1542 3096 1619 3162 Maii
1643 3116 1670 3163 a
1694 3099 1843 3197 ¹secundo.

746 3356 895 3411 Clementis
912 3357 950 3410 Vl
968 3356 994 3410 S.
1014 3356 1068 3426 llll
1089 3359 1127 3422 (l)
1146 3355 1164 3409 l.
1183 3357 1253 3408 328'.
1271 3354 1457 3423 Registratom
1476 3355 1504 3409 in
1523 3355 1621 3410 ZVGA
1641 3356 1799 3411 Schlesiens
1818 3356 1904 3423 XXV,
1915 3363 1974 3412 304.
1988 3389 2022 3397 —
2035 3361 2063 3423 ¹)
2084 3375 2150 3425 ,cas-

642 3447 780 3498 saverunt‘
798 3443 825 3497 S.
853 3476 868 3483 -
898 3445 918 3509 ¹)
937 3443 1029 3497 littera
1052 3443 1106 3497 ista
1130 3458 1183 3495 uon
1209 3449 1252 3495 eat
1276 3448 1398 3510 roperta.

1289 3736 1495 3750 ——n—

638 4074 733 4139 384.
762 4070 908 4136 Arnoldo
938 4071 975 4134 de
1006 4071 1203 4145 anoucc'ao,
1219 4068 1369 4134 canonico
1391 4066 1539 4133 ccclesiae
1564 4067 1745 4161 Picumno,
1764 4069 1936 4137 Coloceasis
1959 4072 2102 4154 ἀίωωίε,
2116 4075 2149 4139 ia

645 4175 806 4257 Uayoriue
834 4178 865 4236 ct
889 4174 1037 4237 Potonicc
1065 4174 1171 4263 repnte
1203 4195 1242 4238 ac
1271 4170 1423 4256 panibus
1446 4171 1681 4255 circccacicinis
1704 4173 2006 4258 apostolicaesedis
2027 4179 2147 4253 auae,

638 4279 821 4353 mundatur,
843 4281 1000 4368 quotenos
1022 4276 1162 4363 decimae
1176 4275 1367 4365 senescatis,
1384 4273 1461 4339 olim
1477 4298 1539 4358 per
1555 4274 1750 4342 Clementem
1767 4299 1894 4364 papam
1917 4277 1998 4351 Vin
2018 4280 2148 4348 concilio

649 4383 812 4447 licnnensi
833 4382 868 4446 in
889 4379 1065 4445 eusiciam
1092 4381 1208 4446 Terrae
1230 4380 1373 4444 Sanctae
1393 4379 1571 4463 impositae,
1595 4380 1747 4447 nonanta
1773 4382 1902 4447 residuo
1925 4377 1960 4448 icc
1988 4384 2148 4467 Unycrs'cc

640 4507 679 4550 ac
704 4482 851 4549 Poloaioe
882 4485 988 4565 repetis
1021 4505 1059 4548 oc
1090 4482 1324 4548 circumvicinis
1354 4481 1520 4567 portibus.
1538 4481 1682 4565 collipcre
1711 4490 1869 4568 promeret
1915 4487 1969 4563 ,D.
1993 4485 2147 4555 Asiaticae

1163 4588 1193 4650 V
1209 4606 1278 4652 aon.
1305 4586 1390 4652 Maii
1412 4571 1443 4653 o.
1465 4587 1620 4653 secundo!
1805 4589 1809 4595 '

1667 4761 1829 4838 Acinicne,
1852 4760 1940 4828 1344
1963 4764 2052 4831 Mali
2071 4769 2104 4831 3.

731 5003 891 5057 Clementis
909 5003 947 5056 Vl
967 5002 998 5056 V.
1019 5008 1068 5056 137
1087 5007 1167 5070 (secr.
1187 5019 1211 5057 a.
1231 5002 1431 5067 11)ῐ.9ῠθή.
1452 5007 1528 5057 1036.
