5184 7050
648 834 712 900 262

645 1041 739 1106 442.
774 1037 851 1105 0999
886 1040 1077 1112 Hermanno,
1112 1042 1187 1101 reato
1224 1039 1363 1117 Hauriat,
1399 1039 1521 1102 concitis
1554 1040 1589 1102 iu
1626 1038 1858 1119 blaubeuburp,
1881 1039 2091 1122 dispensatur
2113 1039 2151 1101 ad

645 1143 906 1229 supplicationem
929 1142 1098 1217 Jobauuis,
1120 1142 1204 1222 repis
1227 1142 1407 1216 Bobeuriae,
1430 1163 1526 1225 super
1548 1142 1763 1206 inhabilitatis
1794 1142 1932 1219 maala,
1964 1164 2063 1224 quom
2087 1163 2152 1206 cori·

644 1251 799 1322 traaerot,
821 1268 892 1310 cum
910 1248 1169 1330 praeposituram
1192 1251 1337 1310 curatam
1360 1246 1509 1310 eeclesiae
1523 1246 1782 1326 Jeebeburpeusis
1801 1252 1831 1310 et
1854 1246 2151 1310 archidiaconatum

654 1351 952 1416 llbdderstuteusem
973 1349 1070 1413 simod
1091 1349 1203 1414 illicite
1224 1350 1381 1430 retineret,
1405 1356 1435 1414 et
1456 1354 1520 1414 tres
1550 1355 1661 1433 partes
1685 1354 1856 1428 fruetumu
1888 1351 1957 1414 iam
1979 1371 2018 1414 ee
2041 1351 2152 1414 eisdem

641 1460 859 1539 perceptorum
881 1454 911 1518 ei
931 1456 1145 1532 remittuntur,
1168 1454 1218 1517 ito
1238 1458 1354 1528 tamea,
1377 1454 1460 1536 quod
1481 1454 1643 1517 residuam
1672 1459 1824 1535 quartam
1850 1458 1979 1536 partem
2003 1455 2038 1518 iu
2060 1475 2152 1538 opera

641 1560 774 1643 pietatis
797 1564 956 1623 convertat
978 1563 1008 1622 et
1026 1558 1289 1641 praeposituram
1308 1563 1337 1621 et
1354 1557 1650 1622 archidiaconatum
1669 1559 1851 1641 praedictos
1874 1557 2007 1622 realiter
2029 1559 2151 1622 omnim

908 1663 1060 1726 ‹linrittat
1107 1664 1159 1736 ,l).
1184 1661 1341 1726 Aulaioue
1364 1663 1417 1726 XI
1433 1661 1498 1726 bal.
1524 1662 1703 1726 Decembris
1727 1684 1757 1726 a.
1781 1663 1898 1726 tercio.‘

689 1853 749 1976 ..ἕ
1551 1852 1712 1927 Aninioue,
1736 1855 1823 1917 1344
1847 1852 2037 1916 Novembris
2059 1856 2111 1917 21.

750 2096 898 2148 Clementis
918 2094 955 2145 Vl
974 2097 1006 2146 A.
1026 2094 1090 2163 lllll
1113 2098 1168 2157 (11)
1186 2093 1204 2145 1.
1224 2095 1284 2145 498’
1304 2110 1330 2145 n.
1350 2098 1409 2158 493,
1429 2093 1597 2146 diversarum
1616 2093 1763 2146 formarum
1782 2110 1827 2160 qur.
1848 2099 1879 2145 10
1896 2112 1925 2144 .-.
1940 2093 1972 2146 V.
1994 2099 2043 2145 196
2063 2096 2080 2147 1.
2093 2096 2149 2145 999

646 2200 671 2236 9.
691 2188 752 2235 499.
771 2213 802 2220 -
823 2181 873 2234 Ed.
892 2180 1021 2246 Schmidt,
1041 2178 1144 2247 Pbpstl.
1163 2179 1234 2231 lek.
1254 2179 1309 2232 und
1331 2178 1467 2246 Regestcn
1487 2178 1499 2231 I
1518 2194 1578 2246 pag.
1598 2186 1649 2232 949
1668 2197 1695 2233 n.
1714 2187 1754 2232 99.

959 2670 973 2701 Χ

645 2836 739 2902 443.
761 2833 930 2900 ludieibus
953 2832 1136 2906 mandatur,
1152 2836 1307 2913 quatenus
1324 2832 1515 2911 Hermanno,
1541 2835 1616 2894 nato
1632 2831 1773 2910 Hauriat,
1793 2831 1915 2895 coalitis
1937 2833 1972 2895 iu
1992 2831 2146 2896 111991999-

644 2939 732 3019 bury,
763 2937 911 3002 eauouieo
942 2934 1215 3016 Moqdeburpeusi,
1244 2937 1505 3018 praeposituram
1537 2939 1684 2999 curatam
1713 2935 1862 2999 eeclesiae
1890 2935 2148 3017 Jeebeburpeusis

644 3044 813 3120 conferam
834 3043 864 3103 et
886 3042 1056 3121 assipueut.
1103 3041 1218 3104 Forma
1241 3037 1336 3102 buius
1358 3038 1484 3102 litterae
1506 3039 1540 3102 iu
1564 3039 1715 3122 partibus
1738 3038 1863 3102 omissis
1886 3060 1957 3104 eum
1981 3061 2108 3104 nutriero
2128 3042 2149 3103 6

1315 3142 1491 3208 coneordat.

698 3249 735 3441 ἶ
1313 3343 1325 3359 ,
1550 3297 1713 3375 arelium,
1736 3302 1823 3364 1344
1845 3299 2032 3364 999999
2053 3304 2105 3365 21.

748 3538 784 3602 V.
801 3537 821 3601 f.
840 3588 872 3602 ..
896 3537 1134 3619 archiepiscopo
1158 3534 1425 3619 blagdebnrgensi
1448 3541 1482 3599 et
1504 3534 1555 3598 dd.
1571 3534 1601 3599 ff.
1620 3585 1651 3598 ..
1675 3535 1924 3601 Wilkenridensi
1944 3555 2001 3601 99.
2022 3588 2029 3601 .
2055 3537 2148 3602 llnel-

644 3642 744 3721 99991,
780 3642 963 3723 1199991199
998 3641 1143 3719 diocesis,
1177 3642 1440 3705 rnorrmteriorum
1472 3640 1639 3703 abbatibus
1670 3659 1694 3702 9.
1719 3645 1778 3704 etc.
1824 3640 1981 3705 Nobilitas
2012 3642 2147 3725 gerraris,

645 3747 708 3809 uite
732 3766 769 3810 99
792 3765 912 3810 nimum
935 3746 1086 3809 honestas
1109 3744 1233 3827 aliaque
1256 3744 1429 3808 laudabilia
1452 3744 1565 3807 rnerita
1589 3743 1765 3824 probitatis,
1789 3761 1886 3824 super
1921 3744 2037 3825 quibus
2067 3744 2148 3827 apud

644 3869 701 3914 999
728 3852 758 3915 d.
782 3850 802 3915 1.
827 3850 1037 3927 Η99999999,
1069 3856 1162 3914 natus
1193 3849 1222 3912 d.
1254 3849 1274 3912 f.
1307 3848 1447 3925 Henrici,
1480 3847 1602 3911 coniitia
1634 3848 1665 3910 in
1695 3848 1949 3931 Blankenborgb,
1981 3851 2148 3913 canonicus

644 3953 907 4033 lunaburgensis
930 3954 1087 4035 tidedigno
1110 3952 1347 4016 eannnendatnr
1369 3952 1558 4028 testimonia,
1582 3970 1639 4013 999
1663 3951 1826 4031 inducunt,
1843 3958 1878 4016 ut
1897 3953 1958 4018 sibi
1980 3953 2149 4017 reddamur

644 4058 674 4121 in
698 4058 896 4122 ‹rxlribicinnc
918 4059 1023 4138 gracie
1047 4056 1205 4121 liberales.
1251 4055 1355 4120 Hodie
1386 4057 1541 4137 siqnidem
1569 4075 1624 4137 999
1649 4057 1836 4136 9999111991
1862 4056 2036 4122 Hennanni
2062 4059 2149 4122 991119

646 4164 801 4244 exposita,
815 4161 840 4248 ¹)
864 4164 946 4245 quod
971 4162 1044 4227 alirn
1079 4162 1162 4225 idern
1186 4160 1396 4238 Hemnannns,
1419 4167 1493 4224 tnnc
1517 4162 1548 4223 in
1572 4160 2148 4241 0999999991ιεί99Η911199919119991

644 4266 787 4330 ecclesiis
811 4268 1014 4331 canonicatus
1037 4271 1069 4329 et
1093 4265 1270 4346 prebendas
1286 4266 1432 4328 obtinens
1449 4270 1482 4329 et
1499 4266 1530 4328 in
1545 4268 1630 4329 etate
1647 4264 1787 4346 legitima
1804 4266 1931 4329 minime
1947 4267 2147 4343 coristitntus,

644 4372 875 4453 preposituram
895 4377 1038 4436 curatam
1053 4370 1188 4433 ecclesie
1203 4369 1222 4433 J
1226 4369 1504 4452 991199199999919,
1521 4369 1706 4451 Magantine
1723 4369 1868 4448 diocesia,
1883 4375 1959 4434 tune
1974 4377 2149 4448 vacantem,

650 4473 729 4540 alias
771 4476 830 4541 sibi
873 4476 1021 4540 99999199
1063 4474 1217 4553 uallatam,
1251 4494 1288 4538 ac
1321 4473 1608 4538 archidiaconatum
1641 4473 1940 4539 Wederstedensern
1972 4475 2005 4538 in
2041 4476 2152 4540 caeluni

643 4578 906 4644 Halberstadensi
929 4579 1065 4643 ecclesia
1087 4583 1253 4659 99999991
1276 4578 1410 4658 illosque
1442 4579 1566 4641 insirnnl
1598 4579 1697 4642 eeiarn
1727 4584 1800 4660 post
1829 4586 1862 4642 et
1892 4585 2002 4643 contra
2035 4580 2149 4643 999911-

641 4685 810 4762 tucionmr,
844 4704 906 4766 que
941 4685 1052 4765 incipit
1078 4678 1326 4764 „Eneerabilis“,
1349 4687 1495 4745 tenuerat
1530 4689 1625 4763 atque
1660 4684 1798 4761 999199,
1833 4684 1933 4748 eciam
1967 4683 2008 4748 ad
2044 4702 2150 4749 saeros

642 4788 778 4866 9911999,
813 4807 892 4870 quiuis
924 4790 1125 4870 prepositura
1156 4794 1188 4851 et
1199 4791 1225 4867 ⁸)
1255 4787 1528 4850 archidiaconatus
1552 4788 1666 4868 prefati
1690 4788 1866 4869 requirunt,
1889 4806 1951 4852 999
1974 4795 2147 4869 promotus,

642 4892 1188 4974 1199199919111111999999191999
1219 4889 1297 4972 osb)
1329 4892 1467 4955 eisdem:
1499 4911 1556 4954 999
1582 4912 1705 4956 999999
1728 4892 1936 4957 inhabilitatis
1960 4911 1996 4957 99
2021 4892 2148 4958 infancie

642 4996 797 5060 maculam
820 4998 887 5060 9199
911 5003 1027 5074 notam,
1051 4997 1256 5077 9999919999
1280 4995 1480 5059 Hernrannns
1504 5017 1542 5059 99
1573 4997 1735 5077 premissis
1769 4996 1820 5060 uel
1846 5016 1956 5060 99999
1984 4999 2148 5062 occasione

642 5106 851 5180 9999999991,
877 5102 908 5165 19
932 5121 969 5164 99
992 5102 1119 5183 penitus
1142 5101 1333 5165 auctoritate
1365 5100 1539 5181 9999191199
1573 5101 1768 5164 9991999999
1803 5102 1969 5181 ipsumque
2002 5100 2148 5167 habilita-

642 5206 743 5269 vimus
777 5212 810 5270 et
843 5206 980 5270 habilem
1014 5206 1241 5286 reddidimus)
1277 5206 1316 5268 ‹le
1350 5204 1523 5286 apostalice
1547 5205 1744 5284 plenitudine
1767 5206 1936 5286 potestatis
1959 5225 1996 5269 ae.
2020 5206 2147 5287 insuper·

639 5316 705 5374 tres
728 5316 835 5391 partos
857 5310 1026 5387 fructuum,
1050 5329 1108 5391 per
1130 5311 1249 5373 dictum
1275 5308 1489 5373 Hermannurn
1513 5328 1550 5371 ex
1576 5310 1652 5390 ipsis
1677 5310 1880 5391 prepositura
1900 5315 1932 5374 et
1948 5309 2142 5374 archidiaca-

641 5421 717 5478 uatu
742 5422 972 5496 perceptorum,
996 5415 1080 5478 elicta
1105 5414 1287 5477 Hermanno
1311 5414 1490 5477 remisimus
1521 5420 1554 5477 et
1587 5415 1771 5477 ‹lorrauimus
1798 5414 1837 5476 de
1869 5414 1976 5493 gracia
2006 5413 2145 5496 speciali,

641 5520 686 5583 ita
709 5526 825 5597 tamen,
848 5519 931 5601 quod
956 5520 1024 5600 ipse
1049 5519 1207 5582 residuam
1232 5524 1375 5598 9999991
1404 5524 1524 5598 999919
1555 5518 1725 5581 9999191991
1758 5518 1917 5581 fruetuum
1948 5524 2145 5583 eorrveuteret

640 5624 670 5687 in
705 5643 803 5705 opera
837 5624 974 5705 pietatis,
1009 5623 1149 5704 alioquin
1184 5623 1308 5703 prefata
1342 5624 1485 5686 remissio
1520 5623 1689 5685 lralreretnr
1724 5622 1849 5701 penitus
1880 5641 1938 5703 pro
1963 5641 2023 5685 999
2048 5623 2143 5699 faunu

638 5727 828 5811 voluimus·')
863 5734 979 5805 autem,
1015 5727 1099 5809 qnod
1133 5728 1276 5808 prefatus
1311 5727 1510 5791 Hermannus
1541 5726 1773 5809 preposituram
1803 5730 1837 5789 et
1859 5725 2143 5793 archidiaconatum
