5184 7050
554 816 618 883 516

555 1020 646 1089 887.
673 1017 871 1096 arctoi-onos,
886 1016 974 1081 cocti
995 1020 1126 1082 solutae
1144 1014 1273 1081 olderico
1289 1015 1324 1079 io
1340 1012 1504 1080 &accedia
1518 1013 1670 1078 diaconos
1688 1010 1881 1087 cardinalis,
1899 1013 2061 1097 ccopplicot,

555 1129 712 1210 pontem
740 1123 894 1205 mopistro
926 1119 1022 1187 ltcro'o
1051 1119 1089 1184 dc
1121 1117 1286 1185 Oloacstris
1316 1118 1355 1183 dc
1384 1118 1574 1183 canonicatu
1602 1121 1633 1182 ct
1657 1116 1846 1202 praebendo
1878 1117 1917 1181 ia
1941 1115 2062 1183 ccclesia

970 1222 1212 1290 Vrctislooicosi
1233 1222 1420 1289 acuentibus
1437 1222 1655 1308 prouidentur.

1564 1361 1728 1440 Aoiaiooac,
1750 1362 1842 1429 1347
1865 1359 1956 1429 Moti
1977 1364 2027 1428 13.

654 1558 821 1642 supplicat
843 1557 874 1624 S.
898 1556 936 1622 V.
960 1556 1074 1622 devota
1097 1561 1245 1622 creatura
1269 1561 1376 1621 vesun
1405 1553 1633 1641 Gluillalmus]‚
1664 1556 1775 1618 sancte
1804 1552 1913 1619 Maria
1936 1553 1969 1619 iu
1993 1550 2058 1619 Cos

553 1662 659 1731 medin
684 1662 836 1730 baconus
867 1659 1046 1739 cardinalis,
1078 1705 2039 1727 ....................................
2052 1689 2059 1701 ·

656 1769 738 1834 ltam
768 1765 931 1851 supplicat
960 1765 1043 1830 idem
1075 1762 1255 1842 cambuslia,
1287 1767 1444 1846 quatenus
1479 1761 1594 1827 dilecto
1626 1759 1792 1843 capellano
1823 1778 1886 1826 suo
1918 1761 2058 1843 namuro

551 1872 654 1940 Icario
678 1872 718 1937 de
741 1870 909 1950 claustris,
932 1871 965 1936 in
988 1874 1124 1952 utroque
1146 1869 1216 1934 iure
1234 1868 1413 1948 licentiato,
1430 1867 1470 1932 de
1486 1865 1674 1933 canonicatu
1690 1870 1724 1931 et
1738 1864 1911 1947 prebenda
1934 1865 2058 1931 ecclesie

552 1976 827 2043 Wratislauiensis
851 1975 946 2041 simili
968 1975 1061 2039 modo
1084 1973 1271 2039 vacantibus
1294 1992 1365 2038 cum
1388 1971 1534 2038 omuibus
1557 1970 1679 2037 iuribus
1706 1975 1740 2034 et
1762 1969 1981 2051 pertinenciis
2001 1970 2057 2035 suis

552 2080 722 2164 dignemini
747 2080 923 2164 providere,
946 2099 1008 2145 nou
1031 2078 1187 2157 obstante,
1222 2078 1307 2160 quod
1330 2077 1361 2142 in
1385 2076 1523 2142 ecclesia
1554 2075 1729 2141 Turoneusi
1761 2073 1989 2140 canonicatum
2010 2074 2058 2139 sul»

551 2184 776 2269 cxpectacioue
807 2183 969 2267 prebendo
999 2202 1035 2248 ac
1066 2181 1297 2266 parrochialem
1328 2181 1495 2247 ecclesiam
1526 2181 1619 2247 beate
1651 2178 1754 2245 Maria
1782 2179 1825 2245 dc
1847 2178 2009 2246 Estinallo
2027 2198 2057 2243 ac

551 2289 759 2375 capellaniam
782 2289 884 2354 sancti
907 2286 1061 2369 Stephani
1085 2286 1125 2352 de
1148 2285 1335 2366 villalusca,
1369 2285 1616 2351 Cenomanensis
1647 2290 1681 2351 et
1705 2283 1980 2350 Carcassonensis
2000 2282 2058 2348 dio

554 2395 683 2475 casium,
706 2394 848 2460 noscitur
870 2393 1024 2471 obtinere,
1048 2411 1119 2458 cunr
1141 2391 1213 2457 aliis
1240 2410 1302 2456 nou
1324 2390 1527 2456 obstantibus
1549 2395 1582 2455 et
1605 2388 1757 2455 clausulis
1781 2388 1965 2472 oportunis.

655 2498 729 2565 Fiat
749 2497 787 2562 R.
822 2498 866 2564 Et
889 2517 917 2580 q.
941 2501 963 2562 t.
988 2514 1014 2561 s.
1037 2515 1065 2561 a.
1089 2496 1109 2562 l.
1144 2496 1217 2562 Fiat
1239 2496 1276 2561 R.
1311 2498 1350 2562 D.
1375 2495 1532 2561 Auiuiona
1555 2494 1605 2561 Ill
1628 2494 1670 2560 id.
1695 2493 1775 2560 llaii
1800 2512 1830 2558 a.
1856 2494 1979 2578 quinto.

655 2686 803 2745 Clementia
821 2686 860 2742 Vl
878 2687 904 2742 S.
923 2685 976 2759 Vll
997 2690 1053 2756 (10)
1072 2685 1091 2740 f.
1111 2687 1179 2739 178¹.

551 3198 643 3265 aaa.
657 3193 817 3264 ruarmo
832 3192 1016 3273 ronaco,
1032 3197 1187 3276 temtos
1202 3149 1384 3260 stomaro
1400 3194 1438 3260 o
1453 3191 1643 3276 totototo
1665 3192 1703 3259 oo
1724 3192 1861 3259 rocoa
1880 3197 1912 3259 c
1925 3189 2049 3261 mons,

669 3323 730 3387 per
752 3301 924 3365 Ponticum
946 3298 985 3364 dc
1008 3297 1143 3363 l'tobloa
1165 3297 1194 3364 ci
1215 3296 1330 3376 illotis,
1346 3298 1484 3381 focioot
1505 3297 1648 3365 iustitiae
1671 3295 1945 3381 complementum.

600 3489 659 3615 ,ἲ
1557 3490 1720 3566 aalma,
1743 3490 1835 3557 racc
1860 3491 1947 3558 mco
1965 3492 2014 3558 cr.

652 3734 711 3799 Dd.
743 3733 774 3799 ll.
800 3732 957 3799 ..Gallo
988 3735 1028 3799 da
1060 3733 1249 3814 Cossorum,
1285 3735 1404 3800 ordinis
1434 3738 1566 3801 fratrum
1596 3736 1852 3815 Predicatorum‚
1880 3733 2046 3819 inquisitori

546 3839 689 3905 heretice
713 3838 881 3921 pravitatis
905 3838 936 3903 iu
958 3856 1055 3918 reguo
1078 3838 1218 3916 nonme,
1243 3847 1276 3905 et
1299 3841 1394 3906 Petro
1418 3840 1457 3905 de
1480 3840 1614 3921 Bieliua,
1638 3840 1751 3906 lectori
1777 3840 1918 3907 fratntm
1941 3841 2047 3907 laneo

548 3943 806 4025 mericensiuru‚·)
831 3942 908 4008 dicti
932 3942 1062 4021 ordinis,
1088 3943 1257 4026 Pragansis
1281 3944 1427 4024 diocesis,
1451 3964 1475 4010 s.
1499 3951 1559 4011 etc.
1596 3946 1746 4025 Quaurvis
1769 3945 1972 4029 quibuslibet
1991 3961 2048 4027 gn·

546 4048 630 4114 vatis
652 4047 792 4111 indebite
823 4048 866 4112 sit
895 4047 1069 4127 suprariom'a
1100 4045 1203 4112 (illicio
1235 4049 1274 4112 de
1306 4055 1460 4131 (oportuno
1491 4051 1615 4116 iusticie
1645 4051 1787 4116 remedio
1816 4049 2046 4134 providendum,

545 4152 702 4236 religiosis
724 4157 829 4215 turico
851 4151 1006 4233 personis,
1031 4170 1070 4215 uc
1094 4156 1242 4231 protextu
1258 4152 1485 4240 grasaruiuisl’)
1501 4157 1636 4239 vagandi
1660 4156 1707 4222 cis
1730 4161 1899 4238 prestetur
1922 4157 2048 4230 deado,

546 4256 727 4340 prompcius
750 4257 918 4320 subvenire
941 4275 998 4319 nos
1022 4256 1179 4335 comedit,
1204 4262 1239 4320 ut
1261 4275 1396 4338 persono
1420 4259 1498 4340 ipso,
1515 4261 1554 4325 ab
1574 4260 1656 4325 omui
1675 4259 1928 4343 perturbacione
1951 4261 2047 4332 libam

549 4380 611 4444 quo
635 4362 779 4444 quiocius
803 4379 841 4424 eo
865 4361 1014 4424 devocius
1037 4361 1175 4425 omnium
1199 4359 1391 4428 louruleutur
1421 4365 1553 4429 auctori.
1588 4365 1671 4431 Sane
1695 4364 1815 4447 peticio
1841 4365 1871 4430 d
1896 4365 1920 4432 l.
1943 4364 2049 4434 sacto

546 4464 626 4529 borii
657 4465 698 4530 de
731 4463 947 4546 Longuauilla
979 4463 1099 4529 orcliuis
1129 4464 1262 4529 fratrum
1290 4465 1539 4545 Prodicatorum,
1571 4468 1661 4535 uobis
1691 4468 1839 4536 exhibita
1865 4469 2047 4543 continebat

545 4569 629 4652 qnod
644 4568 673 4634 d.
690 4567 712 4634 f.
730 4570 898 4634 Pomionus
914 4569 954 4633 de
971 4570 1113 4649 Probita,
1130 4571 1216 4652 prior
1231 4571 1435 4652 provincialis
1457 4571 1589 4638 fratrum
1612 4573 1731 4640 ordinis
1754 4571 2047 4658 [Predicatomml‘l

545 4673 706 4756 provincio
731 4674 859 4737 Boemio
883 4673 1055 4738 secundum
1079 4693 1197 4739 morem
1221 4676 1362 4740 ciusdem
1379 4677 1509 4757 promia,
1525 4678 1661 4743 eundem
1676 4678 1915 4746 Swatcborium
1934 4675 2046 4746 urenda·

546 4778 627 4843 citer
649 4795 797 4842 asserens
821 4779 1157 4844 curruumurricucionis
1172 4780 1297 4846 viuculo
1314 4781 1507 4863 innodatum,
1523 4802 1594 4848 cum
1610 4786 1650 4849 ab
1665 4783 1829 4850 eleccione
1852 4781 2045 4852 aimoinum

547 4881 679 4965 capituli
702 4882 907 4964 provincialis
931 4883 1014 4948 dicte
1038 4884 1209 4965 prouincia,
1226 4885 1276 4948 cui
1300 4884 1452 4951 eleccioni
1475 4886 1619 4969 prelatus
1643 4888 1862 4956 Stratoborius
1887 4886 2045 4956 secundun

545 4991 664 5052 statuta
688 4986 764 5052 dicti
788 4987 917 5066 ordinis,
949 5007 1018 5052 cum
1049 4994 1136 5052 esset
1165 4988 1349 5069 predicator
1370 4991 1538 5073 geucralis,
1562 4995 1716 5059 iuteresse
1739 4993 1896 5075 debebat,
1924 4987 2043 5061 execat

543 5088 617 5173 acl)
641 5091 766 5158 excludi
790 5092 890 5157 ociaur
913 5092 1075 5157 uraudarit
1098 5092 1238 5171 etfacit,
1269 5099 1302 5159 et
1333 5094 1416 5176 quod
1446 5096 1548 5162 cidem
1580 5098 1774 5165 Su'atoborio
1806 5096 1936 5182 absque
1965 5109 2044 5162 cana

546 5196 732 5263 racionabili
756 5202 789 5261 et
812 5197 892 5261 alias
916 5197 1056 5262 indebita
1079 5205 1112 5263 at
1134 5199 1252 5263 iniuste
1275 5202 1458 5281 procurarit
1488 5209 1521 5267 et
1547 5202 1624 5269 lecit
1644 5222 1760 5288 penam
1783 5205 1882 5288 culpe
1905 5199 2043 5290 gravaris

544 5300 672 5383 imponi,
696 5301 736 5366 ob
760 5319 853 5382 quami
877 5304 913 5365 ut
936 5299 1052 5366 dicitur
1075 5302 1158 5366 idem
1181 5301 1395 5369 Swatoborius
1417 5306 1457 5372 ad
1481 5326 1603 5374 onmem
1627 5314 1745 5375 statum
1768 5316 1805 5375 et
1827 5310 1981 5376 bonoram
1994 5305 2041 5372 luit

543 5405 647 5473 iactus
678 5404 805 5470 irrabilis
835 5406 1009 5471 secuudum
1039 5412 1160 5472 statuta
1190 5408 1311 5474 ordinis
1341 5411 1505 5492 antedicti,
1537 5414 1694 5497 quodque,
1724 5414 1803 5480 licet
1826 5414 1916 5482 idem
1938 5413 2042 5482 sacco

543 5511 652 5575 boiius
675 5513 749 5573 onte
773 5529 854 5591 pauc
879 5510 1115 5593 imposicionem
1139 5512 1319 5578 huiusmodi
1351 5516 1380 5578 iu
1412 5516 1499 5581 (licta
1529 5519 1691 5600 provincia
1723 5520 1897 5603 inquisitor
1919 5517 2040 5586 heretis?

544 5614 711 5696 pravitatis
734 5619 767 5678 et
790 5613 942 5678 ‹lillinitor
969 5615 1100 5698 capituli
1124 5619 1193 5697 κε’)
1225 5618 1362 5682 vicarius
1392 5620 1508 5700 prioris
1538 5622 1742 5702 provincialis
1772 5629 1807 5688 et
1837 5625 1872 5689 in
1899 5619 2037 5690 nonnulli·
2091 5611 2093 5626 '

544 5715 621 5781 locis
644 5716 764 5783 ordinis
787 5722 820 5782 et
843 5718 1002 5798 provincie
1025 5720 1240 5802 predictorum
1264 5722 1364 5787 lector
1387 5727 1420 5787 ct
1441 5725 1529 5807 prior
1544 5744 1580 5791 ac
1596 5727 1779 5809 predicator
1801 5729 1962 5811 generalis
1978 5743 2036 5804 suc·
