5184 7050
1871 864 1934 939 699

391 1078 394 1087 '
418 1068 543 1140 notario
567 1061 739 1142 domestico
763 1080 796 1141 et
819 1071 1001 1154 secretario,
1026 1073 1252 1158 prcrnissomm
1275 1073 1392 1142 intuitu
1407 1074 1432 1151 ²)
1456 1074 1595 1159 graciam
1619 1077 1724 1145 lacere
1750 1079 1934 1160 specialem,

419 1181 639 1245 canonicatum
663 1186 696 1245 et
717 1181 912 1264 prebendam
936 1182 1105 1262 predictos,
1129 1183 1175 1246 sic
1197 1189 1360 1262 vacantes,
1386 1203 1456 1248 cum
1479 1203 1509 1265 p.
1534 1185 1553 1248 i.
1578 1203 1604 1248 c.
1627 1206 1664 1250 ac
1681 1206 1708 1251 o.
1726 1187 1746 1250 i.
1764 1191 1796 1250 et
1813 1204 1844 1267 p.
1861 1203 1886 1250 s.
1906 1205 1933 1250 a.

419 1285 480 1349 tibi
497 1303 525 1348 a.
543 1285 734 1350 conferimus
750 1286 838 1350 etde
854 1285 918 1351 illis
934 1288 1033 1351 eclam
1050 1287 1252 1368 providemus
1277 1308 1356 1365 ...;
1381 1307 1442 1352 ιιοιι
1467 1290 1666 1354 obstantibus
1770 1309 1826 1355 seu
1851 1290 1936 1371 quod

419 1389 452 1452 in
477 1389 784 1472 Montissanctipetri
807 1392 838 1455 in
862 1393 1000 1469 Brunna,
1026 1391 1246 1457 Olomucensis
1266 1393 1411 1470 diocesis,
1438 1393 1529 1458 acin
1553 1399 1662 1460 sancte
1684 1395 1796 1459 Crucis
1813 1395 1932 1458 Wrati-

420 1493 592 1558 slauiensis
615 1496 760 1560 ecclesiis
784 1498 986 1560 canonicatus
1009 1501 1042 1560 et
1065 1497 1242 1578 prebendas
1266 1516 1387 1561 necnon
1419 1497 1618 1562 scolastriam
1653 1499 1788 1563 ecclesie
1821 1502 1931 1563 sancte

422 1598 525 1662 Mario
548 1601 579 1663 in
603 1600 768 1680 Glogouia,
793 1600 1068 1667 Wratislauiensis
1092 1602 1236 1678 diocesin,
1254 1620 1351 1683 snper
1367 1621 1430 1683 qna
1450 1607 1556 1666 tamen
1573 1603 1604 1666 in
1621 1604 1743 1684 palacio
1759 1604 1934 1684 apostolico

421 1708 454 1766 te
478 1702 603 1785 litigare
626 1705 754 1782 asseris,
778 1705 913 1782 obtines,
938 1705 1084 1787 quodque
1106 1706 1165 1770 tibi
1189 1707 1229 1770 de
1254 1706 1439 1770 canonicatu
1464 1711 1496 1769 et
1523 1707 1685 1788 prebenda
1709 1708 1879 1789 Pragensis
1904 1715 1937 1771 et

421 1807 463 1870 de
486 1798 687 1888 prepositura
710 1809 962 1889 Ratisponcnsis,
986 1814 1062 1873 tunc
1085 1799 1280 1886 vacantibus
1306 1828 1344 1873 ac
1368 1810 1406 1873 de
1429 1810 1531 1891 ipsius
1555 1810 1797 1892 Ratisponensis
1832 1811 1933 1875 eccle-

422 1912 543 1974 siarum
573 1913 759 1976 canonicatu
790 1915 849 1976 sub
880 1914 1107 2002 expectacione
1135 1914 1295 1995 prebende
1319 1932 1376 1995 per
1399 1914 1541 1979 diversas
1565 1921 1689 1980 nostras
1714 1915 1839 1981 litteras
1863 1933 1935 1996 pro-

420 2015 558 2080 vidimus
593 2022 628 2081 ut
661 2018 789 2094 asseris,
823 2021 923 2099 tuque
958 2018 1153 2098 prebendam
1187 2018 1288 2098 ipsius
1324 2017 1566 2098 Ratisponensis
1590 2020 1725 2084 ecclesie
1749 2020 1934 2101 acceptasti,

421 2139 556 2201 quorum
579 2121 715 2185 nondum
740 2141 775 2185 es
798 2124 1030 2204 possessionem
1054 2122 1199 2204 adeptus.
1247 2121 1400 2186 Volumus
1423 2128 1539 2200 autem,
1572 2124 1665 2204 quod,
1702 2123 1932 2205 quamprimum

420 2225 531 2305 nigore
553 2227 755 2305 presencium
778 2227 933 2290 dictorum
958 2229 1160 2291 canonicatus
1191 2231 1224 2290 et
1253 2226 1415 2307 prebende
1439 2226 1760 2305 Wratislauiensium,
1786 2245 1843 2309 per
1877 2246 1935 2291 nos
1969 2220 1972 2226 ’

420 2333 459 2392 ut
480 2329 641 2410 pacientur
674 2330 733 2394 tibi
767 2330 961 2409 collatorum,
994 2331 1227 2411 possessionem
1257 2331 1357 2394 fueris
1389 2329 1553 2412 pacificam
1577 2336 1753 2409 assecutus
1779 2331 1934 2413 prefatam

420 2434 665 2515 preposituram,
682 2435 722 2498 de
738 2454 801 2516 qua
816 2436 874 2499 tibi
898 2455 955 2516 per
977 2454 1034 2499 nos
1058 2440 1092 2498 ut
1114 2435 1310 2517 premittitur
1333 2441 1383 2498 est
1406 2436 1575 2516 provisum,
1600 2436 1769 2514 dimittere,
1794 2435 1935 2516 alioquin

420 2538 507 2601 omni
532 2539 593 2602 iuri
616 2540 675 2604 tibi
699 2541 890 2623 competenti
913 2541 945 2604 in
969 2541 1081 2605 eadem
1104 2540 1227 2617 cedere,
1252 2544 1346 2621 prout
1370 2539 1410 2602 ad
1434 2540 1492 2603 hoc
1514 2547 1548 2603 te
1572 2540 1751 2604 voluntario
1779 2538 1934 2616 obtulisti,

419 2644 574 2706 tenearis.
600 2693 683 2707 ....
708 2646 747 2708 Ι).
771 2645 928 2709 Aninione
953 2645 981 2709 V
1005 2645 1046 2708 id.
1071 2644 1184 2708 Marcii
1208 2663 1235 2707 a.
1261 2663 1353 2708 nono.

500 2760 512 2792 ’-
533 2748 570 2812 ln
594 2767 621 2813 e.
645 2768 685 2812 m.
710 2749 760 2813 dd.
785 2748 816 2813 ff.
834 2799 865 2811 ..
890 2749 999 2814 abbati
1020 2750 1205 2813 monasterii
1230 2748 1437 2826 Cedlicensis,
1472 2749 1641 2830 Pragensis
1675 2747 1820 2826 diocesis,
1854 2753 1887 2812 et
1903 2797 1934 2811 ..

418 2852 586 2931 preposito
621 2852 767 2918 Omnium
803 2855 989 2919 Sanctorum
1024 2854 1055 2917 in
1090 2859 1195 2917 castro
1229 2853 1380 2934 Pragensi
1416 2871 1453 2916 ac
1476 2903 1507 2916 ..
1541 2853 1674 2917 sacriste
1708 2852 1935 2916 Aninionensis

421 2956 637 3021 ecclesiarum
661 2976 686 3021 s.
710 2963 869 3021 etc.....
894 2960 932 3022 D.
957 2963 993 3022 ut
1015 2976 1040 3021 s.

528 3094 678 3149 Clementis
696 3095 734 3148 VI
752 3098 784 3148 A.
804 3096 873 3164 lille
893 3100 964 3168 (114)
989 3095 1006 3147 f.
1033 3101 1080 3147 tal
1110 3112 1137 3147 n.
1164 3100 1223 3161 209,
1250 3094 1284 3148 de
1308 3094 1475 3164 praebendis
1503 3095 1663 3148 vacantibus
1691 3111 1736 3163 qu.
1756 3093 1862 3148 6:V.
1880 3099 1932 3149 aot

422 3180 443 3234 f.
462 3187 515 3234 ‘225
534 3199 560 3234 n.
579 3186 630 3235 ‘208
649 3182 726 3249 (sict)
744 3215 777 3222 —
795 3183 861 3252 Reg.
881 3183 909 3235 in
928 3183 1026 3236 ZVGA
1046 3182 1202 3237 Schlcsiens
1221 3183 1306 3249 XXV,
1326 3187 1375 3235 ‘291
1395 3183 1445 3236 sub
1465 3181 1529 3236 data
1547 3181 1769 3250 supplicationis:
1796 3187 1860 3235 rato
1879 3181 1933 3235 No-

420 3267 544 3322 vembris
562 3275 596 3322 ‘23
615 3268 688 3338 (uide
709 3269 783 3338 apud
802 3286 852 3324 nos
871 3286 944 3323 num.
968 3275 1051 3335 1315).
1073 3299 1103 3308 -
1125 3271 1144 3334 ¹)
1164 3274 1231 3322 1350
1249 3267 1396 3323 Februarii
1418 3277 1441 3322 t.
1479 3271 1499 3335 ἰ
1519 3269 1554 3323 ud
1573 3268 1803 3338 supplicationem
1822 3268 1930 3322 Nicolai

417 3355 596 3422 patriarchae
615 3357 817 3425 Aquilegensis,
836 3373 916 3424 quam
936 3355 997 3410 vide
1017 3356 1067 3411 sub
1086 3372 1159 3410 num.
1182 3361 1254 3411 1315.

400 3655 544 3720 1328.
569 3654 746 3735 Repimina,
772 3655 938 3719 consilinm
961 3660 991 3719 ot
1013 3677 1172 3720 conmznne
1194 3656 1335 3720 eludatis
1351 3654 1558 3719 Florentinee
1580 3656 1743 3735 repnentur,
1759 3657 1795 3716 nt
1810 3653 1937 3717 nuntios

417 3778 505 3837 sowa,
524 3757 656 3841 plenam
672 3763 863 3841 potestatem
885 3759 1044 3835 helenes,
1069 3761 1112 3825 ad
1135 3760 1333 3825 concordiam
1356 3779 1425 3822 cnm
1445 3758 1565 3821 nnntt'is
1584 3756 1699 3837 Caroli,
1715 3757 1799 3838 repis
1817 3758 1935 3821 mma-

418 3882 544 3937 nornm‚
568 3864 622 3945 qni
645 3864 678 3927 in
693 3867 781 3942 sesto
797 3865 1047 3929 Resurrectiont's
1063 3866 1251 3930 Dornlnr‘coe
1267 3867 1385 3943 sntnro
1403 3863 1549 3946 proximo
1561 3862 1584 3943 ¹)
1601 3861 1644 3926 ecl
1660 3882 1786 3946 papam
1809 3861 1935 3926 conari

415 3970 506 4042 sunt,
536 3968 743 4033 tractandam
773 3969 817 4032 od
847 3970 969 4034 cnrt'om
992 3971 1130 4034 nnittont.
1173 3971 1226 4048 ,ln
1252 3968 1339 4052 apud
1370 3967 1610 4042 Villamnonom,
1634 3966 1674 4031 A.
1698 3967 1740 4046 d,
1765 3968 1853 4032 XIII
1869 3966 1933 4032 leel.

418 4070 549 4153 Aprilis
573 4093 602 4136 a.
626 4078 725 4136 non0.‘
749 4110 792 4119 -
816 4074 856 4137 In
877 4096 901 4139 e.
925 4096 966 4139 m.
990 4074 1204 4156 repimlnidns,
1229 4074 1357 4138 consilio
1380 4078 1409 4136 et
1436 4074 1590 4137 commun-i
1613 4072 1753 4136 caedatis
1776 4072 1935 4148 Senensis,

477 4202 479 4204 ·
735 4178 809 4242 itant
831 4178 1046 4260 repiminibus,
1070 4179 1198 4245 oonsilio
1221 4183 1252 4243 et
1274 4180 1431 4243 communi
1454 4178 1629 4243 Pernnsinis.

1191 4300 1289 4385 Apud
1319 4300 1564 4380 thamnooam,
1590 4301 1672 4365 1351
1697 4298 1814 4365 Martii
1834 4303 1887 4365 20.

529 4436 677 4493 Clementis
697 4438 734 4492 VI
752 4437 784 4490 V.
805 4444 854 4491 144
874 4441 953 4500 (secr.
973 4454 997 4492 a.
1015 4439 1065 4504 lx)
1085 4438 1103 4492 l.
1123 4444 1181 4493 aot.
1201 4470 1234 4479 —
1253 4438 1318 4506 Reg.
1347 4438 1512 4507 Wcrunslry,
1538 4438 1677 4507 Excerpta
1702 4454 1728 4490 ιι.
1753 4441 1813 4503 267,
1839 4435 1935 4490 Huber

418 4528 472 4576 781
494 4540 521 4578 n.
540 4529 600 4578 236.
619 4554 652 4565 -
673 4528 692 4590 ¹)
711 4532 777 4579 1351
798 4525 904 4594 Aprilis
925 4531 964 4580 17.

1079 4633 1281 4642 ......-......

413 4805 544 4874 1329.
559 4807 734 4888 Repimino,
747 4806 913 4871 consilinm
928 4810 958 4870 et
973 4826 1134 4870 commune
1149 4805 1289 4870 nodatis
1299 4804 1445 4870 Senensis
1462 4808 1625 4886 ropanlnn
1641 4808 1685 4884 nt,
1702 4824 1773 4869 cnm
1790 4802 1933 4879 Carolus,

417 4913 639 4975 Rornanorum
663 4930 728 4987 rea,
754 4911 797 4974 ad
815 4911 926 4976 Urbem
944 4933 1006 4994 pro
1028 4910 1205 4994 recipiendo
1228 4910 1408 4975 diademate
1432 4910 1569 4975 Romani
1584 4909 1710 4992 imperii
1727 4912 1933 4992 profecturas

411 5017 464 5080 sit
488 5020 518 5078 et
541 5014 623 5080 Itone
638 5016 681 5080 'ob
704 5037 769 5080 rem
792 5038 862 5080 cnm
885 5017 1066 5081 ciuitatibus
1088 5021 1118 5079 et
1140 5016 1235 5080 terris
1262 5014 1383 5097 Gnelfis
1404 5016 1495 5079 innato
1527 5013 1696 5079 arbitrium
1724 5035 1834 5097 pupae
1864 5034 1934 5079 con-

411 5120 556 5188 cordare
569 5120 652 5200 stelit,
670 5125 769 5204 pront
784 5121 1031 5186 ambassiatores
1047 5121 1114 5185 eins
1131 5141 1243 5204 popae
1258 5120 1469 5202 exposuerint,
1485 5120 1612 5183 nant-ios
1629 5117 1723 5202 plene
1743 5119 1934 5198 informatos

410 5231 448 5293 et
473 5226 646 5289 instructos
676 5224 720 5289 ad
749 5226 871 5288 curiam
901 5226 1026 5289 mettere
1054 5229 1171 5304 curent,
1202 5224 1257 5305 qni
1286 5244 1357 5287 cnm
1387 5224 1504 5287 eisdem
1537 5222 1829 5299 ambassiatoribns,
1864 5244 1933 5290 enm

408 5328 585 5407 redinunt,
608 5329 646 5393 de
667 5329 724 5395 noe
746 5330 866 5410 nepotio
888 5333 1030 5395 tractore
1048 5330 1184 5412 possint.
1208 5330 1260 5407 ,D.
1286 5328 1373 5412 opnd
1402 5327 1650 5403 l'illomnonom,
1676 5326 1714 5393 A.
1739 5328 1780 5408 d,
1801 5328 1848 5394 VI
1865 5328 1931 5393 nal.

408 5432 550 5520 Aprilis
572 5454 602 5498 u.
626 5440 725 5500 nono‘
747 5471 791 5481 -
814 5436 854 5498 In
868 5457 893 5498 e.
909 5455 949 5498 tn.
966 5433 1181 5515 repirnint‘lms,
1204 5432 1333 5498 consilio
1356 5436 1385 5496 et
1407 5432 1564 5496 communi
1586 5432 1725 5496 clottatr's
1748 5432 1932 5498 Perusinae.

1193 5572 1290 5655 Apud
1321 5571 1671 5651 Villomnooonn,1351
1700 5572 1816 5637 Marcu
1837 5575 1889 5638 27.

529 5711 679 5766 Clementis
697 5710 735 5766 VI
754 5712 784 5764 V.
806 5718 855 5765 144
875 5715 953 5780 (seor.
973 5727 997 5764 a.
1016 5710 1065 5777 IX)
1085 5710 1104 5765 f.
1123 5714 1181 5765 ⁶268.
1201 5743 1233 5750 -
1253 5710 1303 5764 Ed.
1325 5710 1457 5780 Raynald,
1477 5711 1599 5765 Annales
1619 5710 1797 5766 ecclesiastici
1816 5709 1880 5763 XVI
1898 5708 1933 5764 ad

404 5823 434 5865 a
465 5811 531 5858 1331
556 5805 630 5867 ξεν),
650 5816 705 5868 reg.
726 5800 820 5854 [luber
840 5806 889 5852 :306
908 5815 933 5852 u.
954 5806 994 5850 31.

1078 5873 1282 5880 -...-—...——
