5184 7050
1863 857 1925 924 185

411 1053 503 1121 sos.
527 1053 661 1118 Nicolao
683 1054 722 1119 da
744 1056 965 1137 Lucemburpo,
989 1059 1157 1124 secretario
1179 1065 1208 1123 et
1235 1061 1416 1126 coissiliario
1439 1061 1609 1139 Joliaaais,
1632 1063 1715 1145 repis
1740 1065 1922 1145 Botemiuc,

406 1159 592 1240 prmidctur
614 1159 658 1223 acl
680 1158 941 1243 supplicationem
964 1163 1101 1226 ciusdem
1123 1165 1206 1243 repis
1229 1166 1267 1228 eie
1289 1167 1477 1231 canonicatu
1492 1173 1522 1230 at
1538 1167 1724 1250 praebenda
1742 1169 1777 1233 ia
1792 1169 1923 1235 ccclesia

411 1261 576 1325 molliciei
599 1263 795 1344 vocacione,
819 1284 879 1329 amia
902 1265 1044 1329 obstante
1065 1271 1100 1328 ut
1124 1269 1157 1331 iu
1179 1290 1209 1332 a.
1232 1273 1307 1334 307.
1334 1272 1388 1346 ,D.
1412 1271 1568 1336 Auiaioae
1599 1269 1646 1337 Vl
1662 1272 1726 1336 isal.
1751 1274 1919 1339 Februarii

532 1387 540 1460 Ι
877 1391 907 1432 a.
930 1369 1074 1434 secuiido.
1120 1371 1235 1436 lorum
1258 1377 1294 1436 ut
1315 1374 1351 1438 ia
1372 1396 1402 1440 a.
1425 1378 1456 1440 4.

454 1581 505 1666 j
517 1581 569 1668 ἶ
1351 1574 1513 1650 Aoiuioac,
1536 1577 1623 1639 1344
1645 1577 1802 1642 Jouuoiii
1822 1582 1876 1645 27.

516 1803 665 1859 Clementis
682 1805 721 1859 vl
738 1807 763 1858 A
782 1805 834 1874 Ilsl
857 1811 912 1876 (71)
932 1808 950 1863 l.
969 1811 1039 1875 223’,
1057 1809 1091 1863 de
1111 1809 1251 1864 beneficiis
1270 1812 1430 1868 vacantibus
1451 1833 1496 1885 qu.
1516 1817 1616 1872 6:V.
1637 1823 1686 1874 167
1705 1819 1724 1874 t.
1743 1824 1793 1874 200
1813 1837 1839 1874 u.
1859 1827 1921 1876 472.

1071 2074 1205 2082 ........
1208 2074 1270 2082 ,-

416 2430 506 2497 309.
530 2428 698 2505 Ariusia,
722 2432 885 2514 episcopus
903 2433 1085 2513 Propensis,
1108 2433 1280 2517 supplicat,
1303 2438 1458 2515 quatenus
1480 2435 1543 2500 sibi
1565 2436 1754 2502 coucedatur
1768 2438 1921 2516 facultas

419 2533 608 2610 absolvendi,
643 2535 852 2618 dispensandi
874 2541 904 2599 et
927 2536 1130 2620 componendi
1160 2560 1231 2626 cum
1260 2540 1315 2619 cis,
1349 2540 1404 2620 qui
1426 2540 1461 2603 ia
1481 2540 1549 2603 suis
1581 2540 1708 2604 ciuitate
1737 2540 1784 2604 oel
1806 2541 1922 2608 diocesi

711 2640 859 2722 beneficia
882 2641 1095 2707 molesiastica
1117 2643 1234 2707 iniuste
1255 2643 1303 2708 ael
1324 2642 1436 2709 illicite
1457 2644 1623 2710 retineant.

1350 2860 1512 2942 Acioione,
1535 2863 1624 2928 1344
1644 2862 1802 2928 Jaauarii
1822 2865 1876 2929 30.

522 3075 686 3158 Significat
709 3076 739 3143 S.
765 3077 803 3142 V.
827 3076 940 3142 devota
964 3083 1110 3143 ereatura
1132 3083 1239 3143 vestra
1254 3080 1420 3158 Aiuestus,
1444 3079 1613 3160 episeopus
1636 3081 1814 3162 Pragensis,
1839 3081 1923 3163 quod

410 3178 442 3243 in
468 3181 600 3245 civitate
623 3187 657 3246 et
679 3182 796 3246 diocesi
821 3183 971 3264 Pragensi
995 3183 1213 3247 nonnullorum
1240 3184 1426 3248 clericorum
1449 3190 1483 3247 et
1505 3183 1792 3248 ecclesiasticarum
1816 3204 1924 3267 perso·

409 3304 527 3348 narum
549 3285 681 3350 inolevit
702 3287 856 3351 hactenus
880 3287 1075 3351 consiietudo
1098 3306 1155 3352 seu
1174 3289 1281 3352 verius
1305 3288 1494 3370 corruptela,
1519 3288 1602 3369 quod
1625 3289 1686 3369 ipsi
1710 3288 1924 3370 parrochiales

408 3388 570 3454 ecclesias
592 3410 630 3454 ac
653 3391 824 3472 dignitates
847 3398 881 3455 et
903 3396 1091 3472 personatus
1115 3393 1215 3456 eciam
1237 3396 1311 3456 ante
1335 3397 1453 3456 etatem
1478 3392 1650 3475 legitimam
1673 3392 1843 3474 aliquando
1866 3412 1924 3475 per

408 3497 595 3578 petendam
615 3496 771 3576 laicalem,
795 3495 963 3578 aliquando
980 3515 1038 3578 per
1054 3498 1240 3579 pravitatem
1263 3497 1473 3577 symoniacam
1497 3517 1589 3563 iniiam
1605 3503 1639 3562 et
1654 3497 1762 3580 plures
1784 3497 1924 3591 assecuti

409 3600 555 3679 fuerunt,
585 3606 758 3666 tenuerunt
780 3609 813 3666 et
835 3605 945 3666 tenent
968 3603 999 3665 in
1022 3620 1150 3666 suarum
1180 3601 1356 3683 periculum
1378 3603 1560 3682 animarum,
1595 3603 1717 3668 fructus
1740 3602 1922 3684 recipiendo

410 3725 453 3769 ex
478 3704 551 3769 illis.
590 3705 636 3770 Ut
657 3712 764 3770 autem
787 3705 884 3770 saluti
910 3708 1083 3770 annuarum
1113 3706 1223 3770 talium
1254 3707 1440 3771 clericorum
1463 3713 1496 3770 et
1517 3725 1724 3789 personarum
1754 3706 1925 3770 salubriter

411 3810 522 3874 valeat
545 3810 713 3893 provideri,
748 3810 909 3875 hunuliter
939 3811 1097 3893 supplicat
1119 3811 1202 3875 idem
1225 3812 1403 3893 episcopus,
1435 3815 1591 3893 quatenus
1614 3811 1716 3877 eidem
1740 3809 1925 3876 absolvendi

410 3914 506 3993 tales,
538 3915 592 3995 qui
616 3914 656 3978 de
679 3916 853 3980 commissis
875 3915 1054 3979 huiusmodi
1077 3916 1136 3979 sibi
1161 3915 1296 3980 confessi
1320 3935 1357 3979 ac
1380 3916 1559 3997 penitentes
1589 3916 1708 3982 sinerint
1730 3920 1764 3981 et
1787 3915 1923 3995 contriti,

413 4020 640 4097 assentaneus,
671 4037 751 4100 quas
781 4025 951 4102 propterea
977 4021 1187 4098 incurrerunt,
1217 4025 1251 4084 et
1284 4037 1381 4101 super
1409 4020 1643 4102 irregularitate
1675 4024 1835 4084 contracta
1865 4038 1924 4101 per

414 4141 472 4187 eas
494 4123 699 4205 dispensandi
730 4124 999 4205 componendique
1023 4126 1131 4207 osirim)
1155 4125 1202 4188 eis
1225 4125 1349 4188 nornine
1371 4130 1478 4189 vestre
1502 4143 1626 4189 camere
1649 4143 1746 4206 super
1767 4124 1923 4189 fructibus

416 4230 578 4310 perceptis
600 4248 639 4293 ex
663 4228 841 4292 huiusmodi
865 4228 1027 4293 benefieiis
1050 4248 1108 4311 per
1130 4229 1216 4310 ipsos
1238 4247 1275 4292 ac
1297 4228 1438 4293 indebite
1461 4228 1577 4294 habitis
1600 4236 1634 4294 ct
1655 4230 1799 4307 retentis,
1831 4233 1925 4309 prout

416 4331 447 4397 S.
478 4333 623 4414 predicte
653 4333 813 4398 videbitur
843 4334 1020 4411 convenire,
1051 4351 1172 4398 necnon
1203 4332 1407 4415 dispensandi
1438 4351 1509 4397 curn
1540 4335 1596 4413 eis,
1631 4333 1716 4415 qnod
1744 4332 1924 4397 huiusmodi

417 4435 581 4516 beneficia,
606 4437 772 4502 dummodo
796 4438 1029 4519 compassibilia
1048 4437 1175 4516 fuerint,
1199 4438 1339 4502 retinere
1355 4437 1481 4502 valeant
1504 4437 1599 4519 licite,
1623 4437 1793 4521 dignemini
1816 4442 1924 4501 aucto-

416 4541 512 4606 ritate
534 4542 710 4623 apostolica
732 4542 835 4606 eidem
858 4542 1032 4607 concedere
1055 4542 1247 4607 facultatem.

522 4698 593 4763 Fiat
608 4705 643 4763 ut
658 4699 787 4781 petitur,
811 4700 856 4763 sic
879 4705 994 4777 tannen,
1018 4699 1101 4780 qiiod
1125 4718 1195 4763 eum
1219 4700 1449 4780 coraposicione
1472 4719 1529 4782 pro
1552 4717 1677 4764 canrera
1696 4704 1788 4763 vocet
1811 4696 1925 4763 collec-

417 4810 519 4868 torem
542 4804 578 4868 R.
622 4804 665 4868 Et
687 4823 717 4886 q.
740 4810 763 4867 t.
788 4823 813 4868 s.
836 4824 864 4869 a.
889 4802 908 4867 l.
955 4803 1027 4867 Fiat
1049 4804 1085 4868 R.
1131 4804 1170 4869 D.
1194 4804 1351 4868 Auinione
1374 4805 1424 4870 Ill
1447 4803 1509 4870 kal.
1534 4803 1700 4869 Februarii
1723 4823 1751 4868 a.
1775 4803 1924 4867 secundo.

522 5047 671 5104 Clementis
690 5047 729 5102 Vl
746 5047 765 5102 S
783 5048 838 5120 fli²
858 5049 896 5116 (4)
916 5047 933 5100 l.
956 5052 1013 5101 162.
1032 5074 1066 5085 -
1092 5046 1116 5112 ·)
1134 5051 1285 5100 correctum
1305 5059 1339 5098 ex
1358 5043 1448 5112 ,quod‘
1467 5043 1494 5098 S.
