5184 7050
542 853 609 917 420

546 1059 636 1125 705.
658 1056 810 1136 Jobouni,
832 1058 901 1137 reqi
923 1055 1104 1130 Bobcmicc,
1127 1053 1318 1135 iudutqetur,
1341 1058 1377 1117 ot
1399 1052 1561 1118 duodecim
1592 1052 1752 1136 capellani
1784 1059 1815 1118 et
1849 1052 1965 1133 clerici
1987 1054 2049 1118 σιίιι

541 1162 696 1244 obsequiis
718 1161 909 1238 insistentes,
935 1163 1069 1239 furacius
1091 1159 1309 1242 beneficiorum
1330 1178 1459 1223 suorum
1480 1157 1577 1223 ctiam
1606 1159 1641 1222 iu
1662 1157 1809 1223 obsecutio
1833 1157 2000 1243 percipere
2020 1163 2048 1222 et

620 1266 664 1331 od
685 1265 885 1330 residendum
907 1265 943 1329 in
963 1265 1081 1329 οἱεάιιιιι
1102 1263 1231 1328 minium
1252 1262 1396 1328 coartari
1413 1263 1547 1345 possint.
1592 1263 1709 1328 summ
1732 1265 1768 1326 at
1788 1262 1825 1326 ιἰι
1846 1283 1878 1326 u.
1902 1262 1977 1327 132.

600 1526 689 1614 ῐῑ
1554 1521 1716 1603 cumae,
1739 1524 1828 1589 rseo
1849 1521 1937 1591 Just
1958 1525 2011 1589 aa.

606 1629 634 1683 X
659 1628 685 1682 X
1284 1669 1286 1672 .

590 1699 633 1753 ‚X
659 1698 701 1753 X.

651 1803 686 1870 Ο.
708 1804 741 1868 in
764 1803 821 1870 Oh.
844 1802 866 1868 f.
888 1802 1037 1882 iohanni,
1060 1803 1129 1887 regi
1158 1802 1289 1868 Boemie
1319 1801 1445 1883 illustri,
1470 1820 1493 1867 s.
1518 1808 1579 1867 etc.
1625 1801 1749 1868 Eximie
1779 1805 1836 1867 tue
1870 1801 2051 1867 devocionis

545 1909 721 1986 sinceritas,
851 1906 934 1973 Hinc
957 1911 1016 1984 est,
1040 1906 1124 1988 quod
1156 1924 1223 1985 nos,
1252 1906 1319 1972 tuis
1352 1905 1643 1989 supplicacionibus
1676 1905 1830 1985 inclinati,
1864 1907 2054 1972 auctoritate

544 2013 602 2078 tibi
633 2012 833 2096 presencium
862 2011 1072 2094 indulgemus,
1104 2016 1140 2076 ut
1171 2011 1336 2076 duodecim
1362 2011 1411 2076 tui
1434 2009 1591 2092 capellani
1614 2014 1647 2074 et
1669 2009 1777 2075 clerici
1800 2008 1979 2075 familiares
2001 2010 2053 2075 do

545 2116 667 2183 mestici
698 2123 732 2182 et
761 2115 901 2181 continui
932 2115 1168 2193 commensales,
1199 2119 1366 2196 presentes
1396 2120 1430 2178 et
1452 2113 1561 2192 futuri,
1585 2115 1649 2179 tuis
1672 2114 1836 2197 obsequiis
1858 2114 2053 2190 insistentes,

545 2240 625 2304 qnos
654 2222 694 2286 ad
724 2219 784 2286 hoc
814 2219 944 2283 duxeris
973 2217 1145 2300 eligendos,
1175 2217 1309 2297 fructus,
1339 2219 1485 2284 redditus
1511 2223 1546 2283 et
1568 2224 1741 2302 proventus
1763 2219 1905 2284 omnium
1929 2237 2053 2284 suorum

543 2323 768 2391 beneficiorum
790 2323 1088 2402 ecclesiasticorum,
1112 2323 1212 2389 eciam
1234 2324 1261 2387 si
1292 2327 1404 2388 curata
1435 2328 1490 2388 ant
1523 2323 1695 2407 dignitates
1732 2324 1828 2406 seu·)
1863 2328 2053 2406 personatus

544 2430 595 2495 vel
618 2427 722 2495 officia
744 2428 893 2506 existant,
917 2427 1084 2492 dummodo
1106 2426 1286 2492 huiusmodi
1310 2427 1482 2511 dignitates
1506 2428 1537 2491 in
1561 2426 1796 2493 cathedralibus
1820 2433 1897 2511 post
1931 2428 2051 2510 episco-

544 2533 635 2616 pales
657 2534 794 2599 maiores
816 2533 866 2598 vel
890 2533 922 2598 in
945 2531 1122 2614 collegiatis
1144 2529 1288 2595 ecclesiis
1311 2532 1502 2614 principales
1524 2550 1587 2597 non
1609 2533 1757 2611 existant,
1774 2551 1852 2601 ‚cum
1867 2550 1910 2598 ea
1924 2531 2051 2614 integri·

544 2643 611 2703 tate
634 2655 735 2720 usque
758 2636 799 2701 cd
822 2636 1070 2718 quinquennium
1093 2634 1193 2699 libere
1216 2635 1381 2717 percipere
1397 2634 1562 2718 valeantl)
1585 2636 1752 2702 cotidianis
1769 2635 2052 2702 distribucionibus

545 2740 709 2807 dumtaxat
732 2741 884 2822 exceptis,
908 2757 979 2805 cum
1003 2738 1091 2823 [qua]
1107 2738 1132 2820 ⁶)
1157 2737 1228 2802 illos
1251 2739 1464 2820 perciperent,
1488 2741 1515 2805 si
1539 2741 1571 2806 in
1593 2740 1748 2819 ecclesiis,
1764 2740 1797 2805 in
1817 2741 1935 2822 quibus
1957 2740 2050 2805 bene·

544 2844 616 2912 licia
638 2847 708 2928 ipsa
730 2845 916 2923 consistunt,
940 2841 1152 2926 personaliter
1174 2842 1364 2921 residerent,
1388 2849 1422 2908 et
1445 2843 1485 2908 ad
1508 2843 1711 2909 residendum
1734 2844 1862 2909 interim
1887 2844 1921 2908 in
1937 2844 2052 2910 eisdem

545 2949 692 3016 ecclesiis
713 2949 840 3014 minime
862 2952 1030 3014 teneantur
1051 2965 1154 3030 neque
1177 2947 1273 3012 adid
1295 2966 1315 3011 a
1338 2965 1496 3038 quoquam
1526 2947 1616 3013 inviti
1646 2947 1777 3013 valeant
1808 2949 1948 3014 coartari
1949 2998 2050 3028 .....

545 3054 586 3119 Ι).
609 3054 768 3119 Aninione
790 3053 819 3120 X
842 3052 907 3117 lral.
931 3053 1067 3135 Augusti
1091 3071 1118 3116 a.
1143 3051 1263 3133 quinto.

651 3159 687 3223 ln
719 3175 746 3222 e.
776 3175 817 3221 m.
848 3156 899 3220 dd.
927 3153 981 3220 ff..
1003 3206 1010 3219 .
1034 3156 1197 3237 preposito
1231 3154 1406 3233 Saczensis,
1441 3154 1611 3237 Pragensis
1645 3153 1790 3234 diocesis,
1825 3160 1860 3220 st
1877 3205 1910 3220 ..
1936 3155 2048 3221 decano

546 3261 766 3328 Olomucensis
789 3279 827 3325 ac
842 3309 875 3323 ..
899 3258 1119 3325 archidiacono
1142 3260 1349 3325 Treuerensis
1372 3258 1579 3324 ecclesiarum
1601 3277 1626 3325 s.
1651 3261 1713 3323 stc.
1730 3307 1737 3322 .
1755 3308 1762 3323 .
1780 3307 1814 3323 ..
1837 3256 1879 3325 D.
1904 3265 1940 3325 ιιι
1963 3279 1987 3325 s.

653 3499 803 3556 Clementis
821 3499 910 3553 VIA.
929 3498 981 3569 Vll
1003 3500 1058 3565 (86)
1077 3497 1094 3552 f.
1114 3501 1167 3566 88¹,
1185 3497 1219 3552 de
1237 3498 1377 3554 beneficiis
1405 3499 1564 3555 vacnutibus
1591 3515 1636 3569 qu.
1655 3506 1679 3568 3,
1706 3516 1767 3555 cum
1796 3507 1877 3556 nota:
1914 3501 1984 3570 ,Non
2009 3508 2042 3554 est

548 3587 649 3657 scripta
667 3589 695 3642 in
707 3602 883 3656 pergameno,
894 3586 960 3655 quia
973 3585 1038 3640 alibi
1051 3585 1134 3641 debet
1147 3591 1227 3641 esse‘
1239 3585 1270 3639 In
1284 3585 1315 3639 V.
1332 3592 1380 3640 17³
1403 3585 1542 3642 deest-
1568 3591 1591 3653 ι)
1620 3589 1643 3654 ιι)
1662 3587 1752 3656 suppl.
1771 3587 1799 3642 in
1820 3604 1905 3658 marg.
1933 3592 1956 3655 ··)
1974 3588 2038 3643 deest

547 3676 576 3729 in
594 3676 636 3741 A,
656 3673 745 3744 suppl.
765 3675 799 3729 ab
818 3673 931 3728 editore.

549 4216 640 4282 706.
665 4213 786 4287 Coreto,
809 4214 844 4276 iu
864 4214 1204 4314 reperq'Romuuorum
1235 4212 1340 4288 electo,
1369 4212 1528 4293 scribitur,
1563 4213 1740 4278 electionem
1773 4215 1842 4279 eius
1871 4217 2033 4296 pratum

547 4322 707 4401 acceptam
724 4338 835 4401 popae
856 4316 1008 4396 extitisse,
1030 4316 1186 4399 simulque
1208 4321 1359 4397 muctar,
1382 4322 1536 4399 quotenus
1564 4317 1758 4383 Ludocicum
1785 4319 1823 4383 de
1850 4320 1990 4385 Bucco-ie
2007 4318 2031 4378 ιἰι

995 4421 1147 4505 portibus
1170 4422 1382 4487 Lembordc'ue
1398 4422 1597 4506 praeveniat.

1557 4587 1719 4669 canone,
1742 4590 1830 4654 rece
1853 4589 1937 4658 Just
1956 4591 2000 4655 eo.

652 4805 687 4869 C.
712 4806 743 4869 in
767 4804 825 4869 Ch.
848 4804 869 4871 f.
894 4804 1018 4883 Cardo,
1042 4805 1074 4868 in
1098 4822 1204 4886 regern
1227 4803 1439 4868 Romanorum
1462 4783 1574 4868 electo.
1613 4804 1703 4869 lctis
1725 4810 1759 4869 et
1786 4804 1931 4871 iocundis
1951 4822 2031 4870 runo

545 4911 633 4975 ribus
655 4910 696 4974 ad
719 4908 925 4991 apostolicam
948 4909 1055 4972 sedern
1078 4909 1242 4990 perducto,
1266 4907 1459 4973 eleccionem
1482 4908 1522 4972 de
1545 4914 1588 4988 te,
1612 4907 1657 4972 fili
1680 4908 1854 4987 carissime,
1888 4912 1921 4976 in
1949 4926 2031 4992 regern

544 5015 766 5091 Romanorum,
789 5012 1034 5095 promovendum
1058 5013 1090 5076 in
1114 5012 1346 5093 imperatorem,
1370 5011 1469 5076 luisse
1492 5010 1667 5079 solenniter
1690 5019 1724 5078 et
1746 5015 1947 5080 concorditer
1968 5011 2030 5081 cele

545 5119 680 5196 bratam,
696 5118 851 5183 exultavit
867 5136 920 5182 cor
936 5122 1076 5181 nostrum
1094 5117 1124 5180 in
1141 5116 1267 5181 donnino
1291 5121 1324 5181 et
1347 5116 1490 5181 immensi
1513 5136 1585 5182 rore
1608 5118 1717 5200 gaudii
1740 5125 1774 5183 et
1795 5118 1906 5185 leticia
1928 5117 2033 5202 perlusa

547 5223 677 5289 fuerunt
707 5222 874 5303 precordia
904 5222 1018 5287 mentis
1049 5226 1167 5299 nostre,
1199 5224 1364 5302 sperantes
1398 5220 1429 5283 in
1453 5238 1501 5298 eo,
1526 5222 1615 5286 cuins
1638 5222 1843 5304 providencia
1866 5226 1899 5289 in
1922 5226 1970 5291 sui
1989 5222 2034 5285 dis·

545 5327 706 5410 posicionc
729 5343 791 5389 non
814 5323 945 5404 fallitur,
969 5325 1087 5407 quique
1111 5324 1243 5390 celestia
1266 5324 1359 5389 simul
1383 5330 1416 5390 et
1438 5332 1566 5390 terrena
1590 5344 1650 5392 sua
1684 5327 1921 5409 omnipotencia
1950 5325 2034 5394 mode

546 5437 646 5509 ratur,
671 5432 788 5511 quique
813 5430 844 5493 in
866 5436 900 5493 te
923 5430 969 5494 sic
1000 5429 1138 5495 feliciter
1171 5447 1226 5494 sue
1261 5428 1434 5493 clemencia
1467 5430 1596 5510 pietatis
1630 5430 1759 5513 incepit,
1793 5431 1945 5517 [quod]·)
1976 5432 2035 5513 ipsc

548 5536 601 5616 qui
625 5552 704 5615 opus
726 5534 980 5614 imperieccionis
1002 5534 1140 5612 aborret,
1164 5532 1327 5613 prosperis
1350 5531 1494 5613 perficiet
1509 5534 1710 5599 successibus
1726 5534 1942 5618 solidabitque
1958 5547 2036 5614 usquc

546 5638 586 5701 ad
610 5638 840 5719 perfeccioncm
863 5639 1000 5703 votivam
1024 5640 1078 5715 ita,
1102 5637 1185 5720 qnod
1209 5637 1346 5702 ecclesia
1369 5641 1481 5701 sancta
1504 5655 1563 5701 sua
1586 5642 1619 5702 te
1642 5638 1843 5704 defensorem
1866 5647 1900 5705 et
1921 5637 2036 5723 pugilem

545 5742 677 5807 habebit
699 5747 862 5807 strenuum
886 5749 918 5808 ct
941 5742 1066 5807 fidelem
1089 5743 1130 5807 ad
1153 5742 1405 5808 confundendum
1428 5746 1462 5806 et
1484 5742 1705 5825 extirpandum
1736 5744 1897 5825 scismata,
1912 5746 2038 5809 neae
