5184 7050
652 831 717 899 312

643 1028 743 1104 623.
763 1034 936 1112 Jobannes,
959 1052 1017 1098 rec
1039 1032 1219 1113 Bobemiae,
1242 1032 1413 1117 supplicat,
1437 1036 1592 1115 quatenus
1613 1053 1685 1096 cum
1703 1033 1837 1113 Oeorpio
1860 1032 1899 1097 de'
1920 1030 2046 1098 Cotem
2069 1051 2162 1115 super

1058 1137 1185 1219 defectu
1206 1136 1366 1207 raatalium
1388 1135 1526 1220 amplius
1550 1136 1758 1221 dispensetur.

1597 1291 1761 1369 Acinione,
1786 1293 1871 1357 1345
1896 1291 2046 1358 Octobris
2068 1294 2122 1358 12.

760 1486 925 1570 Supplieat
955 1484 986 1551 S.
1009 1483 1048 1550 V.
1072 1483 1199 1549 humilis
1230 1490 1263 1548 et
1293 1484 1427 1550 devotus
1449 1504 1478 1549 v.
1502 1485 1523 1550 i.
1547 1484 1718 1563 lohannes,
1749 1502 1806 1549 rex
1836 1483 1979 1564 Boemie,
2010 1488 2165 1566 quatenus

657 1611 728 1660 cum
752 1591 868 1657 dilecto
891 1608 948 1654 suo
971 1589 1109 1672 Georgia
1134 1591 1174 1655 de
1197 1588 1350 1667 Cathena,
1375 1587 1613 1654 Cameracensis
1636 1589 1772 1654 diocesis
1796 1588 1923 1669 clerico,
1940 1590 2093 1672 patiente
2116 1589 2165 1653 do

654 1698 772 1763 ie'ctnm
802 1695 962 1773 natalium,
994 1694 1034 1759 de
1064 1695 1167 1759 soluta
1196 1694 1303 1777 genito
1334 1699 1367 1757 et
1396 1692 1510 1772 solnta,
1541 1711 1638 1775 super
1667 1712 1728 1776 quc
1759 1692 1887 1775 quidem
1919 1692 2062 1773 defectu,
2086 1693 2166 1776 quod

655 1805 765 1884 posset
793 1798 981 1865 beneficium
1012 1798 1262 1864 aeclesiasticum
1294 1798 1393 1863 eciam
1425 1801 1569 1862 auratum
1596 1797 1750 1877 obtinere,
1773 1798 1966 1863 auctoritate
1988 1796 2166 1862 litterarum

656 1904 883 1987 penitenciarie
906 1903 944 1970 V.
968 1903 999 1970 S.
1023 1903 1108 1987 [cum
1131 1901 1220 1987 e0]·)
1252 1903 1359 1967 extitit
1389 1902 1616 1983 dispensatum,
1640 1902 1724 1984 qnod
1756 1921 1851 1967 unum
1881 1899 2077 1967 beneficium
2099 1920 2167 1967 cum

656 2028 733 2073 eura
755 2013 788 2072 et
810 2008 902 2090 plura
925 2008 993 2071 sine
1017 2026 1102 2085 eura,
1126 2008 1225 2072 eciam
1248 2007 1276 2072 si
1299 2008 1332 2072 in
1354 2005 1588 2072 cathedralibus
1612 2005 1756 2071 ccelesiis
1779 2006 1953 2085 extiterint,
1978 2006 2085 2091 possit
2106 2007 2165 2071 vir·

655 2117 726 2176 tute
748 2111 998 2194 dispensationis
1021 2112 1122 2194 petite
1144 2112 1231 2176 licite
1254 2111 1398 2176 obtinere
1421 2115 1454 2175 et
1476 2110 1530 2176 illa
1553 2129 1592 2175 ex
1615 2129 1711 2176 causa
1733 2110 1982 2194 permutationis
2006 2111 2167 2177 dindttere

656 2220 691 2281 et
712 2215 781 2280 loco
804 2214 1003 2279 dimissarum
1026 2213 1089 2279 alia
1115 2215 1267 2296 racipere,
1300 2214 1450 2296 quociens
1480 2214 1540 2278 sibi
1569 2214 1739 2294 videbitur,
1771 2215 1942 2299 dignemini
1974 2215 2166 2281 auctoritate

657 2318 832 2403 apostolica
854 2318 1048 2400 dispensare,
1072 2336 1143 2382 cum
1166 2318 1310 2383 omnibus
1332 2335 1393 2382 non
1416 2317 1616 2382 obstantibus
1639 2324 1699 2383 etc.
1724 2324 1760 2383 ut
1782 2320 1814 2384 in
1836 2319 1947 2386 forma.

760 2424 833 2489 Fiat
856 2423 896 2487 de
919 2440 980 2487 unc
1004 2427 1113 2486 curato
1136 2427 1170 2486 ct
1193 2422 1316 2487 duobus
1338 2423 1407 2486 sine
1430 2441 1515 2501 cura,
1538 2423 1638 2487 eciam
1664 2423 1691 2486 si
1723 2422 1858 2488 alterum
1889 2424 1932 2488 sit
1962 2423 2168 2488 canonicatus

659 2533 693 2592 et
722 2527 883 2610 prebenda
912 2528 944 2591 in
974 2527 1110 2591 ecclesia
1139 2525 1313 2592 cathedrali
1343 2526 1380 2591 a.
1426 2527 1478 2592 Et.
1502 2546 1531 2609 q.
1555 2533 1578 2591 t.
1602 2546 1627 2592 s.
1651 2527 1722 2593 al.
1768 2527 1842 2592 Fiat
1862 2526 1900 2592 R.
1946 2528 1987 2593 Ι).
2013 2528 2168 2593 Aninione

659 2632 726 2698 1111
750 2633 792 2697 id.
815 2631 964 2698 Octobris
987 2650 1015 2697 a.
1038 2636 1161 2711 quarto.

764 2820 912 2876 Clementis
931 2819 969 2874 Vl
986 2819 1012 2874 R
1032 2819 1095 2888 1th
1116 2823 1154 2887 (8)
1173 2818 1191 2872 i.
1211 2820 1262 2874 δι’.
1281 2850 1312 2859 -
1342 2822 1365 2888 ¹)
1384 2819 1462 2874 deest
1480 2819 1508 2873 in
1527 2819 1562 2888 S,
1582 2819 1738 2889 suppletum
1757 2822 1792 2875 ab
1810 2821 1926 2876 editore.

662 3360 755 3427 624.
794 3357 871 3425 orm
902 3357 1035 3439 Oeorpio
1073 3358 1110 3422 de
1148 3357 1278 3432 Oateua,
1310 3357 1421 3423 demea
1453 3358 1691 3422 Cameracensis
1720 3358 1862 3439 diocesia
1893 3358 2103 3444 dispensatur
2127 3364 2167 3429 od

661 3463 924 3548 supplicationem
945 3463 1115 3543 lobannis,
1144 3463 1228 3545 repis
1261 3462 1441 3539 Bobeniae,
1476 3466 1629 3546 qnatenus
1662 3483 1760 3528 unum
1794 3466 1941 3530 curatum
1965 3471 1997 3531 et
2018 3467 2081 3532 dua
2102 3468 2166 3533 sine

665 3590 742 3635 cura
776 3569 922 3651 beneficia
952 3568 1175 3646 ecclesiastica,
1198 3568 1295 3632 etiam
1324 3568 1355 3631 si
1388 3587 1493 3631 eorum
1525 3567 1661 3632 alterum
1694 3568 1900 3634 canonicatus
1928 3575 1961 3635 et
1988 3573 2167 3657 praebenda

656 3675 764 3754 suerit
792 3676 828 3738 in
857 3672 990 3737 ecclesio
1020 3671 1208 3751 cathedrali,
1237 3671 1333 3736 libere
1361 3672 1498 3755 recipere
1523 3692 1563 3737 ac
1584 3671 1668 3737 licite
1689 3673 1823 3738 retinere
1845 3676 1875 3738 et
1897 3695 1968 3740 cnm
1991 3676 2071 3742 aliis
2092 3698 2166 3743 com·

872 3782 998 3841 muctare
1014 3778 1128 3860 possit.
1167 3777 1219 3855 ‚D.
1244 3774 1402 3841 Aninione
1426 3778 1505 3841 IIII
1522 3776 1564 3840 id.
1591 3775 1734 3840 Octobris
1756 3800 1786 3843 a.
1810 3783 1946 3861 quarto!

709 3918 767 4075 l,
1610 3949 1772 4028 cauam,
1796 3954 1883 4019 rem
1909 3955 2056 4021 onom
2078 3961 2128 4024 12.

769 4140 919 4194 Clementis
937 4140 975 4192 vi
993 4142 1026 4192 Α.
1044 4139 1115 4208 IVJu
1134 4140 1177 4209 (V.
1196 4142 1258 4205 218)
1277 4139 1295 4193 f.
1318 4139 1376 4192 185'
1401 4155 1427 4191 n.
1446 4144 1505 4205 311,
1528 4137 1697 4192 diversarum
1724 4140 1873 4196 termarum
1898 4158 1943 4212 qu.
1963 4145 2068 4200 bzv.
2088 4144 2165 4200 1681.

667 4234 719 4282 328
737 4242 763 4280 n.
782 4233 841 4282 311.

667 4717 761 4783 525.
793 4714 938 4782 Jobanni
967 4714 1112 4795 ilipandi
1139 4715 1326 4800 providetur
1359 4716 1397 4780 de
1429 4718 1621 4783 canonicatu
1653 4714 1803 4798 ecclesiae
1834 4717 1940 4783 sancti
1971 4719 2112 4784 Martini
2135 4717 2163 4780 in

668 4821 811 4898 Posonio,
834 4819 1059 4900 Striponiensis
1083 4819 1225 4895 diocesis,
1244 4819 1303 4885 sub
1326 4823 1539 4904 expectatione
1556 4820 1764 4904 praebendae.
1789 4822 1842 4900 ‚D.
1858 4818 2018 4887 Aninione
2034 4825 2112 4889 IIII
2126 4819 2164 4886 id.

671 4923 814 4989 Octobris
837 4946 868 4989 a.
892 4927 1025 5007 peracto.⁸
1047 4961 1091 4971 —
1114 4927 1155 4990 In
1175 4945 1201 4988 e.
1223 4946 1265 4990 ru.
1288 4924 1429 4989 Sanctae
1453 4924 1562 4991 Cerceis
1585 4929 1615 4988 et
1637 4924 1937 5006 Zabrdcoiceusis,·)
1970 4926 2162 4992 Pataoiensis

668 5034 698 5093 et
724 5027 936 5094 Olomueensis
952 5028 1131 5105 diocesinm,
1153 5031 1416 5093 monasteriorum
1438 5030 1604 5094 abbatibus
1626 5051 1665 5093 ac
1686 5031 1844 5094 sacristae
1873 5029 2025 5096 ecclesiae
2047 5029 2161 5096 Animo

1174 5134 1290 5200 nercsis.
1337 5136 1453 5199 lbrrua
1475 5138 1511 5198 ut
1532 5136 1568 5199 in
1589 5157 1618 5199 n.
1642 5137 1673 5199 6.

713 5291 821 5357 Gratis
844 5311 901 5373 pra
925 5291 994 5356 (tec.
1615 5290 1777 5371 Aoinione,
1801 5293 1887 5357 1345
1912 5290 2059 5357 Oct0bris
2080 5293 2126 5357 12.

777 5480 925 5535 Clementis
943 5481 982 5534 VI
1001 5483 1032 5533 Α.
1051 5480 1117 5549 lvfa
1132 5480 1186 5546 (84)
1201 5478 1219 5531 i.
1232 5481 1284 5546 98',
1299 5478 1332 5532 de
1352 5479 1513 5533 canonicatu
1533 5479 1584 5533 sub
1603 5476 1795 5547 expectatione
1822 5480 1999 5548 praebendas
2018 5498 2063 5552 qu.
2075 5474 2158 5535 zzi.

675 5574 722 5622 171
743 5568 762 5621 i.
780 5570 823 5620 m'
843 5585 868 5621 n.
889 5574 929 5622 79.
948 5599 982 5608 —
1008 5569 1032 5633 ¹)
1050 5567 1322 5635 ,Zabordawiccnsis‘
1341 5571 1374 5623 A.

1322 5819 1434 5827 ...—
