5184 7050
1857 885 1921 950 223

406 1090 503 1155 368.
528 1086 672 1159 Carolus,
695 1087 839 1152 marchio
862 1089 1039 1167 Moraciae,
1061 1087 1234 1170 supplicat,
1269 1092 1441 1169 quatenos:
1474 1088 1618 1153 ceruanici
1649 1089 1789 1173 capellae
1818 1091 1923 1170 rspice

413 1192 564 1257 Οηιηὸαηι
600 1193 789 1256 Sanctonim
818 1196 952 1271 serietas
986 1192 1121 1256 eitimam
1153 1192 1380 1275 lauticiarum.
1403 1194 1499 1257 etiam
1522 1194 1552 1256 si
1574 1214 1636 1256 aea
1657 1194 1818 1258 resideant
1839 1195 1926 1278 apud

414 1297 533 1369 eadem,
552 1297 718 1379 percipere
735 1295 873 1374 calceat,
889 1297 964 1360 onie
976 1296 1193 1379 parrochialis
1214 1295 1364 1360 ecclesiae
1378 1296 1414 1360 ia
1427 1299 1576 1364 deremet
1591 1318 1661 1361 cum
1676 1297 1785 1361 eadem
1800 1290 1923 1379 capella

413 1405 505 1465 tacta
530 1403 742 1483 confirmetur,
779 1402 881 1479 Petro,
916 1401 1025 1464 abbati
1057 1401 1243 1466 monasteri-i
1272 1401 1392 1466 Montis
1422 1401 1507 1471 Sica,
1543 1401 1668 1483 caespes
1694 1400 1923 1466 successoribus

411 1527 488 1570 ratas
507 1506 743 1589 pontijicaliam
765 1506 974 1585 iasipniorum
1003 1505 1202 1583 concedatur,
1237 1503 1380 1569 coraibus
1410 1504 1569 1587 capellam
1598 1505 1819 1588 supradictam
1847 1505 1920 1568 eisi-

408 1609 553 1674 tautibus
575 1609 790 1690 iadtdpeatiae
811 1610 995 1689 laepiaatar
1009 1612 1039 1672 et
1054 1608 1162 1672 abbati
1187 1610 1303 1672 Portae
1327 1607 1548 1690 Apostolorum
1571 1630 1609 1672 ae
1624 1608 1796 1673 abbatissis
1815 1611 1922 1673 Deca-

409 1714 517 1779 aeasis
546 1717 578 1778 ct
608 1714 641 1777 ia
673 1713 792 1794 l‘giuecs
821 1713 1083 1776 ammederierum
1113 1717 1144 1776 ct
1175 1713 1314 1796 capittde
1343 1712 1491 1778 ecclesiae
1524 1714 1557 1777 iu
1591 1712 1717 1777 Sadslca
1753 1734 1824 1778 cum
1855 1713 1922 1775 suis

623 1818 825 1883 irwaastcriis
848 1817 882 1882 in
904 1817 1064 1882 civitatem
1089 1819 1280 1898 l‘rapcasem
1303 1816 1479 1896 trecasserri
1495 1817 1713 1901 peanittatar.

1446 2036 1609 2115 avinione,
1633 2039 1719 2102 1344
1743 1987 1827 2102 erait
1848 2021 1878 2102 a.

526 2252 692 2334 Supplices
714 2254 745 2317 S.
767 2253 805 2316 V.
829 2252 1051 2316 devotissimus
1068 2250 1087 2314 l.
1105 2269 1133 2314 s.
1151 2250 1297 2329 Karalus,
1321 2252 1548 2334 primogenitus
1564 2253 1680 2317 (termini
1697 2255 1780 2335 regis
1795 2255 1924 2319 Boemie

415 2364 449 2421 et
474 2356 615 2421 marchio
639 2356 792 2432 Morauie,
826 2361 982 2436 quatenus
1012 2355 1071 2420 sibi
1102 2355 1271 2436 specialem
1302 2357 1438 2438 graciam
1469 2357 1631 2436 facientes,
1655 2358 1824 2439 dignemini
1847 2355 1924 2431 deo
1971 2397 1975 2406 -

414 2461 512 2527 solita
535 2462 572 2526 V.
596 2462 627 2527 S.
652 2460 844 2525 liberalitate
866 2460 1040 2541 apostolice
1056 2461 1141 2524 sedis
1158 2459 1322 2541 privilegio
1346 2464 1500 2540 perpetuo
1523 2461 1696 2525 eonemlere
1713 2468 1745 2526 et
1759 2463 1923 2544 indulgere

412 2566 538 2649 capsella
561 2566 648 2647 regie
671 2566 818 2632 Omnium
850 2566 1035 2632 Serretorum
1068 2565 1097 2628 in
1129 2569 1233 2628 castro
1266 2564 1425 2645 l'ragensi,
1460 2583 1553 2645 quiam
1581 2571 1613 2628 et
1639 2566 1799 2631 urinistros
1822 2568 1923 2649 ipsius

413 2672 505 2735 bonis
528 2670 595 2735 suis
619 2670 755 2752 propriis
778 2690 818 2733 ex
840 2688 953 2751 aragne
975 2669 1146 2732 devocione.
1169 2668 1301 2745 dotavit,
1332 2667 1416 2749 quod
1438 2667 1550 2748 prelati
1567 2673 1599 2731 et
1614 2670 1754 2739 canomci
1779 2671 1921 2737 eiusdem

415 2774 550 2858 capelle,
574 2781 740 2857 presentes
763 2779 796 2837 et
818 2773 926 2852 futuri,
951 2774 1035 2855 aprrd
1066 2774 1166 2855 ipsam
1198 2771 1354 2854 eriprellam
1384 2772 1548 2836 ‹lirrrrtaxat
1578 2772 1764 2851 residentes
1795 2775 1827 2838 in
1850 2775 1921 2839 aliis

412 2881 480 2944 suis
503 2877 666 2943 berreficiis
690 2883 723 2941 et
745 2876 858 2942 (officiis
881 2876 1251 2956 ecelesiasticis,eu1·atis
1270 2876 1319 2939 vel
1343 2896 1404 2940 non
1421 2877 1550 2955 cirratis,
1575 2877 1674 2941 eciam
1698 2879 1724 2942 si
1742 2879 1921 2961 ‹lignitates

416 2988 604 3066 personatus
627 3003 684 3047 seu
708 2982 842 3047 cariosis
874 2981 1088 3063 parrochiales
1117 2981 1231 3057 forent,
1267 2978 1481 3061 personaliter
1506 2980 1647 3044 residere
1677 2983 1803 3047 mininie
1834 2989 1923 3049 tene-

415 3095 518 3164 antur,
543 3087 690 3168 quodque
713 3087 744 3150 ui
768 3086 909 3150 eiusdem
934 3085 1146 3149 ‹toncessionis
1165 3104 1221 3148 seu
1238 3084 1487 3165 dispensacionis
1503 3086 1674 3150 eorundem
1698 3087 1921 3153 lienetieiormn

415 3200 447 3257 et
469 3190 645 3256 officiorum
669 3210 797 3254 snormn
820 3190 1033 3272 predictorum
1056 3189 1188 3265 tractus,
1213 3189 1356 3253 redditus
1387 3194 1420 3251 et
1442 3194 1614 3269 preventus
1638 3191 1669 3254 in
1693 3192 1840 3257 almencia
1863 3214 1922 3257 sua

414 3317 484 3362 eum
508 3293 601 3380 [eall
624 3296 807 3376 integritate
830 3295 952 3376 possint
973 3294 1149 3375 percipere,
1173 3313 1212 3357 ac
1240 3293 1267 3357 si
1299 3293 1329 3357 in
1359 3294 1477 3357 eisdem
1502 3293 1711 3375 personaliter·
1734 3296 1920 3374 residerent,

414 3401 584 3466 cotidianis
618 3400 897 3464 distribocionibus
931 3399 1083 3479 ‹ixi-teptis,
1125 3417 1186 3461 non
1224 3398 1423 3462 obstantibus
1460 3399 1700 3480 ‹pribuscunque
1739 3398 1921 3481 privilegiis,

411 3505 552 3583 statutis,
590 3502 797 3586 indulgeneiis
826 3524 863 3568 ae
894 3501 1175 3568 ceirrsuetudinibus
1206 3521 1463 3585 quarumcunque
1498 3501 1702 3568 eeclesiarum
1734 3503 1782 3568 vel
1814 3524 1922 3586 perso·

410 3629 534 3687 nanim,
558 3611 745 3686 iuramento,
776 3607 1015 3672 eamr-roacare
1050 3607 1135 3671 sedis
1165 3607 1338 3689 apostolice
1373 3627 1429 3672 scu
1461 3608 1524 3672 alia
1554 3628 1743 3690 quamunque
1773 3610 1920 3674 firmitate

409 3713 549 3791 vallatis,
574 3713 673 3778 eciam
697 3713 724 3777 si
748 3712 787 3776 de
811 3713 888 3793 ipsis
911 3717 1076 3777 eteorum
1105 3716 1215 3777 tenore
1247 3732 1429 3795 expressam
1461 3719 1494 3778 et
1524 3712 1563 3777 de
1595 3714 1691 3786 veroa
1720 3715 1760 3779 ud
1791 3716 1921 3780 vcrlunn

408 3818 587 3903 specialem
610 3817 680 3882 lieri
702 3821 849 3899 oporteat
869 3817 1075 3882 mencionem.

519 3958 593 4022 Fiat
615 3958 655 4021 ad
678 3957 865 4021 decennium
889 3955 963 4041 R.¹)

519 4097 602 4161 Item
625 4094 792 4177 supplicat,
824 4097 979 4175 quatenus
1012 4094 1121 4159 eadem
1153 4097 1183 4160 S.
1210 4096 1354 4160 arnonem
1385 4115 1442 4160 seu
1473 4096 1760 4178 incorporecionem
1785 4096 1921 4162 ‹azelesie

409 4199 622 4284 parrochialis
645 4200 676 4263 ia
699 4199 854 4282 Jermyer,
889 4200 1055 4279 Pragensis
1086 4200 1232 4277 ‹liomisis
1267 4202 1307 4264 de
1342 4206 1509 4283 patronatu
1542 4201 1625 4282 regis
1648 4201 1777 4265 Boernie
1804 4202 1920 4265 saetam

412 4306 617 4387 prepositure
640 4304 724 4368 dicte
747 4302 878 4385 capelle,
902 4303 1050 4384 dignetur
1073 4323 1143 4369 ‹trrm
1167 4305 1340 4369 inclusione
1371 4305 1558 4381 litterarum,
1590 4303 1751 4385 predictas
1775 4305 1921 4368 unionem

411 4417 447 4475 et
468 4410 760 4491 incorporacionem
784 4409 1025 4486 cordinencium,
1050 4429 1120 4474 curn
1143 4410 1287 4474 onmibus
1318 4410 1384 4473 suis
1408 4409 1692 4473 nonobstantibus
1715 4415 1748 4473 et
1770 4408 1921 4474 clausulis

415 4535 452 4578 ex
477 4519 566 4579 certa
588 4513 726 4578 sciencia
749 4512 944 4577 continuare.

521 4653 594 4718 Fiat
616 4650 689 4732 R.¹)

519 4793 600 4857 Item
624 4790 792 4873 supplicat,
816 4796 973 4872 (quatenus
997 4792 1138 4856 eiusdem
1162 4792 1192 4858 S.
1218 4792 1389 4856 clemencia
1408 4810 1466 4874 per
1481 4792 1633 4873 specialia
1648 4793 1735 4857 sedis
1750 4792 1923 4873 apiostolice

415 4895 581 4977 privilegia
601 4895 775 4959 concedere
795 4901 828 4959 et
844 4895 1007 4977 imlulgere
1023 4896 1171 4974 alienetur
1185 4897 1375 4960 monasterio
1392 4896 1598 4979 Montissyon,
1622 4897 1923 4962 Premenstratcnsis

415 4999 544 5076 ordinis,
569 5000 736 5080 lbagensis
767 4998 912 5076 diocesis,
948 5000 1030 5080 ‹priiid
1062 5001 1122 5081 ipsi
1153 5004 1186 5063 et
1215 5001 1350 5080 ‹prilibet
1379 5020 1486 5064 erorum
1521 5006 1554 5064 et
1583 5021 1691 5065 eorum
1722 5021 1923 5066 antecessores

417 5104 500 5168 intra
523 5109 556 5167 et
578 5111 670 5168 extra
703 5106 893 5168 rnorrasteria
924 5124 982 5167 sna
1012 5103 1156 5184 predicta
1186 5104 1294 5168 inlulis
1324 5122 1381 5167 seu
1412 5106 1523 5182 mitris,
1546 5105 1698 5171 candaliis
1729 5111 1762 5170 ct
1784 5108 1855 5173 aliis
1877 5088 1925 5171 in-¹

412 5209 522 5290 signiis
546 5213 579 5271 et
602 5208 765 5272 ornatibus
789 5207 1024 5289 episcopalibus
1048 5210 1093 5271 uti
1118 5212 1151 5273 et
1174 5209 1236 5272 lrui
1257 5209 1344 5272 licite
1360 5214 1393 5272 et
1409 5209 1508 5273 libere
1531 5209 1657 5274 verleent
1679 5215 1775 5292 atque
1791 5212 1922 5293 possint,

411 5314 582 5395 presertim
613 5332 685 5376 curn
715 5312 819 5376 (lictus
850 5312 948 5376 talibas
980 5313 1177 5393 Montissyon
1216 5312 1324 5393 plures
1362 5314 1505 5378 eslrliatias
1543 5315 1689 5378 solennes
1724 5319 1757 5378 et
1786 5317 1925 5380 niernbra

412 5416 533 5481 nobilia
557 5417 616 5479 sub
640 5435 675 5480 se
699 5416 826 5494 lrabeat,
852 5423 885 5480 et
908 5417 962 5480 alii
986 5417 1117 5480 abbates
1140 5418 1320 5481 huiusmodi
1351 5418 1492 5482 rrrernbra
1521 5438 1583 5482 non
1614 5420 1766 5484 habentes
1796 5441 1831 5483 ar
1856 5421 1924 5501 ipso

412 5522 505 5604 longe
528 5521 676 5599 minerba,
712 5521 796 5585 ‹liete
829 5521 995 5603 Pragcnsis
1027 5522 1171 5600 diocesis,
1206 5521 1386 5585 lmiusmodi
1418 5524 1481 5585 sint
1512 5523 1743 5604 pontificalibus
1773 5524 1923 5605 insigniti.

517 5661 590 5725 Fiat
612 5680 670 5741 pro
697 5661 813 5725 abbate
844 5661 1053 5742 Montissyon,
1084 5661 1203 5725 ordinis
1235 5662 1546 5741 Premonstratensis,
1578 5663 1713 5727 diocesis
1744 5664 1922 5745 Pragensis

410 5775 445 5834 et
468 5766 710 5832 successoribus
733 5766 809 5844 suia,
834 5771 867 5829 et
890 5766 993 5829 solvat
1015 5784 1150 5829 inensam
1174 5766 1243 5830 auri
1267 5766 1400 5848 singulis
1423 5766 1558 5831 bienniis
1582 5786 1706 5831 cernere
1729 5765 1802 5846 R.³)
