5184 7050
1862 851 1925 920 269

412 1060 570 1139 antistite,
593 1062 733 1143 graciam
756 1065 789 1124 et
811 1060 1060 1124 communionem
1083 1061 1257 1141 apostolice
1281 1061 1366 1126 sedis
1389 1060 1539 1137 habente,
1563 1060 1673 1125 ascitis
1697 1065 1730 1125 et
1745 1062 1775 1124 in
1792 1060 1851 1125 hoc
1867 1062 1928 1126 sibi

414 1165 641 1229 assistentibus
664 1163 861 1251 duobus-rel
885 1164 988 1229 tribus
1011 1164 1177 1232 catholicis
1202 1165 1371 1246 episcopia,
1396 1165 1532 1229 similem
1555 1165 1692 1246 graciam
1710 1169 1745 1228 et
1760 1166 1929 1231 communi·

415 1286 507 1332 onem
534 1268 734 1347 habentibus,
768 1288 881 1333 munus
916 1270 1165 1334 consecracionis
1196 1271 1340 1350 recipere
1371 1269 1488 1346 valcas,
1521 1287 1558 1331 ac
1590 1267 1691 1332 eidem
1722 1269 1868 1348 antistiti,
1893 1275 1928 1334 ut

414 1391 530 1436 munus
554 1373 732 1455 predictum
746 1373 938 1437 auctoritato
953 1379 1061 1437 nestra
1076 1373 1261 1455 impendere
1278 1372 1377 1436 libere
1393 1373 1451 1437 tibi
1468 1373 1578 1453 possit,
1602 1371 1728 1453 plenam
1747 1378 1780 1436 et
1795 1373 1927 1438 liberam

415 1476 619 1541 concedimus
642 1481 753 1541 tenore
777 1479 976 1559 presencium
999 1477 1193 1542 facultatem.
1240 1478 1393 1543 Volumus
1424 1481 1539 1554 autem,
1568 1476 1652 1556 quod
1675 1477 1758 1541 idem
1781 1478 1925 1558 antistes

415 1580 469 1660 qni
494 1580 554 1644 tibi
577 1581 737 1662 prelatum
760 1599 874 1644 prunus
883 1580 904 1661 ¹)
927 1581 1098 1662 impendet,
1123 1589 1289 1663 postquam
1313 1581 1391 1645 illud
1414 1581 1472 1645 tibi
1497 1579 1694 1661 irnpenden't,
1722 1600 1741 1644 a
1763 1585 1796 1644 te
1818 1587 1926 1647 nostro

414 1688 447 1747 et
471 1683 608 1749 ecclesie
631 1684 773 1748 Romane
796 1685 922 1748 nornine
954 1685 1117 1750 fidelitatis
1148 1686 1254 1750 debite
1285 1686 1413 1750 solitum
1443 1684 1578 1764 recipiat
1604 1684 1814 1749 imamentum
1838 1686 1926 1750 iuxta

414 1786 559 1867 formiam,
584 1808 677 1869 quam
700 1789 759 1853 snb
782 1789 871 1853 bulla
892 1795 1002 1853 nostra
1024 1790 1180 1853 mittimus
1202 1789 1417 1865 interclusam,
1441 1808 1478 1852 ac
1493 1788 1624 1853 sennam
1640 1787 1817 1867 iuramenti,
1842 1791 1925 1871 quod

413 1900 446 1957 te
470 1902 617 1975 prestare
640 1895 819 1975 contigerit,
843 1894 933 1957 nobis
957 1893 996 1956 do
1020 1894 1114 1957 rerbo
1138 1894 1177 1957 ad
1201 1895 1331 1958 verbum
1355 1913 1412 1974 per
1435 1897 1506 1956 tuas
1537 1895 1683 1973 patentes
1714 1891 1838 1956 litteras
1870 1899 1924 1958 tuo

414 1996 521 2078 sigillo
545 1998 686 2080 signatas
718 2016 775 2079 por
805 1998 967 2079 proprium
998 1997 1145 2061 nuncium
1176 1998 1365 2078 quantocius
1397 1997 1557 2061 destinare
1585 2013 1745 2077 procures,
1777 1997 1924 2078 quodque

413 2121 473 2183 per
496 2100 555 2165 hoc
579 2120 607 2164 v.
631 2101 652 2165 f.
676 2121 706 2164 n.
731 2101 969 2181 archiepiscopo
1002 2101 1161 2179 Pragensi,
1197 2102 1246 2164 eid
1279 2102 1402 2183 prefata
1432 2101 1566 2165 ccclesia
1601 2099 1832 2181 metropolitico
1856 2101 1924 2166 iuro

413 2207 548 2269 subesse
572 2206 757 2283 dinoscitur,
781 2204 901 2268 nullum
924 2206 1131 2287 imposterum
1154 2205 1364 2286 preiudicium
1394 2211 1575 2287 generetur.
1616 2205 1654 2269 D.
1679 2205 1834 2270 Aninione
1858 2206 1924 2270 llll

413 2309 455 2373 id.
480 2311 667 2375 Decembris
693 2330 721 2375 a.
744 2310 855 2373 tercio.

529 2524 679 2579 Clementis
705 2523 743 2578 Vl
768 2526 803 2578 A.
829 2525 898 2594 Iliso
926 2525 968 2593 (V.
997 2528 1059 2591 216)
1087 2524 1105 2578 l'.
1122 2526 1191 2590 ΜΨ,
1209 2524 1363 2578 litterarum
1382 2525 1565 2578 communium
1582 2541 1628 2592 qu.
1649 2524 1740 2578 1:V
1760 2530 1809 2578 1o5
1830 2525 1848 2578 f.
1874 2533 1923 2579 aba

414 2616 515 2665 naso.
535 2641 568 2651 -
596 2616 620 2679 ⁸)
639 2611 753 2681 ‚priden‘
772 2614 805 2665 Α.
833 2613 856 2678 b)
876 2628 945 2666 corr.
964 2627 998 2667 ex
1018 2618 1217 2678 ,statueremns‘
1236 2613 1268 2665 A.
1296 2616 1319 2679 c)
1338 2627 1407 2665 corr.
1427 2628 1461 2665 ex
1479 2611 1705 2678 ,decreveremns‘
1723 2615 1757 2666 Α.
1784 2615 1808 2679 d)
1829 2614 1920 2684 suppl.

413 2700 441 2752 iu
461 2713 547 2768 marg.
566 2700 600 2752 Α.
619 2730 652 2738 -
672 2701 700 2766 ⁰)
722 2699 846 2768 sequitur
864 2699 1015 2769 ,pleiades
1034 2699 1083 2753 scd
1102 2698 1282 2753 cancellatum
1301 2700 1334 2752 Α.
1361 2700 1380 2766 s)
1400 2715 1469 2752 corr.
1489 2716 1523 2753 ex
1542 2716 1652 2766 ,munus
1670 2699 1816 2767 preiatnm‘
1833 2704 1870 2783 A..

1069 2983 1189 2988 —-
1202 2982 1231 2987 ...
1243 2983 1274 2990 -.-

414 3329 509 3395 456.
536 3329 660 3405 Petrus,
685 3327 783 3392 ‹ibbas
806 3329 990 3391 rrroaasterii
1013 3329 1132 3392 dicatis
1155 3328 1241 3403 Sion,
1264 3328 1435 3412 supplicat,
1458 3333 1612 3411 quatenus
1627 3329 1779 3395 Jaroslao
1805 3329 1924 3410 Vajslai

410 3432 522 3511 pratia
546 3431 584 3494 de
607 3433 796 3495 canonicato
818 3431 967 3495 ecclesiae
991 3432 1162 3511 Propensis
1184 3432 1241 3495 aab
1263 3433 1476 3514 expectatione
1493 3432 1695 3514 praebendae
1716 3437 1878 3496 renouetur
1892 3437 1923 3496 et

487 3538 598 3615 fratri
620 3536 736 3617 Epidio
759 3536 797 3599 de
814 3536 1015 3618 parrochiali
1037 3535 1171 3600 eeclesia
1192 3536 1227 3600 ia
1249 3536 1463 3601 Albaeeclesia
1486 3542 1620 3602 aacarrte
1637 3537 1854 3621 provideatur.

1325 3754 1487 3833 Arinioae,
1510 3757 1599 3819 1344
1620 3754 1802 3820 Decembris
1824 3758 1877 3820 14.

519 3970 685 4051 Supplicat
707 3971 738 4036 S.
762 3971 800 4033 V.
816 3970 963 4033 assidrms
980 3977 1087 4033 orator
1102 3976 1208 4034 restor
1223 3971 1347 4047 Petrus,
1373 3970 1470 4035 adibas
1485 3973 1667 4036 monasterii
1692 3972 1811 4036 Montis
1828 3974 1920 4053 Syon,

413 4076 535 4139 ordinis
559 4075 873 4153 Promonstratensis,
898 4075 1032 4137 diocesis
1056 4075 1234 4155 l‘rapensis,
1259 4075 1352 4155 qnod,
1378 4094 1448 4138 cunr
1464 4074 1503 4138 de.
1520 4076 1619 4156 primo
1642 4096 1723 4140 anrro
1748 4078 1922 4142 creacionis

413 4181 529 4244 Vestro
564 4180 759 4256 Sanctitatis,
783 4179 879 4243 Xllll
904 4179 955 4242 die
988 4180 1105 4242 mensis
1140 4179 1331 4259 Octobrisr)
1363 4180 1525 4260 predictus
1560 4181 1658 4248 abbas
1693 4181 1796 4245 eidem
1828 4182 1920 4247 SV.

412 4285 577 4349 humiliter
617 4283 808 4365 supplicarit
848 4303 905 4365 pro
947 4283 1045 4347 fratre
1087 4302 1144 4346 sno
1181 4303 1329 4365 germano
1368 4284 1513 4348 Jaroslao
1549 4284 1691 4366 Woyluy,
1722 4285 1921 4367 presbytero,

413 4409 511 4470 super
534 4390 722 4452 canonicatu
754 4392 787 4451 et
816 4387 977 4468 prebenda
1008 4393 1139 4451 vacante
1170 4387 1219 4451 vel
1252 4394 1402 4452 vacatura
1430 4389 1619 4453 inocclesia
1642 4389 1803 4471 Progensi,
1827 4388 1921 4452 etde

412 4495 562 4558 rrrarulato
586 4494 616 4558 S.
632 4493 667 4557 V.
681 4491 811 4573 speciali
835 4492 1012 4555 huiusmodi
1037 4492 1232 4573 supplicacio
1249 4512 1306 4574 per
1321 4493 1478 4558 clorninnm
1500 4493 1714 4570 Guillolnnun,
1738 4493 1922 4574 episcopum

415 4601 657 4673 Carnotensem,
682 4598 743 4661 fuit
767 4602 895 4679 recepta
917 4602 949 4659 et
973 4597 1003 4658 in
1028 4597 1133 4660 studio
1163 4598 1194 4662 S.
1225 4597 1262 4661 V.
1295 4600 1443 4678 reposita,
1477 4597 1552 4661 licet
1575 4598 1614 4661 do
1638 4599 1740 4679 ipsae)
1763 4598 1921 4678 peticione

411 4705 516 4769 adhuc
540 4702 648 4783 aliqua
671 4721 751 4765 nora
768 4702 931 4782 predictus
946 4701 1044 4764 allas
1061 4702 1187 4765 minime
1206 4702 1395 4783 reportarit:
1420 4721 1518 4782 «piare
1533 4701 1692 4782 supplicat
1707 4702 1808 4765 eidem
1825 4702 1856 4766 S.
1872 4700 1920 4779 V.,

412 4815 572 4891 quatenus
595 4806 774 4870 huiusmodi
798 4806 935 4884 graciam
959 4806 1093 4868 fiendam
1117 4806 1299 4886 supradicto
1322 4805 1468 4869 iaroslao
1492 4804 1661 4882 ‹liamenrini
1679 4804 1921 4870 clernentissime

412 4931 569 4977 renovare
593 4930 663 4974 cum
688 4910 838 4974 clausulis
862 4911 1025 4991 oportunis
1049 4915 1082 4972 et
1104 4910 1335 4987 execnhrribus,
1360 4929 1420 4972 non
1444 4910 1599 4988 obstante,
1624 4911 1707 4990 quod
1727 4911 1809 4974 idem
1829 4910 1921 4975 daro-

412 5018 502 5081 slans
526 5015 695 5079 eccclesiam
718 5015 949 5096 parrochialem
970 5016 1000 5077 in
1018 5014 1245 5094 (pessnowicr,
1264 5013 1482 5078 olomucensis
1506 5014 1652 5093 diocesia,
1665 5015 1778 5079 modici
1794 5015 1920 5093 valoris,

412 5121 556 5184 noscitur
578 5120 732 5183 obtinere.
756 5118 814 5184 Vel
839 5119 871 5183 in
894 5118 1031 5183 eeclesia
1055 5117 1266 5183 Olomncensi.

519 5225 592 5289 liat
615 5225 650 5289 R.

519 5332 601 5395 Item
623 5329 782 5411 supplicat
805 5329 908 5392 eidem
939 5329 970 5393 S.
1004 5328 1052 5405 V.,
1083 5332 1241 5407 ‹pirciteuus
1272 5327 1331 5389 sibi
1359 5326 1528 5408 specialem
1552 5328 1689 5409 praciam
1713 5327 1865 5392 facientes
1888 5329 1920 5391 in

411 5453 581 5519 personam
603 5434 711 5499 fratris
734 5434 851 5512 Epidii,
875 5433 1015 5496 canonici
1039 5431 1220 5495 monasterii
1241 5430 1359 5494 Montis
1376 5431 1459 5510 Syon
1480 5450 1579 5512 prope
1595 5432 1736 5513 Pragam,
1753 5432 1920 5495 ecclesiam

411 5538 645 5623 parrochialem
667 5539 699 5603 iu
723 5538 803 5603 aloa
827 5537 971 5615 ecdesia,
989 5535 1124 5600 diocesis
1141 5534 1370 5612 morbacensis,
1396 5534 1520 5597 solitam
1536 5554 1595 5615 por
1610 5535 1777 5599 canonicos
1801 5535 1920 5600 ordinis

412 5643 717 5710 Promonstratensis
741 5644 919 5724 grilremari,
943 5645 1105 5704 irritantem
1130 5658 1187 5719 per
1210 5639 1440 5720 promocionem
1464 5639 1565 5718 ipsius
1582 5689 1588 5701 .
1606 5689 1613 5701 .
1631 5640 1755 5704 abbatis
1778 5641 1810 5703 in
1833 5639 1921 5704 curia

411 5750 443 5815 S.
467 5748 517 5826 V.,
541 5748 710 5829 ‹ligrrernini
734 5748 877 5811 conferre
900 5746 1043 5829 praebeto
1059 5743 1150 5807 fratri
1165 5742 1289 5823 Egidio,
1313 5761 1374 5805 non
1390 5743 1546 5820 obstante,
1570 5742 1653 5823 quod
1669 5743 1768 5806 trater
1782 5743 1918 5826 VhicuS,
