5184 7050
1868 854 1929 921 301

417 1058 614 1135 continebat,
652 1060 783 1137 propter
813 1059 949 1122 servicia
980 1061 1133 1124 carissimi
1165 1063 1196 1125 in
1229 1061 1356 1125 christo
1388 1063 1407 1126 i.
1440 1082 1469 1125 n.
1494 1062 1661 1138 lobannis,
1695 1063 1779 1142 regis
1804 1062 1931 1127 Boernie

416 1161 565 1238 illustris,
590 1160 680 1226 cuius
703 1162 894 1227 secretarius
917 1182 988 1225 esse
1012 1164 1196 1242 dinosceris
1220 1170 1253 1229 te
1276 1171 1423 1245 oporteat
1438 1166 1555 1246 iugiter·
1572 1185 1628 1247 per·
1644 1166 1788 1230 diversas
1812 1166 1930 1230 discur-

418 1285 491 1331 rere
514 1265 672 1347 regiones,
706 1284 764 1329 nos
787 1266 929 1330 eiusdem
952 1268 1037 1349 regis
1068 1287 1105 1330 ac
1135 1270 1201 1333 tuis
1233 1269 1264 1332 in
1286 1269 1346 1332 lrac
1376 1273 1467 1350 parte
1494 1268 1618 1333 devotis
1642 1268 1932 1351 supplicae-ionibus

419 1371 566 1435 inclinati
590 1369 659 1447 tibi,
677 1370 707 1434 in
728 1369 917 1434 diaconatus
933 1371 1043 1435 ordine
1060 1372 1242 1450 constituto,
1259 1377 1295 1436 ut
1310 1371 1490 1438 huiusmodi
1507 1373 1590 1454 regis
1606 1373 1748 1436 eiusdem
1771 1374 1931 1454 obsequiis

423 1475 601 1539 insistendo
625 1492 687 1538 non
709 1476 849 1539 tenearis
884 1475 1010 1539 racione
1040 1477 1251 1556 parrochialis
1280 1477 1416 1541 ecclesie
1439 1478 1540 1542 saneti
1565 1477 1687 1541 Nicolai
1711 1477 1742 1539 in
1766 1476 1931 1555 Gandauo,

421 1578 635 1644 Tornacensis
658 1577 804 1655 diocesia,
829 1578 919 1642 cuins
943 1582 1046 1642 rector
1069 1584 1101 1643 et
1124 1579 1207 1643 inira
1229 1597 1346 1644 annum
1370 1585 1546 1662 atempere
1562 1580 1777 1645 assecucionis
1801 1579 1931 1661 pacifico

422 1681 636 1765 possessionis
660 1681 761 1762 ipsius
784 1681 905 1758 existis,
930 1681 970 1744 ad
994 1682 1208 1746 sacerdocium
1235 1702 1338 1764 usqne
1368 1684 1407 1747 ad
1430 1685 1600 1748 taisnaium
1624 1689 1656 1748 te
1679 1684 1784 1748 iacere
1808 1703 1931 1766 promo·

418 1786 488 1850 veri
510 1804 571 1849 nec
593 1785 719 1849 interim
743 1785 775 1847 in
799 1784 868 1864 ipsu
891 1784 1027 1848 ecclesia
1048 1787 1260 1866 personaliter
1282 1788 1424 1851 insidere
1446 1806 1550 1868 neque
1573 1787 1614 1852 acl
1638 1806 1706 1852 eam
1731 1808 1749 1851 a
1770 1807 1929 1868 quoquam

419 1891 558 1955 coartari
583 1889 686 1971 possis
707 1889 836 1966 invitus
861 1888 917 1952 sed
940 1889 1072 1967 tructus,
1097 1891 1241 1956 redditus
1263 1897 1296 1956 et
1319 1897 1491 1973 proventus
1515 1892 1616 1972 ipsius
1635 1892 1736 1956 libere
1757 1892 1930 1973 percipias,

419 2014 456 2058 ac
481 1995 509 2058 si
527 1995 559 2058 in
578 1993 635 2057 illa
649 1992 861 2074 personaliter
887 1993 1054 2072 resideres,
1078 1996 1319 2077 quibuscunque.
1334 2002 1399 2060 tam
1415 1994 1598 2077 apostolicis
1614 2015 1709 2077 qnam
1725 1995 1930 2077 synodalibus

418 2098 559 2180 aliisque
584 2098 868 2163 corrstitucienibus
891 2099 924 2162 in
947 2099 1139 2163 contrarium
1163 2100 1258 2164 editis
1281 2118 1480 2180 nequaquam
1504 2100 1713 2178 obstantibus
1740 2099 1930 2164 auctoritate

417 2203 478 2268 tibi
495 2204 695 2285 presencium
712 2202 752 2266 do
768 2201 897 2283 speciali
914 2204 1021 2283 gracia
1036 2203 1245 2285 indulgemus
1258 2205 1396 2285 proviso,
1412 2204 1497 2284 quod
1514 2205 1638 2268 interim
1654 2205 1779 2285 pre-iute
1795 2204 1929 2268 ecclesie

419 2325 480 2388 per
502 2306 656 2370 vicarium
690 2305 847 2382 idoneum,
882 2306 932 2369 cui
964 2306 1003 2369 de
1033 2309 1238 2388 proventibus
1272 2308 1373 2388 ipsius
1407 2308 1542 2373 ecclesie
1576 2310 1757 2373 necessaria
1790 2328 1927 2389 congrue

417 2411 651 2488 ministrentur,
684 2409 794 2473 taliter·
827 2409 925 2475 iacias
960 2411 1123 2488 deserviri,
1159 2412 1242 2492 quod
1274 2411 1343 2492 ipsa
1376 2411 1492 2475 debitis
1523 2412 1649 2475 interim
1679 2431 1741 2476 nen
1764 2411 1930 2476 fraudetur·

419 2515 586 2595 obsequiis
609 2520 642 2578 et
664 2515 838 2578 animarum
863 2534 939 2578 cura
968 2515 1001 2578 in
1031 2533 1070 2578 ee
1096 2514 1279 2579 nullatenus
1303 2514 1492 2597 negligatur.
1528 2514 1615 2579 Nulli
1638 2534 1713 2595 ergo
1736 2523 1795 2580 etc.
1821 2522 1928 2580 nostre

419 2618 637 2684 concessionis
659 2617 832 2700 infringere
855 2624 915 2683 etc.
942 2619 978 2682 b.
1003 2619 1160 2682 Auirrione
1183 2619 1240 2685 XV
1265 2619 1326 2684 kal.
1351 2620 1486 2701 Augusti
1515 2638 1542 2682 a.
1567 2626 1690 2700 quarto.

526 2823 674 2879 Clementis
695 2824 733 2877 Vl
751 2827 784 2877 A.
804 2824 870 2893 lVls
890 2825 944 2891 (84)
965 2824 982 2878 l.
1001 2831 1043 2890 32,
1068 2823 1102 2878 de
1126 2821 1246 2890 indultis,
1271 2825 1424 2894 privilegiis
1442 2833 1470 2880 ct
1488 2824 1740 2894 dispensationibus
1759 2844 1803 2896 qu.
1828 2832 1849 2893 1,
1863 2826 1926 2881 rub·

418 2911 477 2965 rica
490 2911 552 2966 sola
565 2910 716 2965 :litterae
734 2910 763 2964 in
782 2911 813 2963 V.
835 2916 882 2964 172
902 2908 919 2962 s.
941 2913 999 2962 1³0¹
1019 2926 1044 2962 n.
1065 2915 1124 2963 271.
1958 2932 1961 2936 ·

417 3539 514 3605 505.
532 3537 645 3613 (dublo,
661 3538 748 3601 titula·
763 3543 895 3602 sacristae
912 3537 1048 3603 mollica
1058 3540 1221 3621 presbyter
1236 3539 1424 3614 cardinalis,
1441 3539 1612 3622 supplicat,
1629 3544 1782 3621 qrrrrterrss
1796 3537 1928 3600 Niculuo

418 3642 581 3725 qmrulcm
608 3642 760 3706 Friedlirrr'
781 3642 819 3705 de
843 3645 980 3707 llrcema
1003 3644 1040 3705 dc
1062 3643 1204 3724 beneficio
1227 3665 1296 3706 cerm
1312 3644 1359 3706 cel
1373 3645 1442 3707 sias
1457 3664 1544 3720 cmc,
1560 3647 1693 3707 rasonis
1706 3642 1754 3705 cel
1768 3645 1927 3715 vacaturo,

418 3748 463 3812 ed
485 3746 684 3811 collationem
707 3747 890 3812 abbatissae
912 3751 942 3811 et
965 3752 1129 3810 concentus
1160 3748 1344 3811 irrorursterr'r‘
1374 3745 1477 3812 Aulus
1502 3752 1631 3812 sanctus
1655 3748 1782 3811 Marios
1806 3746 1840 3808 r'rr
1861 3743 1927 3808 Aa·

933 3851 1023 3933 tipus
1051 3853 1182 3914 liranus
1201 3851 1417 3934 provideatur.

1431 4007 1593 4084 Acclama,
1618 4009 1703 4070 1345
1725 4005 1809 4073 dedic·
1830 4009 1881 4070 18.

524 4213 690 4295 Supplicat
712 4214 742 4277 S.
767 4214 804 4278 V.
833 4215 947 4277 deceta
979 4188 1125 4278 ereatura
1156 4221 1261 4277 restra
1291 4214 1425 4297 Gloido]
1456 4215 1494 4277 de
1526 4215 1667 4291 bolonia,
1702 4215 1787 4277 tituli
1818 4218 1926 4278 sancte

420 4317 542 4382 (berria
568 4316 734 4397 presbyter
757 4315 937 4392 cardinalis,
961 4323 1119 4396 ottalanus
1143 4318 1202 4381 sibi
1228 4317 1258 4380 irr
1283 4337 1448 4398 personam
1472 4318 1581 4382 dilecti
1605 4325 1637 4383 et
1658 4319 1830 4382 fidelissumi
1858 4337 1928 4399 pro-

420 4420 578 4485 curatoris
601 4420 651 4482 sui
675 4420 706 4482 in
731 4438 826 4500 regno
852 4420 979 4483 lloemie
1003 4421 1136 4496 Nicolai‚
1161 4422 1227 4485 nati
1255 4421 1411 4501 arcendam
1437 4421 1567 4485 Fridlini
1594 4422 1632 4484 de
1656 4423 1794 4498 Brnrrrra,
1819 4422 1924 4486 clerici

422 4525 606 4607 Pragensis
630 4524 769 4605 gracimrr
800 4525 971 4605 specialem
1005 4526 1168 4602 iacientes,
1200 4525 1239 4588 de
1262 4527 1414 4589 beneficio
1445 4525 1661 4590 ecclesiastico
1685 4546 1754 4589 cum
1779 4546 1854 4589 cma
1878 4525 1928 4588 sel

420 4632 489 4695 sine
514 4648 601 4705 crura,
626 4634 789 4708 spectante
813 4648 838 4691 e.
863 4628 912 4692 sel
937 4628 965 4691 d.
991 4630 1030 4692 ad
1054 4629 1267 4706 collacione-ru,
1293 4648 1374 4710 pres.
1400 4650 1455 4693 serr
1473 4652 1501 4710 q.
1520 4650 1546 4693 a.
1566 4630 1594 4692 d.
1612 4630 1774 4693 abbatisse
1798 4636 1830 4693 ct
1854 4649 1925 4692 ccm-

421 4740 535 4799 vcntus
567 4733 748 4797 monasterii
782 4734 862 4797 Aule
892 4739 1001 4797 sancte
1032 4734 1132 4798 Mario
1164 4735 1195 4799 in
1221 4734 1360 4814 Antiqua
1384 4735 1521 4810 Brrrnna,
1546 4734 1665 4797 ordinis
1693 4733 1926 4809 cisterciensis,

420 4839 561 4902 diocesis
585 4836 813 4915 Olomucerrsis,
846 4838 872 4900 si
903 4839 987 4919 orrod
1018 4845 1112 4902 careat
1135 4838 1175 4902 ad
1198 4857 1341 4919 presens,
1367 4838 1414 4901 vel
1440 4838 1669 4919 quamprimum
1693 4838 1863 4913 sacraverit,
1888 4836 1926 4899 de

420 4942 620 5023 benignitate
641 4941 816 5024 apostolica
838 4943 1008 5022 dignemini
1031 4944 1209 5024 providero,
1233 4962 1302 5007 cum
1319 4943 1552 5023 acceptacione‚
1574 4941 1773 5017 inlribicione‚
1799 4942 1926 5006 decreto

420 5053 453 5111 et
476 5045 623 5110 clausula
645 5047 795 5110 anteferri
819 5054 852 5110 et
875 5065 943 5110 curn
968 5047 1042 5112 aliis
1065 5047 1209 5111 omnibns
1232 5065 1293 5110 non
1317 5047 1517 5111 obstantibus
1540 5051 1574 5110 et
1588 5046 1741 5110 clausulis
1763 5047 1927 5127 oportunis

421 5156 453 5216 et
476 5151 712 5215 executoribus.

522 5255 596 5319 Fiat
618 5273 721 5335 usque
745 5256 961 5319 acl-smrrrrrmrr
985 5256 1074 5319 XXV
1105 5256 1301 5319 rrrarclrarnm
1332 5275 1402 5319 cum
1433 5275 1518 5334 curu,
1550 5256 1659 5335 viginti
1691 5257 1758 5319 sinc
1789 5273 1865 5318 cura
1889 5254 1924 5318 R.

418 5363 461 5427 Et
485 5380 515 5442 q.
540 5363 563 5423 t.
588 5378 612 5423 s.
637 5379 665 5423 a.
690 5359 709 5422 l.
734 5358 806 5422 Fiat
828 5360 864 5422 Il.
890 5360 928 5423 D.
954 5358 1109 5423 Aninions
1132 5359 1190 5425 XV
1215 5358 1275 5423 lral.
1300 5359 1436 5441 Augusti
1459 5378 1487 5424 a.
1512 5365 1633 5442 quarto.

525 5546 678 5602 Clementis
696 5546 735 5601 VI
754 5546 781 5601 S.
798 5547 866 5616 Ivln
885 5546 924 5615 (s)
943 5544 962 5601 f.
980 5553 1022 5601 96.
