5184 7050
1989 809 2062 878 615

545 1019 667 1086 1117.
691 1017 806 1082 Frater
825 1015 994 1098 Protioa,·)
1017 1016 1112 1083 lector
1128 1015 1348 1099 llatocicnsiq
1364 1018 1485 1085 ordinis
1501 1021 1650 1099 fratrum
1666 1018 1938 1098 Praedicatornm,
1956 1018 2061 1104 copel·

545 1123 642 1188 lanus
671 1122 889 1188 cornrnensalis
925 1123 1040 1202 Caroli,
1076 1127 1287 1188 Rornanorum
1318 1125 1411 1208 repis,
1445 1123 1614 1207 supplicat,
1646 1127 1800 1210 quotenus
1830 1123 2001 1189 Bertloldo
2024 1124 2061 1189 dc

552 1226 747 1306 Gmsnrbacl,
771 1225 826 1307 qui
848 1225 886 1290 de
908 1226 1062 1291 nobilibus
1079 1227 1225 1310 partium
1248 1226 1381 1291 illorum
1411 1228 1562 1308 oriqinem
1592 1230 1738 1306 traxerit,
1762 1228 1799 1292 dc
1821 1227 2007 1294 canonicatu
2030 1232 2061 1293 et

543 1330 731 1415 praebenda
764 1331 798 1394 in
831 1329 960 1394 ecclesia
991 1329 1209 1412 Herbipolensi
1243 1330 1429 1395 cacarrtibns
1459 1330 1676 1414 provideatur.
1722 1332 1808 1410 ,mat
1839 1334 1888 1397 ll}
1913 1371 1953 1379 —
1980 1334 2061 1397 Item

545 1435 719 1518 supplicat,
736 1437 892 1516 quatenns
907 1432 1057 1512 Arnoldo,
1075 1432 1196 1513 clerico,
1213 1437 1288 1497 nato
1303 1433 1439 1499 Arnoldi
1454 1435 1611 1516 quondam
1633 1435 1671 1499 de
1693 1433 1939 1518 comestores)
1962 1436 2061 1501 armi-

544 1540 625 1620 qeri,
648 1539 687 1602 de
710 1539 900 1603 careonicatn
921 1537 1072 1603 ecclesiae
1094 1538 1364 1602 Novimonasterii
1386 1538 1621 1622 Herbipolensis
1643 1539 1701 1604 sub
1724 1541 1939 1622 expectatione
1962 1561 2061 1622 prae·

546 1642 670 1707 benitas
688 1644 905 1727 provideatur.
929 1642 1016 1722 ,Fiat
1040 1643 1090 1707 R.‘
1106 1679 1147 1688 —-
1171 1643 1250 1705 lte-m
1272 1641 1443 1725 supplicat,
1460 1647 1614 1723 qnatenus
1630 1643 1798 1722 Friderico,
1814 1647 1890 1708 nato
1904 1643 2062 1726 qnondam

546 1746 710 1814 Jolrounis
733 1747 811 1811 dicti
833 1748 870 1811 de
893 1746 1157 1827 Kttupvronrqpt
1176 1747 1318 1829 pauperi
1339 1745 1458 1824 clerico,
1482 1751 1668 1826 conferatur
1688 1746 1906 1831 parrochialis
1928 1746 2060 1812 ecclesia

545 1871 668 1915 cacans
697 1852 734 1915 in
759 1852 1032 1934 ι,Βεμτιςᾳεεαηψῆ
1057 1848 1293 1932 Herbipolensis
1316 1849 1456 1915 diocesis.
1503 1851 1590 1930 ,liat
1612 1853 1644 1916 ll
1644 1901 1749 1917 .....
1775 1851 1816 1916 D.
1839 1850 1996 1916 Aninione
2016 1849 2060 1914 id.

1152 1954 1247 2022 Junii
1271 1975 1301 2017 a.
1325 1958 1454 2019 octavo}

1551 2039 1715 2121 Avinione,
1738 2044 1824 2106 1349
1846 2040 1942 2108 Jnnr't
1965 2044 2016 2106 13.

658 2214 808 2268 Clementis
826 2214 864 2267 Π
887 2212 914 2267 S.
933 2213 1026 2283 vmsa
1052 2215 1108 2282 (19)
1133 2212 1151 2266 f.
1176 2218 1218 2268 26.
1236 2242 1270 2253 -
1297 2213 1320 2278 ⁸)
1344 2212 1490 2283 ,Procywa‘
1513 2212 1539 2266 S.
1566 2213 1591 2281 b)
1615 2212 1851 2280 ,Gawensbeim‘S.
1879 2216 1902 2283 a)
1925 2212 2060 2282 ,Clingeu

546 2299 630 2368 burg⁴
648 2298 676 2354 S.

545 2635 670 2701 1118.
695 2630 837 2710 Carolus,
862 2635 1077 2699 Romanorum
1099 2635 1130 2697 ct
1151 2629 1324 2698 Bobemiae
1346 2652 1412 2711 rec,
1434 2630 1605 2715 supplicat,
1628 2637 1784 2716 quatenns
1807 2631 1955 2697 Albertns
1981 2633 2059 2698 Blu-

545 2737 648 2817 donis,
673 2736 794 2801 ordinis
810 2742 961 2818 fratrum
978 2736 1139 2802 Minorum
1154 2736 1249 2802 lector
1264 2737 1300 2800 in
1316 2737 1436 2817 Propo,
1453 2736 1496 2800 ad
1509 2757 1623 2802 sacrae
1639 2736 1811 2819 tleoloqiac
1832 2737 2060 2819 moylstratum

1184 2844 1418 2925 promoveatur.

1551 2927 1715 3004 Acinione,
1738 2929 1826 2993 1349
1847 2927 1942 2994 Junii
1963 2930 2015 2994 13.

655 3102 818 3186 Significat
842 3101 872 3168 S.
897 3103 934 3169 V.
959 3103 1093 3168 devotus
1114 3102 1137 3168 i.
1160 3107 1224 3182 v.·)
1247 3103 1399 3182 Karalus,
1427 3102 1639 3167 Romanorum
1670 3107 1703 3167 et
1724 3103 1855 3167 Boemie
1877 3121 1943 3181 rex,
1974 3101 2059 3185 quod

553 3208 692 3271 dilectus
716 3225 793 3272 suus
817 3207 968 3272 Albai-tus
983 3207 1149 3285 BludoniS,
1166 3208 1285 3272 ordinis
1301 3208 1434 3274 fratrum
1451 3207 1609 3272 Mincium
1619 3207 1722 3271 lector
1733 3207 1765 3272 in
1777 3209 1890 3290 Praga,
1907 3207 1946 3270 de
1961 3204 2059 3271 nobili

549 3331 669 3393 genere
692 3312 844 3376 baronum
861 3312 949 3393 regni
965 3312 1096 3376 Boemie
1119 3318 1222 3378 ortum
1246 3313 1375 3391 (lucens,
1391 3314 1446 3394 qui
1463 3316 1553 3377 extra
1575 3330 1707 3394 regnum
1729 3312 1859 3377 Boemie
1874 3313 1906 3376 in
1923 3311 2059 3376 diversis

546 3416 752 3498 generalibus
775 3415 891 3481 studiis
913 3417 1012 3482 multo
1035 3421 1178 3497 tempore
1209 3422 1242 3481 et
1272 3420 1398 3483 demum
1427 3418 1460 3482 in
1490 3416 1596 3481 studio
1627 3416 1800 3481 Parisiensi
1823 3416 1945 3482 dnobus
1968 3415 2059 3480 annis

546 3539 638 3586 sacre
669 3521 786 3604 pagine
815 3521 1021 3587 laudabiliter
1049 3523 1210 3588 insudavit
1240 3528 1273 3587 et
1302 3528 1462 3606 postremo
1497 3524 1528 3587 in
1560 3519 1694 3587 diversis
1729 3521 1934 3587 conventibus
1968 3519 2057 3602 regni

547 3626 680 3691 Boemie
704 3630 737 3690 et
759 3627 944 3708 specialiter
974 3628 1006 3691 in
1030 3633 1186 3691 conventu
1220 3645 1278 3692 suo
1301 3627 1456 3709 Pragensi
1479 3626 1614 3694 eandem
1636 3626 1785 3708 paginam
1807 3626 1885 3708 legit
1900 3626 1933 3689 in
1949 3623 2057 3705 dispu-

548 3730 731 3795 tationibus
755 3736 787 3795 et
810 3733 1008 3796 sermonibus
1031 3731 1180 3796 continue
1209 3730 1380 3795 laborando
1411 3730 1520 3811 sicque
1550 3730 1582 3794 in
1613 3730 1722 3794 eadem
1746 3729 1860 3810 pagina
1882 3728 2057 3812 profecisse

550 3834 757 3915 dignoscitur,
788 3835 872 3916 quod
903 3836 935 3899 in
965 3854 1004 3899 ea
1034 3836 1150 3899 inaruit
1179 3836 1369 3918 magistrari,
1399 3836 1561 3915 tantisque
1591 3834 1724 3898 aliarum
1754 3833 1906 3898 virtutum
1934 3833 2057 3897 meritis

548 3939 659 4019 pollet,
684 3938 802 4020 qnodb)
819 3958 854 4004 se
870 3940 1111 4021 quibuscunque
1127 3940 1299 4005 bonoribus
1316 3940 1443 4021 dignum
1459 3938 1572 4004 reddit.
1598 3938 1704 4017 Quare
1720 3937 1883 4002 humiliter
1898 3936 2057 4020 supplicat

546 4045 632 4109 idem
654 4061 720 4121 rex,
745 4050 902 4125 quatenus
925 4044 1045 4108 dictum
1068 4044 1198 4109 fratrem
1221 4045 1388 4109 Albertum
1404 4049 1468 4109 tam
1484 4044 1667 4109 meritorum
1687 4062 1815 4109 suorum
1838 4061 1933 4125 quam
1953 4042 2057 4123 ipsius

546 4148 634 4229 regis
657 4147 776 4211 intuitu
800 4148 840 4212 ad
863 4167 954 4214 sacre
977 4148 1137 4230 theologie
1160 4167 1346 4230 promovere
1377 4148 1548 4230 dignemini
1579 4148 1808 4229 magistratum,
1840 4147 1901 4212 sibi
1924 4146 2057 4211 eandem

546 4251 697 4334 paginam
719 4251 836 4333 ubique
853 4252 978 4333 legendi
994 4252 1161 4317 licenciam
1178 4253 1381 4317 concedendo
1396 4271 1433 4316 ac
1450 4252 1648 4317 decernendo
1663 4253 1767 4335 ipsum
1783 4252 1922 4335 gaudere
1938 4251 2057 4315 debere

545 4356 694 4420 omnibus
717 4359 751 4419 ct
773 4357 906 4438 singulis
929 4356 1115 4439 privilegiis,
1139 4356 1351 4433 libertatibus
1376 4357 1642 4439 exemptionibus
1666 4356 1838 4422 honoribus
1862 4361 1894 4420 et
1918 4353 2057 4421 condici-

545 4460 672 4537 onibus,
697 4459 812 4540 quibus
835 4462 977 4525 eiusdem
1001 4480 1091 4526 sacre
1114 4460 1305 4542 theologiam
1327 4460 1472 4542 magistri
1495 4460 1649 4526 doctorati
1674 4464 1731 4525 aut
1745 4459 1889 4541 legentes
1912 4460 2056 4526 Parioius

545 4562 789 4645 quomodolibet
809 4564 989 4645 pociuntur,
1013 4583 1083 4627 cum
1107 4566 1252 4629 omnibns
1276 4563 1428 4629 clausulis
1452 4567 1484 4628 et
1514 4583 1577 4629 non
1600 4564 1800 4628 obstantibus
1823 4564 1996 4645 oportunis.
2051 4556 2053 4562 ’

652 4668 861 4732 Examinetur
884 4687 940 4749 per
963 4669 1238 4751 archiepiscopum
1261 4668 1545 4746 Rauentaeensem,
1569 4672 1601 4732 et
1624 4669 1651 4732 si
1675 4669 1717 4732 sit
1733 4667 1904 4744 sufficiens,
1928 4667 2053 4732 licenci-

543 4779 620 4837 etur
643 4791 701 4853 per·
724 4772 858 4836 eundem
881 4771 919 4836 R.

648 4877 732 4941 Item
765 4876 924 4958 supplicat
958 4877 1062 4941 dictus
1096 4896 1162 4961 rex,
1197 4881 1354 4959 quatenus
1389 4877 1507 4941 dictum
1540 4875 1672 4940 tratrem
1710 4875 1875 4940 Albertum
1909 4873 2055 4958 recipere

543 4982 722 5063 dignemini
745 4981 777 5046 in
799 4988 940 5045 vestrum
964 4981 1162 5063 capellanum
1188 4982 1327 5046 honoris.

650 5084 726 5149 Fiat
747 5085 784 5150 R.
808 5086 851 5150 Et
874 5103 905 5167 q.
928 5090 951 5150 t.
975 5103 1000 5149 s.
1024 5104 1052 5149 a.
1076 5085 1096 5149 l.
1120 5085 1194 5149 Fiat
1217 5085 1253 5149 R.
1277 5087 1317 5150 Ι).
1340 5085 1499 5152 Aninione
1521 5083 1563 5147 id.
1586 5082 1675 5147 lunii
1698 5101 1726 5147 a.
1749 5086 1873 5148 octavo.

651 5256 800 5312 Clementis
817 5258 856 5312 VI
874 5257 900 5311 S.
918 5257 1015 5326 vulsa
1033 5261 1088 5326 (19)
1107 5259 1125 5313 f.
1145 5263 1187 5313 26.
1205 5289 1238 5298 -
1257 5257 1309 5312 Ed.
1327 5255 1426 5324 Tadra,
1445 5255 1577 5310 Kulturnl
1594 5254 1679 5324 Styky
1695 5272 1722 5323 p.
1736 5259 1786 5308 282
1804 5272 1831 5309 n.
1844 5262 1868 5308 3.
1889 5285 1922 5295 -
1951 5256 1974 5322 ¹)
1993 5254 2054 5323 ,tai-

537 5346 606 5401 lius‘
626 5343 653 5398 S.
677 5342 700 5409 b)
718 5348 786 5413 ,pro‘
810 5344 836 5399 S.
864 5349 885 5414 ο)
911 5360 982 5400 corr.
1007 5362 1042 5400 ex
1064 5346 1186 5417 ,pagine‘
1210 5344 1237 5399 S.

1197 5556 1405 5570 —
