5184 7050
543 798 607 863 592

544 1007 685 1072 eiusdem
716 1005 887 1070 1116666616
920 1006 1054 1070 66616616
1085 1010 1118 1069 61
1147 1007 1317 1089 presertim
1348 1006 1421 1084 illis,
1457 1006 1572 1088 ‹pribus
1603 1012 1746 1087 caretur,
1784 1008 1874 1090 qrrod
1906 1006 2008 1072 nullus
2027 1010 2051 1073 in

544 1112 654 1177 eadem
678 1110 814 1175 ecelesia
835 1111 986 1175 rneiorem
1002 1111 1104 1193 possit
1118 1110 1262 1175 obtinere
1288 1109 1491 1193 prebendam,
1519 1109 1579 1174 nisi
1595 1111 1684 1193 prius
1708 1111 1871 1176 minorem
1893 1112 2052 1177 obtinuerit

547 1221 580 1282 ot
601 1216 757 1300 gradatim
781 1215 820 1280 ad
844 1216 993 1281 maiorem
1018 1214 1201 1281 ascenderit
1223 1215 1256 1280 in
1278 1214 1400 1280 eadem.

649 1337 723 1404 Fiat
745 1336 783 1401 R.

652 1458 672 1523 J
676 1459 774 1524 acobo
790 1458 830 1522 de
846 1457 1032 1536 Watwille1·,
1056 1460 1209 1525 canonico
1233 1458 1416 1537 Basilieusi,
1433 1458 1474 1522 de
1490 1458 1643 1523 beneficio
1663 1457 1893 1523 ecclesiastico
1909 1478 1980 1524 enin
1995 1479 2056 1524 6666

547 1563 597 1627 vel
632 1564 700 1628 sine
731 1582 815 1642 cura,
851 1567 1015 1645 spectante
1045 1563 1086 1627 ad
1116 1563 1329 1642 eollacionem,
1365 1563 1576 1645 provisionem
1607 1562 1656 1626 vel
1686 1561 1786 1627 aliam
1821 1563 2054 1645 disposicionem

547 1668 708 1733 abbatisse
731 1674 765 1732 et
787 1673 960 1733 conventus
982 1669 1167 1732 monasterii
1192 1667 1292 1732 Vallis
1312 1666 1464 1745 Maeonis,
1481 1667 1601 1731 ordinis
1624 1668 1727 1731 sancti
1751 1668 1940 1745 Benedicti,
1956 1668 2054 1733 llssili·

550 1772 635 1836 ensis
658 1772 805 1851 diocesis,
828 1791 890 1837 non
913 1772 1068 1851 obstante,
1093 1773 1176 1854 qnod
1201 1774 1232 1837 16
1257 1771 1426 1837 Basiliensi
1450 1772 1538 1837 etin
1561 1772 1664 1837 sancti
1686 1772 1844 1852 Vrsicini,
1876 1772 2051 1838 Basiliensis

552 1875 696 1955 diocesis,
720 1876 866 1942 ecclesiis
890 1878 1094 1941 canonicatus
1117 1881 1151 1941 et
1172 1876 1355 1959 prebendas
1377 1876 1520 1941 uescitur
1541 1877 1693 1941 obtinere.

654 1998 725 2062 Fiat
748 2004 781 2063 et
803 2002 911 2063 cetera
934 1997 971 2062 R.

655 2120 749 2184 Petro
772 2118 930 2185 Gerhardi
953 2119 1053 2201 Nigri,
1078 2120 1192 2184 clerico
1216 2119 1379 2201 Prageusi,
1402 2120 1525 2185 notario
1557 2137 1623 2199 suo,
1654 2118 1693 2184 116
1725 2121 1890 2185 bene-ticio
1919 2119 2049 2184 ecclesie·

553 2225 632 2289 stico
656 2243 726 2290 cnm
749 2244 826 2289 cura
847 2224 898 2288 vel
921 2224 989 2289 sine
1013 2243 1099 2302 6666,
1131 2229 1297 2307 spectante
1329 2225 1370 2289 ad
1402 2225 1605 2290 collationem
1637 2224 1806 2289 abbatisse
1836 2232 1872 2289 et
1894 2234 2047 2290 consentes

552 2328 733 2393 monasterii
758 2328 858 2393 sancti
882 2328 1011 2411 Georgii
1034 2330 1066 2393 in
1089 2334 1194 2394 castro
1207 2330 1370 2413 Progensi
1395 2329 1602 2395 cenmmuiter
1623 2327 1672 2393 vel
1697 2329 1842 2407 divisim
1867 2348 2042 2395 66616666-

552 2432 692 2511 vacione,
716 2433 939 2514 666661661666
962 2440 1021 2498 616.

655 2555 728 2619 Fiat
751 2554 786 2619 a.

656 2676 794 2742 Hemico
818 2679 857 2742 de
879 2678 1019 2756 Brunca,
1044 2678 1159 2743 clerico
1183 2677 1404 2743 Olonmcensis
1427 2677 1572 2753 «lienosis,
1600 2675 1728 2740 6111616611
1754 2675 1925 2759 Progensi,
1948 2678 1985 2743 de
2003 2696 2040 2743 6-

552 2781 700 2846 nonicatu
725 2781 859 2845 ecclesie
881 2782 1052 2865 Pragensis
1074 2802 1143 2847 cum
1168 2783 1391 2849 reservacione
1419 2779 1578 2863 prebende
1610 2779 1641 2843 in
1665 2798 1704 2845 66
1728 2782 1881 2847 vernantis
1905 2782 2043 2847 661666-

552 2887 1066 2969 1666,6616666661661666616..
1098 2906 1159 2951 666
1192 2888 1349 2965 obstante,
1381 2886 1464 2969 66661
1497 2885 1717 2949 canonicatum
1750 2889 1786 2949 et
1812 2886 2002 2968 prebendam
2019 2905 2042 2947 6

554 2989 729 3055 custodiam
754 2990 887 3057 ecclesie
911 2991 1130 3057 olomucensis
1162 3011 1198 3056 uc
1228 2991 1458 3074 parrochialem
1489 2989 1654 3055 ecelesiam
1685 2988 1717 3053 in
1750 2988 1839 3067 Neli,
1868 2989 2044 3057 Pataniends

555 3093 702 3174 diocesis,
725 3096 867 3161 noscitur
889 3096 1042 3161 obtinere.

659 3216 732 3282 Fiat
753 3216 790 3282 R.

657 3337 1242 3421 1666166,6616666661666161666616
1274 3339 1314 3403 de
1343 3339 1577 3417 Tusclmowicn,
1609 3338 1761 3411 canonia)
1797 3339 1939 3405 ecclesie
1967 3337 2046 3403 sandi

555 3442 641 3507 Petri
666 3443 696 3507 in
719 3443 858 3521 Brnunn,
883 3441 1104 3509 Olomucensis
1128 3444 1274 3524 diocesis,
1306 3444 1345 3509 de
1377 3443 1529 3509 beneticio
1560 3443 1780 3509 ecclesiastico
1814 3464 1888 3509 cum
1920 3462 1992 3511 cura
2013 3439 2046 3505 661

525 3621 528 3626 ⁴
555 3548 624 3612 sine
650 3566 734 3626 cura,
759 3548 858 3613 eciam
881 3549 908 3613 si
932 3548 1079 3632 dignitas,
1103 3554 1293 3631 personatus
1325 3548 1375 3613 rel
1398 3548 1537 3613 osticium
1561 3549 1686 3626 existat,
1714 3555 1889 3630 spectante
1913 3547 2046 3614 66166116·

554 3652 685 3731 cionem,
726 3653 998 3734 presentacionem
1037 3672 1093 3719 seu
1125 3654 1218 3719 aliam
1250 3652 1395 3737 quamvis
1433 3652 1677 3736 disposicionem
1711 3652 1872 3736 episcopi,
1907 3651 2047 3736 prepositi

555 3755 667 3822 decani
690 3760 723 3820 et
746 3756 888 3839 capituli,
912 3757 943 3822 in
968 3758 1112 3837 ecclesia,
1144 3758 1273 3823 civitate
1305 3777 1360 3823 666
1393 3759 1512 3824 diocesi
1544 3759 1748 3824 Olemuccnsi
1780 3759 1991 3823 communiter
2012 3753 2046 3817 rel

556 3860 680 3924 divisim
705 3866 835 3925 vacante
860 3862 910 3926 vel
934 3867 1094 3940 vacaturo,
1118 3882 1188 3928 cum
1212 3864 1434 3929 reservacione
1457 3867 1529 3941 etc,
1553 3864 1799 3940 nonobstante,
1825 3863 1912 3944 quod
1937 3864 1969 3927 16
1982 3861 2044 3926 dictu

530 3965 691 4030 ’66616616
714 3965 816 4030 666611
839 3966 926 4031 Petri
950 3968 981 4031 16
1003 3967 1134 4033 Brnnna
1157 3968 1379 4033 canonicatum
1403 3973 1436 4032 et
1458 3966 1650 4050 prebendam
1673 3968 1821 4033 noscitur
1845 3967 1996 4032 obtinere.

661 4086 733 4153 Fiat
756 4094 816 4153 etc.
840 4088 876 4152 R.

662 4208 817 4288 Conrado,
853 4217 927 4276 nato
950 4213 1065 4277 nobilis
1088 4212 1198 4279 militis
1221 4218 1255 4276 et
1277 4211 1449 4277 consiliarii
1480 4212 1530 4275 661
1559 4210 1717 4277 Burkardi
1757 4210 1800 4274 de
1833 4210 1993 4276 Monncbis
2015 4205 2041 4268 de

558 4312 698 4390 Basilea,
723 4316 873 4380 66666166
896 4316 1077 4394 basiliensi,
1095 4317 1135 4381 de
1152 4318 1339 4382 canonicatu
1356 4324 1389 4382 et
1404 4316 1566 4399 prebenda
1588 4315 1723 4381 ecclesie
1747 4315 1923 4396 Spirensis,
1940 4321 2041 4378 666666·

556 4417 640 4499 apud
673 4419 878 4500 apostolicam
910 4420 1017 4485 sedem
1048 4440 1105 4503 per
1135 4420 1265 4487 liberam
1296 4422 1545 4504 resignaciouem
1576 4420 1692 4485 domini
1720 4418 1892 4497 lobannis,
1926 4413 2037 4501 66166661

557 4521 745 4603 Tridentini,
769 4525 823 4606 qui
847 4524 918 4590 illos
942 4545 981 4590 ex
1004 4525 1246 4607 dispensacione
1269 4526 1355 4591 sedis
1378 4525 1553 4608 apostolice
1577 4525 1752 4602 obtinebat,
1770 4515 2037 4589 166666166611.

560 4632 674 4708 sponte
696 4627 812 4693 factam
835 4635 868 4694 et
891 4649 948 4712 per
971 4630 1000 4696 S.
1026 4631 1063 4695 V.
1088 4632 1267 4709 admissam,
1299 4649 1360 4695 non
1391 4629 1549 4708 obstante,
1580 4627 1664 4710 qued
1687 4628 1912 4694 canonicatum
1934 4621 2037 4692 ecclesie
2085 4633 2087 4678 i

559 4730 747 4797 Basiliensis
771 4733 829 4797 sub
853 4735 1078 4815 expectaeione
1103 4735 1262 4818 prebende
1286 4736 1429 4800 noscitur
1451 4734 1604 4799 obtinere.

665 4870 1048 4953 11616166666661111.
1087 4872 1374 4954 11161661.
1414 4871 1544 4937 116111.
1586 4871 1630 4936 Et
1653 4870 1722 4934 siue
1746 4872 1902 4936 exarnine.
1936 4870 1992 4934 liet
2008 4862 2030 4925 ll-

561 4974 598 5038 Ι).
625 4975 781 5039 Auinione
804 4976 853 5042 llI
878 4976 918 5040 id.
942 4976 1141 5043 lanuariia.
1165 4978 1310 5059 septimo.

664 5162 813 5220 Clementis
833 5163 869 5218 v1
888 5167 914 5218 S.
933 5165 1011 5234 Vllp'a
1030 5169 1086 5234 (lo)
1105 5164 1123 5217 1.
1147 5172 1201 5219 tos.
