5184 7050
552 771 620 890 ero

552 1029 637 1094 clare
660 1027 809 1093 memorie
832 1026 972 1104 ilenrici,
995 1025 1099 1090 ultimi
1122 1025 1333 1089 Rornanorum
1357 1025 1568 1106 imperatoris,
1599 1025 1684 1092 dioto
1708 1026 1883 1104 Ludouioo,
1918 1027 1969 1108 qui
1991 1025 2042 1090 dis·

550 1133 690 1198 corditer
713 1132 744 1194 in
767 1149 874 1212 regem
896 1130 1108 1195 Romanorum
1131 1128 1331 1210 postmodum
1354 1129 1453 1193 luisse
1477 1130 1643 1194 dicebatur
1667 1129 1798 1208 electus,
1835 1137 1964 1211 propter
1985 1150 2045 1212 pre·

551 1237 654 1302 dictos
684 1241 717 1299 et
740 1235 820 1300 alios
850 1253 963 1316 graves
994 1253 1145 1299 excessus
1175 1240 1208 1299 et
1231 1235 1363 1298 crimino
1396 1233 1588 1297 detestanda
1618 1234 1708 1297 orario
1738 1235 1817 1312 iure,
1853 1234 1881 1297 si
1912 1234 1991 1316 quod
2012 1253 2045 1298 ex

551 1341 710 1405 eleccione
733 1339 878 1421 predicta
900 1339 959 1403 sibi
983 1337 1023 1402 ad
1046 1357 1175 1421 regnum
1199 1338 1249 1402 vel
1272 1337 1439 1418 imperium
1462 1341 1642 1417 competere
1663 1342 1797 1418 poterat,
1821 1337 1910 1402 iusto
1934 1337 2046 1419 privato

551 1445 668 1509 iudicio
691 1463 729 1508 ac
752 1445 792 1508 de
814 1443 949 1507 diversis
971 1442 1137 1507 heresibus
1161 1447 1194 1506 et
1218 1441 1432 1518 scismatibus,
1460 1443 1575 1522 quihus
1599 1460 1634 1505 se
1657 1442 1788 1507 involvit
1811 1447 1845 1505 et
1868 1440 2047 1523 culpabilem

550 1549 718 1614 uraniieste
740 1547 888 1626 reddidit,
912 1546 1148 1611 sentencialiter
1171 1548 1411 1626 condempnata,
1433 1545 1589 1609 hactenus
1612 1565 1720 1610 secum
1742 1546 1817 1611 tulit
1841 1551 1874 1610 et
1897 1546 2003 1623 ferret,
2025 1547 2046 1611 oi

551 1650 732 1717 differretur
754 1652 900 1730 ulterius,
923 1651 1033 1734 procul
1056 1652 1152 1715 dubio
1176 1650 1339 1732 ampliora,
1362 1670 1419 1732 pro
1443 1649 1602 1714 eleccione
1626 1650 1665 1714 de
1688 1669 1763 1733 rege
1784 1649 1998 1732 promovendo
2021 1651 2045 1713 iu

551 1756 774 1837 imperatorem
797 1756 997 1837 postmodum
1020 1756 1188 1820 convenire
1204 1754 1243 1818 ad
1259 1772 1393 1834 eamque
1412 1752 1569 1817 dilacione
1585 1753 1712 1817 sublata
1733 1771 1861 1817 morosa
1886 1752 2045 1833 procedere

551 1861 717 1925 amaretis
742 1861 824 1925 Saue
847 1879 917 1924 cum
941 1858 1073 1923 multum
1098 1859 1143 1922 rei
1166 1859 1294 1940 publice
1318 1858 1449 1922 utilitati
1470 1857 1628 1938 expediat
1652 1855 1736 1939 quod
1758 1858 1809 1921 vir
1827 1862 1988 1934 strenuus,
2003 1857 2046 1919 de

550 1971 653 2043 votus,
678 1964 853 2029 catholicus
876 1967 911 2027 et
932 1962 1045 2040 tidelis,
1069 1963 1119 2027 cui
1135 1981 1192 2026 nos
1208 1968 1241 2027 et
1256 1962 1393 2027 ecclesia
1417 1962 1559 2026 ltonrana
1579 1968 1728 2043 tanquam
1752 1960 1887 2043 speciali
1907 1962 2045 2025 advocato

551 2073 585 2133 et
607 2068 765 2133 ileferraori
792 2067 934 2131 eiusdem
963 2067 1099 2131 ecclesie
1129 2067 1301 2131 debeamus
1330 2065 1456 2130 favores
1486 2071 1519 2129 et
1548 2066 1672 2148 gracias
1702 2066 1870 2147 impertiri,
1908 2066 1947 2128 ad
1977 2065 2044 2128 tanti

550 2172 694 2236 culminis
717 2171 834 2236 fastum
858 2177 1047 2248 assumatur,
1071 2175 1104 2235 et
1120 2171 1203 2235 iuter
1225 2176 1349 2234 eeteros
1372 2171 1532 2251 principes
1548 2176 1580 2234 et
1594 2175 1761 2252 magnates
1784 2188 1895 2234 earum
1911 2170 2040 2251 parcium

550 2276 580 2339 d.
604 2274 625 2340 l.
649 2274 785 2339 nobilem
807 2275 909 2340 virum
933 2274 1091 2354 Carolum,
1115 2275 1359 2357 primogenitum
1390 2274 1546 2338 carissimi
1570 2274 1601 2338 in
1626 2274 1753 2339 Christo
1785 2272 1807 2338 f.
1835 2293 1866 2337 u.
1890 2272 2041 2348 iohannis,

549 2380 633 2461 regis
655 2380 786 2444 Boomie
808 2378 951 2457 illustria,
985 2378 1198 2443 marchionem
1233 2378 1387 2455 Marouie,
1423 2379 1554 2443 attentis
1584 2378 1693 2442 multis
1724 2377 1909 2457 virtutibus,
1943 2377 2040 2459 quibus

550 2484 653 2564 ipsum
676 2481 839 2548 decoravit
862 2482 1046 2556 altissimus
1081 2482 1121 2546 ad
1143 2482 1203 2546 hoc
1225 2488 1334 2562 aptum
1357 2487 1391 2546 et
1413 2482 1560 2546 idoneum
1583 2482 1781 2561 extimemus,
1805 2486 1972 2562 acceptum
1992 2480 2038 2543 deo

550 2592 584 2651 et
606 2587 777 2669 expediens
800 2586 966 2665 utilitati-t
989 2586 1115 2667 publice
1138 2586 1339 2650 crederemus
1362 2605 1400 2650 ac
1422 2587 1513 2651 uobis
1536 2592 1569 2650 et
1591 2586 1765 2668 apostolice
1796 2585 1866 2650 sedi
1890 2585 2037 2649 admodum

551 2690 659 2772 procul
684 2691 779 2755 dubio
802 2695 926 2773 gratum
949 2696 1044 2769 esset,
1068 2691 1096 2754 si
1119 2690 1263 2771 prelatus
1286 2691 1425 2754 marchio
1450 2692 1481 2755 iu
1503 2710 1610 2773 regern
1633 2689 1881 2773 promovendum
1905 2691 1936 2754 in
1959 2691 2037 2770 impe

549 2800 687 2858 retorem
708 2793 918 2859 Romanorum
942 2793 1141 2875 postmodum
1164 2799 1355 2859 assumatur.
1403 2796 1558 2883 erocirca
1584 2793 1819 2859 fraternitatem
1844 2799 1931 2858 tuam
1953 2793 2035 2874 plenis

549 2897 713 2964 affectibus
736 2899 953 2980 deprecamur,
987 2904 1145 2980 quatenus
1176 2899 1217 2963 ad
1240 2898 1431 2963 eleccionem
1461 2899 1501 2962 de
1524 2899 1595 2979 ipso
1617 2897 1800 2964 marchione
1833 2898 2034 2964 celebrandam

549 3003 692 3084 operosis
714 3001 880 3067 affectibus
910 3007 942 3067 et
965 3001 1130 3067 effectibus
1162 3003 1326 3066 intendere
1354 3002 1483 3068 studeas
1511 3002 1689 3084 diligenter,
1724 3004 1875 3081 sciturus,
1910 3002 1989 3085 quod
2006 3019 2033 3064 er

549 3105 608 3170 hoc
630 3111 738 3188 preter
760 3105 936 3170 mercedem
959 3106 1107 3187 perennis
1129 3107 1252 3188 premii,
1276 3107 1361 3187 quod
1381 3107 1456 3171 inde
1479 3108 1661 3186 mereberis,
1692 3112 1833 3172 nostram
1856 3112 1890 3171 et
1912 3107 2031 3171 eiusdem

549 3210 635 3275 sedis
663 3211 802 3292 graoiaun
832 3209 891 3273 tibi
920 3209 1045 3292 plenius
1075 3215 1108 3274 et
1130 3211 1260 3274 uberius
1291 3211 1482 3276 vendicabis
1521 3213 1559 3275 D.
1584 3215 1619 3274 ut
1642 3229 1666 3275 s.
1703 3211 1877 3297 [huinione
1900 3211 1965 3275 llll
1983 3207 2030 3274 lal

549 3314 626 3379 Maii
650 3334 679 3379 a.
703 3312 876 3397 quarto.]¹)

649 3419 731 3483 ltem
756 3419 787 3482 in
810 3436 838 3481 e.
861 3436 901 3481 ιιι.
924 3436 953 3482 v.
977 3417 999 3482 f.
1018 3417 1192 3496 Baldwino,
1208 3417 1448 3500 archiepiscopo
1465 3417 1666 3497 Treuereusi,
1683 3417 1821 3482 salutem
1837 3424 1898 3484 eto.
1923 3419 1959 3483 D.
1972 3423 2030 3481 ιιι.

649 3524 730 3588 Item
753 3524 785 3587 in
808 3542 836 3587 e.
859 3541 899 3586 m.
923 3521 1020 3587 nobili
1050 3524 1117 3587 viro
1149 3520 1323 3602 ltodolpho,
1357 3523 1429 3587 duci
1459 3521 1604 3600 Saxonie,
1639 3521 1786 3603 spiritum
1810 3529 1871 3589 etc.
1907 3525 1944 3588 D.
1965 3528 2028 3586 uts

648 3628 730 3692 Item
753 3629 786 3692 in
808 3646 836 3691 e.
852 3646 892 3691 m.
917 3626 1015 3691 nobili
1038 3628 1104 3691 uiro
1122 3678 1128 3691 .
1146 3678 1153 3691 .
1171 3627 1278 3691 comiti
1292 3626 1439 3691 Palatino
1456 3626 1545 3704 Itoni,
1569 3626 1641 3690 duci
1661 3627 1809 3706 Bouarie,
1833 3635 1907 3710 post
1921 3627 2027 3692 cerbon

439 3722 443 3730 ’
544 3736 594 3798 te:
622 3732 668 3813 ,si
689 3736 722 3796 et
743 3732 776 3796 in
798 3735 950 3813 quantum
972 3730 1013 3793 ad
1035 3736 1068 3796 te
1090 3731 1313 3813 pertinuerit“,
1336 3732 1482 3812 spiritum
1505 3736 1564 3796 etc.
1611 3733 1650 3795 D.
1675 3737 1711 3795 ut
1732 3749 1758 3794 s.

652 3920 801 3974 Clementis
819 3919 856 3972 vl
874 3919 907 3973 V.
928 3924 976 3972 130
989 3923 1069 3983 (secr.
1082 3933 1106 3970 a.
1119 3918 1168 3985 IV)
1182 3935 1209 3971 ιι.
1224 3924 1401 3972 rosh—1092.
1421 3917 1487 3986 Reg.
1506 3917 1640 3987 Raynald‚
1659 3918 1784 3990 Annales
1802 3920 1871 3973 eccl.
1890 3918 1924 3974 ad
1940 3933 1962 3972 ι
1979 3920 2027 3969 last

546 4007 621 4076 §3⁰2
650 4005 734 4059 GDM.
753 4005 803 4059 v11
822 4023 848 4059 n.
867 4010 925 4059 obl.
945 4005 1031 4058 ΚΒΜ.
1049 4004 1088 4057 lV
1106 4021 1132 4056 ιι.
1154 4010 1228 4057 lact.
1248 4006 1280 4058 d.
1304 4004 1434 4072 Schmidt,
1459 4005 1562 4072 l'itpstl.
1586 4005 1657 4060 auk.
1681 4005 1738 4059 und
1760 4005 1907 4075 Regestem
1925 4007 1937 4059 l
1952 4022 1975 4074 p.
1990 4008 2027 4055 362

547 4109 573 4146 ιι.
602 4100 644 4158 9⁸,
668 4091 760 4147 Vatik.
785 4092 876 4146 Aleten
902 4109 928 4145 n.
953 4097 1030 4158 2258,
1050 4091 1144 4144 lluhcr
1162 4098 1212 4144 503
1231 4108 1256 4143 ιι.
1276 4098 1300 4143 ⁶2.
1320 4123 1352 4130 —
1380 4096 1403 4159 ι)
1428 4092 1563 4160 sequitur:
1593 4092 1660 4159 ,rei‘,
1685 4092 1733 4146 sed
1758 4094 1939 4149 cancellatum
1956 4092 1982 4145 l'.
2004 4119 2027 4129 -

550 4180 570 4247 ¹)
592 4183 658 4231 1346
675 4179 780 4247 Aprilis
801 4185 841 4233 1³.
878 4181 899 4244 ¹)
917 4178 992 4233 utin
1012 4178 1043 4232 V.
1064 4185 1113 4232 139
1132 4196 1158 4232 ιι.
1181 4182 1253 4231 1088.

547 4612 638 4677 630.
681 4611 841 4675 Mindensi
872 4615 903 4674 et
933 4610 1170 4675 Padebameasi
1202 4612 1357 4693 episeopis
1387 4633 1426 4677 aa
1455 4612 1613 4676 sacristae
1649 4613 1801 4679 ecclesiae
1830 4612 2028 4681 Aetnaeae

545 4714 728 4795 mandatur,
752 4719 907 4796 quatema
933 4716 1120 4780 Theoderico
1143 4716 1181 4778 de
1210 4714 1399 4796 Waldeck,·)
1423 4720 1496 4780 oato
1518 4716 1678 4798 quondam
1702 4719 1845 4795 Hearict',
1869 4715 2029 4784 comitisde

555 4816 735 4897 balmeta)
760 4817 869 4882 elerico
886 4820 1100 4899 hlopaotiaae
1123 4818 1255 4882 diocesis
1277 4823 1307 4881 a
1323 4820 1550 4899 consonpaioeo
1571 4820 1741 4896 Jotannts,
1765 4823 1850 4903 repis
1872 4822 2028 4890 Bobemioe,

546 4921 590 4984 ad
611 4922 873 5004 supplicationem
896 4923 1032 4985 aliodem
1054 4923 1138 5002 repis
1155 4924 1176 5003 ¹)
1207 4923 1427 4988 caaoaicataut
1458 4929 1487 4987 et
1516 4925 1733 5006 praebendam
1755 4928 1791 4991 io
1812 4927 1942 4993 ecclesia
1963 4923 2028 4991 Ode

544 5025 647 5088 aieret
668 5030 819 5090 vaccantes
841 5030 1007 5105 conserant
1030 5030 1059 5088 ct
1083 5028 1254 5108 assipoent.
1301 5028 1353 5104 ,D.
1377 5025 1535 5091 Auinioae
1559 5030 1637 5094 IIII
1663 5028 1727 5094 Ital.
1753 5030 1841 5096 Maii
1863 5053 1893 5097 a.
1916 5033 2027 5114 caurio!

1125 5131 1239 5193 Fomou
1262 5134 1298 5193 ut
1320 5132 1355 5193 ia
1377 5152 1407 5196 o.
1433 5134 1483 5196 79.

1509 5235 1785 5313 Aoiaioae,1346
1808 5238 1932 5324 Aprilis
1952 5240 1997 5304 28.

649 5438 799 5492 Clementis
818 5439 855 5491 Vl
873 5441 906 5492 Λ.
920 5438 983 5508 lVll
1001 5442 1056 5507 (82)
1070 5437 1086 5490 i.
1100 5438 1152 5502 222
1166 5435 1200 5491 de
1219 5436 1359 5491 beneflciis
1378 5439 1537 5493 vacantibus
1555 5455 1601 5507 qu.
1623 5444 1662 5507 18,
1681 5441 1793 5497 rubrica
1812 5442 1874 5498 sola
1893 5447 2032 5513 (quaternus

546 5523 663 5590 deheim
681 5525 789 5579 litterae
808 5527 836 5580 in
856 5526 887 5579 V.
909 5531 957 5579 170
976 5525 993 5579 f.
1013 5531 1062 5577 413
1082 5542 1106 5577 ιι.
1127 5530 1185 5576 663.
1206 5555 1238 5562 -
1265 5526 1287 5590 ¹¹)
1308 5524 1495 5590 ,Waldecken‘
1514 5528 1547 5578 A.
1574 5528 1600 5593 t)
1619 5526 1812 5595 ,Waldeclreu‘
1837 5532 1870 5585 Α.
1898 5563 1926 5571 -
1946 5533 1965 5596 ¹)
1981 5531 2033 5583 huot

543 5611 708 5679 supplicatio
726 5629 780 5665 uou
800 5619 842 5666 est
861 5619 978 5680 reperta.
