5184 7050
547 832 606 903 ins

544 1064 629 1109 nere.
653 1043 841 1109 Huiusmodi
865 1051 972 1106 antem
995 1041 1238 1123 decimamque
1260 1059 1317 1123 per
1339 1061 1395 1105 vos
1419 1048 1453 1106 et
1466 1041 1490 1121 ²)
1515 1043 1721 1106 assumendos
1744 1041 1903 1125 predictos
1924 1052 2057 1125 recepta

545 1157 579 1215 ot
601 1149 734 1214 collecta
757 1149 909 1226 extiterit,
934 1153 967 1211 et
989 1146 1076 1211 illam
1099 1148 1209 1225 eciam,
1237 1166 1332 1227 quam
1362 1146 1401 1210 de
1431 1148 1547 1211 vestris
1577 1148 1754 1213 redditibus
1784 1154 1818 1213 et
1847 1148 2054 1230 proventibus

545 1254 743 1336 persolvetis,
767 1272 838 1318 cum
867 1257 997 1333 recepta
1028 1258 1061 1316 et
1083 1251 1216 1317 collecta
1238 1252 1382 1315 extiterit
1403 1251 1554 1333 vobisque
1578 1271 1635 1333 per
1657 1252 1739 1332 illos,
1762 1270 1841 1334 quos
1864 1253 1906 1317 ad
1931 1253 1992 1317 hoc
2014 1258 2051 1316 nt

546 1360 740 1441 premittitur
770 1356 976 1421 assumendos
1007 1356 1171 1435 vinxeritis,
1203 1357 1374 1436 assignata,
1406 1355 1522 1437 singuli
1553 1363 1693 1421 vestrum
1722 1375 1786 1421 una
1820 1376 1890 1422 cum
1914 1356 2054 1438 capitulo

546 1484 603 1529 suc
636 1461 828 1527 catlrodralis
862 1461 996 1526 ecclesie
1030 1461 1112 1525 infra
1146 1460 1314 1525 ecclesiam
1345 1462 1446 1541 ipsam
1477 1467 1533 1524 aut
1555 1461 1641 1540 alibi,
1665 1465 1760 1543 prout
1781 1462 1881 1542 magis
1904 1461 2056 1542 expedire

547 1569 740 1648 convenerit,
763 1568 795 1631 in
818 1566 924 1647 aliquo
949 1565 1126 1630 decenciori
1150 1571 1183 1629 et
1204 1566 1319 1630 tuciori
1344 1564 1411 1629 loco
1434 1565 1606 1646 repositam
1629 1566 1696 1629 suis
1730 1571 1763 1629 et
1792 1566 1892 1647 ipsius
1922 1564 2055 1647 capituli

547 1673 696 1755 expensis
719 1672 840 1738 faciant
862 1669 1031 1752 diligenter·
1053 1675 1087 1733 et
1109 1669 1247 1734 lidelitcr
1269 1670 1432 1736 crrstorliri,
1457 1688 1515 1750 per·
1537 1669 1666 1734 eosdem
1689 1669 1830 1752 singulos
1844 1674 1986 1735 vestrum
2010 1668 2056 1732 illi

546 1778 596 1842 vel
620 1778 692 1853 illis,
717 1795 811 1858 quem
834 1774 883 1838 vel
908 1793 986 1856 qnos
1009 1774 1049 1838 ad
1072 1774 1104 1837 id
1127 1773 1344 1855 deputandum
1371 1791 1427 1837 seu
1459 1773 1659 1855 deputandos
1689 1774 1882 1852 (luxerimus,
1906 1781 2001 1856 prout
2024 1781 2057 1837 et

548 1881 673 1964 quando
704 1881 793 1944 nobis
823 1879 992 1957 videbitur,
1023 1879 1245 1958 assignandam
1277 1897 1315 1942 ac
1346 1879 1377 1941 in
1409 1880 1635 1959 prosecncione
1665 1878 1741 1943 dicti
1771 1879 1895 1961 negocii
1918 1883 1951 1942 et
1974 1877 2056 1942 alias

548 1993 658 2050 eontra
681 1983 825 2048 infideles
848 1989 882 2047 et
904 1984 1046 2047 inimicos
1069 1982 1212 2047 eiusdem
1234 1981 1310 2047 fidei
1333 1982 1586 2046 connectendam.
1611 1983 1644 2048 Si
1666 2002 1752 2061 vero,
1776 1983 1860 2064 qnod
1883 1983 1977 2061 absit,
2002 1982 2057 2046 de-

548 2092 659 2155 cimam
690 2090 791 2170 ipsam
820 2094 927 2151 vestre
957 2092 993 2150 nt
1022 2086 1182 2167 prefertur·
1211 2087 1411 2150 commissam
1438 2087 1583 2150 custodie
1605 2086 1657 2151 vel
1680 2088 1749 2151 eius
1771 2092 1893 2169 partem
1916 2085 2056 2167 aliquam

547 2196 578 2258 in
602 2211 678 2258 usns
701 2192 780 2256 alios
804 2193 945 2256 converti
967 2192 1137 2272 contigerit
1158 2195 1214 2254 aut
1236 2189 1473 2272 quomodolibet
1495 2192 1653 2271 usurpari,
1677 2209 1731 2254 eos
1755 2209 1793 2255 cx
1816 2192 1905 2255 vobis
1928 2198 1962 2254 et
1991 2190 2056 2253 sin-

548 2298 710 2376 gularibus
733 2298 832 2361 eciam
855 2296 1000 2377 personis
1023 2293 1234 2376 capitulorum
1257 2300 1445 2373 vestrorum,
1470 2296 1524 2375 qui
1547 2293 1723 2375 culpabiles
1747 2296 1776 2360 in
1800 2296 1859 2359 lroc
1882 2294 2057 2370 extiterint,

549 2401 883 2467 exconnrrnnicacionis
917 2400 1112 2464 sentenciam
1146 2401 1307 2463 incurrere
1341 2399 1486 2463 volumus
1520 2400 1589 2480 ipso
1623 2400 1718 2463 laeto.
1763 2400 1916 2466 Preterea
1945 2418 1986 2463 ne
2017 2398 2059 2461 de

548 2513 684 2585 moneta,
708 2506 739 2569 irr
763 2524 826 2585 qna
848 2505 968 2569 solucio
992 2503 1115 2585 prefate
1138 2504 1260 2567 decime
1282 2502 1339 2567 liet
1361 2509 1395 2567 et
1417 2503 1486 2567 lieri
1510 2503 1647 2581 debebit,
1671 2504 1781 2567 valeat
1801 2503 1935 2568 hesitari
1955 2502 2059 2566 viten-

548 2616 663 2691 tnrqne
686 2610 879 2689 gravamina,
904 2627 965 2689 qne
989 2613 1119 2689 propter
1141 2608 1199 2671 lroc
1222 2608 1281 2671 viri
1305 2608 1517 2672 ecclesiastici
1541 2608 1608 2688 pati
1631 2614 1770 2689 possent,
1795 2608 1948 2683 volumus
1972 2605 2058 2688 quod

551 2716 673 2779 decima
705 2715 774 2795 ipsa
805 2731 861 2794 per·
890 2730 946 2775 rios
977 2712 1027 2775 vel
1059 2712 1265 2776 assumendos
1297 2712 1338 2776 ad
1360 2712 1419 2776 hoc
1442 2732 1461 2776 a
1483 2712 1572 2776 vobis
1595 2710 1719 2776 levetur
1742 2712 1782 2776 ad
1804 2717 1963 2776 monetam
1987 2729 2059 2774 cur·

550 2826 671 2883 rentem
695 2818 901 2881 communiter·
924 2822 1075 2897 ternpore,
1100 2835 1161 2897 quo
1186 2818 1285 2898 ipsius
1308 2816 1429 2880 solacio
1451 2816 1597 2882 facienda
1619 2817 1726 2896 inerit,
1743 2822 1776 2879 et
1791 2817 1891 2881 eciam
1910 2815 2059 2896 exigatur

551 2923 639 2986 iusta
663 2923 922 2986 constitucionem
946 2939 1042 3002 super
1064 2921 1123 2984 hoc
1145 2921 1263 2985 editam
1287 2922 1319 2983 in
1342 2920 1475 2985 concilio
1501 2921 1684 2999 Viennensi,
1715 2921 1760 2985 ita
1792 2920 1876 3002 quod
1905 2923 2057 3002 pretextu

550 3027 682 3091 alterius
716 3027 829 3091 cambii
863 3025 1023 3089 debitores
1057 3031 1090 3089 ct
1123 3024 1280 3090 solutores
1315 3025 1399 3090 dicte
1432 3024 1553 3088 ‹lecime
1587 3044 1647 3089 non
1677 3030 1866 3106 graventnr;
1897 3024 2057 3105 adquam

551 3132 743 3195 solucionem
766 3130 907 3193 eiusdem
929 3134 1055 3193 monete
1078 3130 1236 3193 currentis
1260 3148 1412 3210 personas
1435 3128 1668 3193 ecclesiasticas
1691 3134 1869 3194 vestrarum
1892 3128 2059 3193 civitatum

552 3236 586 3298 et
608 3236 779 3300 diocesiurn
803 3241 893 3298 extra
916 3234 1062 3297 civitates
1085 3237 1118 3296 et
1140 3233 1283 3297 dioceses
1307 3233 1479 3297 earundem
1502 3233 1678 3298 faciendam
1701 3234 1845 3298 volumus
1868 3251 1929 3296 non
1944 3231 2058 3296 teneri.

553 3340 681 3405 Prolata
704 3340 803 3403 eciam
827 3338 949 3401 ‹lecinra
973 3338 1118 3418 exigatur·
1141 3358 1160 3402 a
1183 3338 1327 3419 personis
1347 3338 1573 3403 ecclesiasticis
1589 3338 1779 3418 supradictis
1796 3344 1829 3402 et
1843 3357 1902 3420 per
1916 3342 2058 3401 vestrum

553 3446 655 3508 eciam
678 3443 817 3527 singulos
841 3442 1024 3506 exsolvatur·
1046 3441 1218 3506 secrnrdrnn
1241 3443 1441 3507 tanacionem
1464 3442 1586 3506 decime
1608 3442 1640 3505 in
1663 3443 1779 3506 vestris
1801 3448 1834 3506 et
1856 3460 1968 3505 earnm
1983 3440 2060 3504 civi·

550 3551 670 3614 tatilnrs
693 3555 726 3613 ct
748 3549 927 3612 diocesibus
950 3547 1103 3611 hactenus
1127 3548 1244 3611 factam
1257 3546 1317 3623 vel,
1335 3548 1392 3610 nbi
1407 3547 1585 3612 huiusmodi
1602 3547 1689 3612 nulla
1704 3553 1792 3612 certa
1807 3547 1933 3612 taxacio
1949 3546 2058 3623 fuerit,

553 3654 725 3718 secnralnnr
741 3652 1000 3716 consuetudinem
1016 3653 1046 3714 in
1064 3653 1232 3715 exaracione
1249 3657 1281 3715 et
1296 3651 1457 3715 solucione
1472 3652 1651 3716 huiusmodi
1667 3653 1877 3716 observatam.
1894 3650 1919 3715 F
1922 3651 1969 3714 iat
1982 3669 2059 3731 qno·

554 3777 615 3839 qne
628 3759 698 3838 ipsa
710 3757 836 3820 vrnaceio
847 3757 966 3836 absque
979 3755 1085 3835 aliquo
1094 3754 1156 3819 alio
1166 3774 1263 3820 onere
1275 3755 1408 3832 illenim,
1419 3775 1438 3819 a
1450 3756 1564 3837 quibus
1580 3756 1758 3821 huiusmodi
1770 3756 1892 3820 decima
1904 3756 2059 3837 exigetur,

555 3863 613 3926 nisi
638 3862 719 3927 lorte
754 3860 816 3923 illis
847 3859 1066 3922 rlefieientibns
1090 3860 1121 3922 in
1145 3860 1306 3924 solucione
1329 3860 1429 3939 ipsius
1460 3861 1492 3924 in
1521 3861 1665 3924 terminis
1695 3861 1865 3926 antedictis
1888 3860 1927 3924 ob
1950 3859 2060 3924 huius-

555 3966 638 4028 modi
661 3983 770 4028 eornm
793 3964 950 4028 ‹lefectnrn
974 3982 1130 4044 expensas
1155 3964 1223 4027 lieri
1246 3970 1417 4044 oporteret,
1442 3964 1483 4027 ad
1506 3983 1639 4045 qnarnnr
1662 3964 1855 4029 solucionem
1878 3982 1934 4028 eos
1956 3963 2059 4028 teneri

555 4069 697 4132 volnrnns
721 4074 753 4131 et
775 4068 917 4146 astringi,
941 4066 1087 4147 qnodque
1111 4068 1195 4131 circa
1219 4068 1276 4131 lrec
1301 4069 1388 4148 insta
1412 4070 1674 4145 constitucionem
1690 4069 1901 4134 Viennensem
1916 4068 2058 4153 eiusdem

557 4173 680 4237 concilii
711 4172 836 4250 calices,
867 4172 963 4235 libros
995 4176 1027 4233 et
1050 4171 1112 4234 alia
1136 4179 1322 4236 ornamenta
1345 4171 1550 4236 ecclesiarum
1574 4172 1688 4236 divinis
1711 4171 1823 4238 officiis
1847 4173 2000 4254 deputata
2022 4190 2058 4235 err

556 4295 652 4340 cansa
676 4278 815 4358 pigrioris
838 4275 887 4339 vel
912 4275 1129 4339 distraccionis
1153 4277 1330 4357 cinuspiarn
1352 4295 1407 4338 vos
1431 4275 1479 4340 vel
1504 4278 1606 4356 quivis
1629 4278 1685 4340 alii
1707 4296 1765 4358 per
1787 4296 1844 4341 vos
1875 4277 1916 4341 ad
1946 4274 2059 4340 collec-

557 4383 676 4444 cionenr
701 4389 733 4444 et
756 4382 955 4444 exaccionenr
979 4379 1157 4443 lrninsnrorli
1181 4380 1302 4444 decinre
1326 4386 1361 4444 ut
1383 4380 1542 4460 prefertur·
1565 4382 1744 4445 assrnnendi
1768 4400 1883 4463 capere
1906 4399 1964 4444 serr
1980 4380 2058 4444 reci-

558 4507 641 4567 pere,
660 4485 836 4549 ‹lim-abere
852 4505 907 4548 sen
925 4504 1079 4564 rrrtcrrparv·
1095 4484 1274 4548 nullatenus
1290 4487 1492 4566 presumatis.
1517 4486 1586 4548 Non
1602 4486 1810 4562 obstantibus
1818 4493 1844 4563 ⁵¹)
1862 4485 1890 4548 si
1902 4485 1992 4549 vobis
2008 4484 2057 4549 vel

558 4599 696 4653 vestrnnr
705 4590 863 4669 aliquibus
876 4594 907 4652 et
920 4589 1070 4669 predictis
1083 4590 1225 4669 personis
1239 4589 1465 4652 ecelesiasticis
1474 4610 1508 4652 ac
1522 4589 1593 4652 aliis
1602 4591 1840 4670 qnilnrscrnrqne
1853 4590 2059 4654 communiter·

558 4695 606 4756 vel
623 4695 747 4757 divisim
764 4714 782 4756 a
798 4694 881 4757 elicta
897 4694 939 4756 sit
953 4693 1030 4756 sede
1053 4693 1218 4769 irrdnltrnrr,
1242 4693 1326 4773 qrrrrd
1351 4694 1389 4756 ari
1414 4693 1606 4756 solucionem
1630 4694 1764 4757 alienius
1787 4693 1908 4757 decime
1931 4695 2058 4757 minime

557 4799 726 4861 ternarnini
750 4797 845 4860 etad
868 4798 899 4861 id
922 4797 1076 4878 ‹zrnnpelli
1102 4804 1157 4861 arrt
1180 4798 1264 4877 qrrrrd
1288 4798 1443 4873 interdici,
1467 4798 1617 4878 suspendi
1641 4799 1691 4862 vel
1711 4799 1975 4863 exconnnnnicari
1999 4817 2059 4861 non

559 4904 686 4984 possitis
710 4921 765 4982 per·
787 4903 909 4964 litteras
932 4901 1132 4982 apostolicas,
1156 4922 1217 4981 qne
1240 4902 1279 4964 de
1304 4902 1424 4965 irrrlnlto
1447 4902 1625 4966 lrrrinsnrorli
1649 4909 1681 4965 et
1702 4907 1769 4966 toto
1793 4903 1861 4967 eius
1883 4908 1995 4967 tenore
2019 4903 2057 4966 dc

559 5008 652 5069 verbo
677 5005 717 5069 ad
740 5006 868 5068 verbnm
891 5024 926 5068 ae
951 5006 1125 5086 prvqniisl)
1149 5006 1292 5069 ordinum
1326 5013 1359 5070 et
1390 5007 1528 5069 locorum
1558 5025 1614 5069 seu
1645 5026 1849 5088 personarum
1880 5014 2057 5073 vestrarum

558 5111 734 5174 nominibus
758 5109 881 5190 plenam
905 5117 938 5174 et
960 5129 1143 5190 expressam
1166 5130 1227 5173 rron
1247 5111 1382 5174 iecerint
1396 5112 1600 5189 mencionem,
1618 5118 1650 5175 et
1665 5111 1859 5191 quibuslibet
1874 5111 2058 5194 privilegiis

559 5213 775 5293 inrlnlgerrciis,
800 5213 1054 5294 enenrpcionibns
1077 5220 1109 5277 et
1132 5214 1246 5278 litteris
1274 5215 1466 5295 apostolicis,
1498 5216 1736 5296 quibuscunque
1768 5217 1975 5298 dignitatibus
2004 5235 2059 5280 sen

560 5318 722 5381 ordinibus
762 5318 930 5381 eorundem
969 5325 1001 5380 et
1041 5319 1224 5399 specialiter·
1259 5320 1474 5396 cisterciensi,
1511 5320 1808 5397 Prenronstratensi,
1850 5320 2060 5396 Cluniacensi,

560 5422 766 5498 tlartrrsiensi,
790 5420 1067 5485 Grandirnontensi
1091 5422 1139 5484 vel
1175 5441 1283 5485 eornm
1307 5424 1566 5487 universitatibus
1589 5431 1646 5487 ant
1676 5425 1818 5506 personis
1847 5424 2061 5506 singularibus

559 5526 750 5606 generaliter·
773 5526 820 5588 vel
844 5525 1026 5606 specialiter·
1048 5527 1106 5588 snb
1130 5545 1317 5607 quacunque
1340 5527 1439 5590 fornra
1463 5529 1512 5591 vel
1536 5529 1747 5608 ‹rorrcepcione
1770 5529 1935 5592 verborum
1959 5548 2061 5593 arne·

561 5638 679 5692 nrornta
706 5629 781 5691 sede
804 5631 972 5707 corre-essia,
997 5630 1035 5691 de
1059 5630 1173 5709 quibus
1197 5648 1393 5710 aprorumque
1416 5632 1491 5694 totis
1514 5633 1676 5694 tenoribus
1700 5632 1739 5694 de
1763 5633 1858 5695 verbo
1874 5633 1916 5696 ad
1932 5634 2061 5697 verbnm

561 5736 590 5796 in
615 5735 730 5796 nostris
754 5734 868 5797 litteris
890 5734 1047 5813 specialis,
1074 5733 1164 5813 plena
1190 5742 1223 5795 et
1245 5755 1395 5815 expressa
1421 5737 1543 5799 mencio
1567 5738 1608 5799 sit
1631 5736 1784 5799 lrabenrla.
1813 5738 1964 5801 Ceterum
1987 5739 2061 5819 qnia
