5184 7050
1862 883 1924 951 209

410 1082 509 1149 362.
535 1081 689 1165 Episcopo
706 1082 842 1147 Metenal
863 1082 1047 1161 mandator,
1064 1088 1220 1165 quatem
1237 1084 1382 1163 Falconi,
1402 1085 1585 1168 primicerio
1600 1085 1749 1153 ecelesiae
1764 1091 1925 1169 Metanoia,

413 1184 578 1249 licentiam
599 1185 757 1263 aneae,
781 1189 816 1248 ul
838 1186 964 1250 (lernam
986 1187 1148 1271 qmndom
1170 1187 1205 1252 in
1229 1189 1405 1254 wonedla
1422 1210 1483 1272 pro
1504 1211 1537 1254 se
1559 1194 1589 1254 et
1610 1191 1679 1255 suis
1693 1192 1922 1257 comessoribus

419 1288 452 1352 in
468 1288 608 1367 sendum
640 1290 792 1355 reddibile
814 1291 1013 1370 adolanae,
1047 1313 1118 1374 repe
1151 1292 1330 1372 Bobemioe,
1365 1293 1503 1377 recipere
1531 1295 1644 1377 possit.
1691 1297 1743 1375 ,D.
1767 1295 1925 1360 Arrlnione

920 1397 1001 1461 llll
1016 1395 1080 1461 leel.
1105 1396 1191 1462 orate·
1213 1417 1243 1461 o.
1267 1397 1423 1462 servem*

463 1545 522 1670 pv(
1384 1569 1545 1651 Avinione,
1572 1572 1655 1635 1344
1678 1570 1803 1656 Aprilis
1826 1577 1879 1639 28.

523 1806 672 1861 Clementis
691 1808 729 1861 Vl
747 1809 779 1861 A.
799 1808 867 1877 111,a
885 1813 941 1874 (79)
959 1809 977 1861 f.
999 1814 1055 1874 124,
1075 1808 1108 1862 de
1127 1807 1241 1862 indultis
1259 1814 1311 1863 etc.
1330 1826 1375 1878 qu.
1395 1816 1411 1862 3
1429 1828 1457 1862 ;
1472 1812 1503 1864 V.
1526 1818 1573 1864 llio
1593 1812 1610 1865 f.
1632 1819 1680 1866 lot
1699 1830 1725 1866 n.
1744 1819 1804 1867 513.

419 2347 515 2413 363.
554 2347 698 2411 Ecclesia
720 2349 893 2429 stageruis
917 2350 951 2411 in
972 2349 1247 2432 metropolitanam
1269 2348 1411 2428 eripitur,
1445 2348 1604 2430 eidemque
1626 2348 1864 2430 Litorayslensis
1887 2370 1926 2415 oc

868 2451 1081 2517 Olonrneensis
1102 2452 1249 2518 ecclesiae
1270 2452 1478 2517 subcinitur.

462 2638 545 2693 .CL.
1385 2641 1558 2746 Aoinlone,
1573 2646 1657 2708 1344
1680 2641 1806 2726 Aprilis
1826 2648 1879 2710 30.

523 2831 672 2898 Clemens
695 2833 873 2915 episcopus,
897 2853 921 2898 s.
942 2854 967 2900 s.
984 2834 1052 2916 d.,·)
1076 2835 1116 2900 ad
1135 2855 1165 2916 p.
1180 2854 1205 2899 r.
1223 2854 1261 2898 m.
1287 2835 1336 2899 Ex
1359 2853 1495 2916 superne
1518 2835 1721 2916 providencia
1742 2836 1921 2902 maiestatis

419 2935 581 3000 Romanus
603 2937 755 3018 pontifex,
779 2939 971 3003 constitutus
994 2940 1026 3003 in
1049 2958 1185 3020 superne
1208 2939 1339 3020 specula
1362 2938 1535 3020 dignitatis,
1568 2940 1652 3003 circa
1675 2955 1801 3021 gregem
1825 2938 1923 3003 domi-

419 3041 523 3106 nicum
555 3059 613 3105 sue
644 3060 719 3106 cure
750 3044 951 3107 courmissunr
979 3048 1013 3108 et
1041 3043 1245 3107 ecclesiarum
1275 3041 1462 3123 proiectum,
1497 3048 1591 3123 prout
1620 3062 1658 3106 ex
1682 3043 1790 3108 debito
1820 3042 1924 3107 eidem

419 3144 573 3210 incumbit
595 3145 691 3211 officii
713 3146 894 3229 pastoralia,
917 3146 1086 3228 diligenter
1108 3147 1263 3228 prospicit
1286 3151 1320 3211 et
1341 3146 1478 3211 intendit
1499 3150 1531 3210 ct
1554 3147 1759 3210 ecclesiarum
1783 3147 1922 3227 ipsarum

419 3254 539 3314 statum
562 3256 667 3316 mutat
682 3258 715 3316 et
729 3250 879 3315 honorem
902 3253 1066 3330 accrescit,
1088 3257 1184 3333 prout
1199 3252 1338 3332 ipsarum
1361 3251 1566 3316 ecclesiarum
1582 3255 1615 3314 et
1630 3250 1768 3314 locorum
1791 3251 1924 3332 requirit

419 3353 604 3433 necessitas,
629 3373 724 3418 cause
747 3354 884 3418 suadent
906 3355 1127 3434 racionabiles,
1159 3355 1307 3420 catholici
1330 3355 1439 3437 populi
1462 3360 1664 3438 augmentum
1687 3355 1869 3436 <expostulat
1891 3360 1924 3419 et

419 3458 505 3523 salus
528 3458 627 3541 exigit
650 3459 835 3524 animarum.
874 3459 957 3525 Sane
981 3459 1108 3541 quidem
1131 3478 1188 3542 pro
1211 3465 1303 3541 parce
1327 3459 1374 3526 ch.
1399 3461 1432 3525 in
1457 3459 1512 3525 ch.
1536 3459 1557 3525 l.
1581 3478 1612 3524 n.
1635 3459 1803 3538 lobannis
1839 3461 1923 3542 regis

419 3563 549 3627 Boemie
572 3561 716 3641 illustris,
747 3569 780 3628 et
803 3564 833 3628 d.
856 3562 877 3628 f.
900 3584 930 3628 n.
956 3583 983 3628 v.
1008 3564 1131 3644 Karoli,
1162 3564 1352 3630 marchionis
1384 3565 1604 3644 Morauiensis,
1640 3565 1840 3647 primogeniti
1864 3565 1922 3642 sui,

419 3687 524 3732 coram
547 3667 638 3732 nobis
661 3673 694 3732 et
716 3668 868 3733 fratribus
890 3670 1017 3747 nostris,
1042 3675 1151 3734 sancte
1174 3669 1315 3733 Romane
1338 3668 1473 3733 ecclesie
1496 3669 1721 3747 cardinalibus,
1744 3670 1922 3751 expositum

420 3771 526 3837 extitit
547 3777 740 3850 reverenter,
763 3771 849 3853 quod
871 3772 1039 3854 Pragensis
1062 3792 1120 3854 per
1142 3773 1251 3837 decem
1271 3779 1305 3837 et
1320 3771 1540 3838 Olomucensis
1563 3773 1697 3837 ecclesie
1721 3773 1923 3854 ipsarumque

421 3877 567 3941 civitates
590 3882 624 3940 et
646 3874 790 3940 dioceses
813 3876 845 3941 in
867 3894 963 3958 regno
994 3876 1125 3941 Boemie
1148 3877 1369 3957 consistentes,
1400 3896 1462 3958 que
1485 3877 1524 3941 de
1547 3877 1737 3959 Maguutina
1760 3878 1923 3958 provincia

420 3980 599 4044 existebant
614 3982 647 4042 et
662 3978 872 4043 subiacebunt
894 3979 963 4043 iure
985 3980 1216 4061 metropolitico
1238 3981 1477 4063 archiepiscopo
1500 3981 1697 4063 Maguutino,
1720 3982 1773 4062 qui
1798 3986 1848 4046 est
1867 4000 1924 4063 pro

419 4090 570 4167 tempore,
595 4102 632 4147 ac
647 4082 783 4148 ecclesie
805 4082 992 4165 Maguntine
1014 4084 1127 4160 eidem,
1152 4086 1316 4150 acivitate
1340 4085 1526 4167 Maguutina
1549 4104 1606 4166 per
1629 4084 1795 4150 duodecim
1819 4086 1923 4151 dietas

421 4189 469 4253 vel
485 4190 571 4254 circa
588 4187 761 4266 distabant,
785 4191 818 4250 et
833 4186 917 4268 quod
940 4187 1041 4252 incole
1064 4188 1141 4253 dicti
1158 4191 1258 4270 regni,
1281 4191 1335 4271 qui
1352 4189 1499 4255 locuntur
1509 4186 1537 4270 δ)
1559 4189 1676 4254 idioma
1700 4190 1923 4268 sclavonicum,

420 4294 545 4358 omnino
569 4291 728 4356 diversum
744 4297 777 4355 et
792 4310 854 4356 non
869 4291 1068 4374 intelligibile
1090 4292 1202 4357 incolis
1224 4293 1358 4359 aliorum
1381 4295 1623 4375 episcopatuum
1646 4294 1731 4359 dicte
1753 4294 1924 4376 provincie,

419 4399 471 4480 qui
494 4415 610 4480 purum
633 4396 750 4461 idioma
772 4396 989 4461 theotonicum
1011 4396 1096 4479 loqui
1119 4403 1302 4476 noscuntur,
1331 4401 1406 4462 sunt
1428 4399 1553 4463 omuino
1576 4398 1693 4463 diversi
1717 4399 1749 4463 in
1772 4398 1924 4462 idiomate

418 4504 456 4568 ab
479 4501 612 4581 eisdem,
635 4500 782 4584 quodque
805 4500 851 4566 illi
874 4501 914 4564 de
930 4501 1024 4566 dictis
1047 4501 1202 4583 Pragensi
1218 4508 1252 4566 et
1266 4500 1471 4567 Olomucensi
1495 4503 1678 4567 civitatibus
1693 4507 1727 4567 et
1743 4503 1924 4567 diocesibus

417 4613 483 4673 tum
506 4612 639 4689 propter
660 4606 816 4687 predones
839 4611 872 4670 et
895 4613 1040 4686 raptores
1063 4605 1094 4669 in
1119 4605 1286 4670 itineribus
1309 4613 1522 4687 occurrentes,
1554 4612 1590 4671 ut
1612 4607 1760 4672 itinerum
1783 4608 1924 4689 ipsorum

416 4711 602 4777 discnuuna
632 4717 664 4775 et
687 4711 889 4793 asperitates,
919 4729 1049 4774 nemora
1079 4714 1112 4773 et
1134 4715 1302 4774 monmnas
1324 4711 1357 4775 in
1380 4712 1466 4775 exitu
1494 4717 1528 4776 et
1549 4730 1697 4794 regressu
1727 4711 1805 4776 dicti
1834 4710 1923 4793 regni

415 4816 603 4892 existencia,
620 4819 686 4878 tum
710 4814 812 4878 eciam
828 4814 903 4895 quia
920 4814 1088 4895 oportebat
1112 4832 1166 4878 eos
1188 4832 1248 4895 per
1270 4814 1366 4879 aliam
1391 4834 1449 4879 seu
1472 4815 1553 4880 alias
1575 4815 1757 4896 provincias
1778 4815 1925 4893 transire,

415 4939 487 4984 cum
530 4918 732 5001 Magunciam
772 4917 920 4982 volebant
961 4918 1114 4983 accedere
1155 4936 1212 5000 pro
1252 4917 1506 5000 appellacionum
1547 4927 1580 4985 et
1622 4921 1694 4986 aliis
1737 4920 1843 4985 causis
1884 4918 1924 4983 ad

414 5024 519 5090 lorum
552 5021 831 5105 archiepiscopalis
866 5022 953 5086 curie
987 5021 1172 5104 llaguntine
1202 5022 1434 5105 metropolitico
1466 5024 1534 5089 iure
1565 5025 1783 5108 spectantibus
1816 5042 1925 5107 prose·

416 5128 563 5211 quendis,
593 5125 745 5208 predictis
775 5125 926 5207 periculis
949 5143 986 5189 ac
1010 5119 1264 5207 importabilibus
1294 5128 1442 5212 expensis
1472 5134 1505 5193 et
1526 5129 1688 5195 laboribus
1719 5130 1926 5196 subiacebunt

416 5237 450 5297 et
472 5237 582 5313 preter
603 5230 663 5295 hoc
692 5249 755 5295 non
777 5236 848 5295 erat
876 5228 1027 5294 memoria
1058 5230 1227 5310 hominmn,
1262 5230 1347 5312 quod
1377 5233 1523 5312 ecclesie,
1555 5234 1701 5299 civitates
1724 5240 1758 5301 et
1780 5235 1924 5299 dioceses

416 5336 585 5419 ngensis
609 5340 641 5399 ct
664 5334 883 5401 Olomucensis
913 5333 1057 5415 predicte
1088 5333 1192 5398 forent
1220 5353 1279 5417 per
1308 5336 1582 5420 archiepiscopum
1613 5339 1833 5421 Maguntinum
1864 5340 1925 5404 uisi

416 5440 512 5505 semel
535 5440 753 5504 tantummodo
777 5439 914 5516 visitate,
937 5443 970 5503 et
992 5437 1076 5519 quod
1099 5438 1274 5503 altissimus
1298 5442 1329 5504 in
1352 5445 1442 5507 tauta
1464 5442 1668 5508 multitudine
1690 5443 1799 5525 populi
1824 5443 1925 5508 dictas

416 5546 606 5627 Pragensem
630 5548 664 5606 et
687 5542 928 5610 Olomucensem
959 5543 1119 5621 diocesim,
1151 5564 1284 5626 quarum
1314 5547 1416 5628 prima
1445 5566 1504 5629 per
1526 5548 1665 5629 quinque
1689 5553 1721 5612 et
1743 5548 1846 5612 altera
1867 5567 1926 5629 per

414 5654 549 5732 quatuor
581 5647 685 5712 dietas
716 5648 946 5729 protenduntur
961 5655 986 5728 c)
1011 5648 1061 5711 vel
1084 5649 1221 5729 circiter,
1249 5655 1282 5715 et
1305 5652 1404 5716 eciam
1429 5653 1460 5716 in
1484 5652 1628 5718 ecclesiis
1659 5658 1691 5716 et
1714 5652 1792 5717 loeis
1824 5652 1927 5717 cccle-

414 5753 552 5820 siasticis
583 5751 768 5818 fecundavit
797 5756 830 5816 et
854 5752 952 5831 auxit,
987 5752 1070 5833 quod
1100 5754 1295 5835 singularum
1330 5757 1470 5839 ipsarum
1504 5756 1645 5839 singulos
1677 5756 1783 5822 vultus
1815 5758 1926 5823 unicus

1790 5883 1821 5933 ll
