5184 7050
649 895 717 954 Vlll

648 1103 771 1178 partem
795 1097 827 1160 in
851 1096 996 1176 registris
1019 1096 1162 1178 secretis,
1185 1115 1266 1176 quae
1289 1100 1450 1159 vocantur.
1475 1096 1531 1159 illa
1553 1096 1587 1159 in
1610 1115 1673 1159 uua
1696 1101 1790 1176 atque
1807 1096 1910 1160 altera
1933 1114 2045 1176 magna
2069 1095 2158 1157 serie

647 1210 810 1292 parallelo,
834 1227 914 1289 quac
938 1209 1076 1290 registra
1099 1209 1292 1273 Aveniensia
1326 1215 1361 1273 et
1384 1209 1411 1272 V
1413 1209 1539 1273 aticana
1569 1215 1730 1291 vocantur,
1763 1209 1969 1273 inveniuntur
1998 1205 2157 1288 deposita.

752 1322 902 1403 Registra
936 1322 1137 1403 Aveniensia,
1170 1321 1205 1385 in
1239 1321 1350 1386 charta
1394 1321 1521 1402 scripta,
1556 1321 1729 1403 archetypa
1759 1328 1842 1387 sunt.
1875 1321 1962 1398 Quae
1996 1319 2091 1383 hodie
2123 1317 2160 1381 in

649 1442 752 1502 tomos
787 1435 926 1499 numeris
950 1434 1193 1500 decurrentibus
1217 1441 1251 1499 et
1273 1434 1480 1498 totinsseriei
1495 1441 1528 1499 et
1551 1434 1743 1515 singulorum
1779 1434 1981 1514 pontificatus
2003 1449 2159 1497 annorum

647 1548 771 1613 ratione
795 1547 905 1613 habito
927 1548 1069 1629 signatos
1094 1546 1287 1612 dividuntur.
1312 1547 1379 1611 Nec
1403 1553 1509 1611 tamen
1541 1546 1620 1610 haee
1643 1545 1757 1610 divisio
1781 1564 1884 1626 neque
1907 1546 2058 1610 librorum
2082 1564 2159 1610 con-

648 1662 818 1745 glutinatio
841 1661 999 1743 primituS,
1023 1661 1081 1724 sed
1104 1659 1220 1723 XVIII.
1246 1661 1370 1723 demum
1389 1661 1515 1725 saeculo
1538 1660 1622 1724 iacta.
1638 1666 1721 1723 snrrt.
1739 1659 1881 1740 Namque
1904 1657 1995 1723 initio
2019 1659 2159 1739 registra

648 1775 681 1839 in
704 1780 885 1855 quatemus,
908 1774 941 1838 id
964 1780 1015 1838 est
1037 1772 1206 1838 fasciculos
1229 1772 1375 1838 foliorum
1410 1772 1602 1852 bifariorum,
1633 1790 1765 1852 quornm
1787 1789 1939 1836 numerus
1961 1771 2157 1851 veniebatur,

648 1895 742 1953 erant
765 1889 944 1953 distributa.
968 1887 1009 1951 Hi
1033 1886 1180 1967 quaterni
1215 1904 1254 1949 ex
1289 1904 1337 1968 eo,
1371 1888 1455 1967 quod
1492 1887 1706 1968 continebant,
1741 1885 1827 1949 varie
1862 1884 2158 1949 denominabantur.

650 2002 752 2065 Erant
775 2001 921 2081 quaterni
945 2000 984 2063 de
1008 1999 1200 2081 praebendis
1224 1999 1419 2080 vacantibus,
1443 2000 1482 2062 de
1506 1998 1697 2080 praebendis
1720 1998 1890 2075 vacaturis,
1914 1998 1954 2061 de
1967 1997 2157 2062 canonicatu

651 2114 709 2177 sub
732 2114 955 2196 expectatione
979 2112 1190 2193 praebendae,
1214 2111 1253 2175 de
1277 2111 1440 2175 beneficiis
1463 2130 1532 2175 cum
1557 2111 1607 2175 vel
1641 2110 1710 2174 sine
1745 2129 1821 2173 cura
1843 2111 1900 2173 snb
1924 2109 2159 2191 expectatione,

650 2227 798 2308 quaterni
821 2227 860 2289 de
883 2224 1026 2305 iudultis,
1049 2223 1226 2305 privilegiis
1249 2227 1283 2286 et
1317 2209 1616 2304 dispensationibus.
1653 2224 1798 2303 quaterni
1830 2222 1869 2286 de
1901 2222 2098 2287 absolutione
2122 2223 2158 2286 in

650 2340 763 2404 mortis
776 2338 918 2419 articulo,
934 2337 1082 2419 quaterni
1098 2336 1295 2400 diversarum
1311 2336 1489 2416 forruarum,
1503 2336 1650 2416 quaterni
1663 2336 1799 2400 omnium
1809 2335 1987 2415 formarum,
2003 2335 2068 2399 alii.
2086 2335 2157 2398 Nec

649 2461 756 2518 tamen
772 2452 804 2515 in
819 2451 1060 2516 denominandis
1075 2449 1239 2530 quaternis
1255 2455 1312 2513 aut
1327 2450 1358 2512 in
1375 2451 1470 2514 rebus
1485 2449 1518 2512 in
1530 2449 1570 2512 iis
1584 2449 1812 2514 distribuendis
1824 2449 2065 2530 registratornur
2079 2466 2155 2510 can-

649 2565 798 2629 cellariae
811 2564 1003 2646 apostolicae
1016 2563 1101 2627 idem
1115 2580 1241 2642 semper
1252 2579 1328 2626 usus
1344 2561 1413 2626 fuit.
1431 2560 1464 2625 Si
1477 2562 1584 2643 plures
1597 2562 1739 2626 eiusdem
1756 2561 1882 2639 generis
1894 2567 1986 2625 eraut
1997 2561 2158 2641 quaterni.

649 2679 689 2742 ad
706 2677 848 2759 singulos
862 2675 1066 2758 pontificatus
1082 2691 1181 2739 annos
1197 2674 1263 2738 suis
1283 2674 1532 2756 designabantur
1543 2675 1692 2738 numeris.
1710 2674 1848 2755 Singulis
1864 2673 2028 2755 quaternis
2043 2673 2158 2738 adiun-

649 2792 792 2872 gebatur,
807 2807 887 2870 quae
900 2789 1017 2852 dicitnr
1028 2787 1161 2869 rubrica
1173 2787 1268 2850 index
1285 2787 1336 2850 vel
1353 2788 1462 2852 tabula
1473 2787 1653 2851 litterarum
1665 2787 1698 2850 in
1711 2786 1750 2850 iis
1766 2786 2022 2868 perscripturum.
2036 2786 2158 2850 biblio-

649 2922 800 2985 pegorum
824 2901 1027 2983 neglegentia
1049 2899 1167 2965 factum
1190 2906 1250 2982 est,
1273 2905 1310 2964 ut
1332 2900 1474 2964 nonnulli
1498 2900 1619 2963 iudices
1642 2906 1677 2963 et
1702 2900 1849 2980 quaterni
1862 2901 1894 2963 iu
1906 2905 2016 2979 toruos,
2028 2899 2060 2962 in
2076 2917 2159 2977 quos

651 3035 713 3081 non
737 3015 923 3095 debuerant,
945 3014 1130 3094 ligarentur.
1154 3013 1267 3093 ltaque
1301 3013 1392 3077 multi
1423 3013 1569 3092 quaterni
1605 3011 1807 3093 pontificatus
1840 3011 1972 3077 Joannis
1995 3011 2096 3075 XXII.
2122 3017 2159 3075 et

651 3127 820 3191 Benedicti
843 3127 910 3191 Xll.
935 3127 968 3190 in
1000 3126 1174 3191 Clementis
1209 3125 1261 3189 VI.
1298 3126 1443 3207 registris
1477 3125 1688 3207 reperiuntur,
1725 3129 1860 3206 suntque
1895 3124 2070 3188 Clementis
2100 3124 2128 3186 V
2132 3125 2156 3188 l.

653 3239 740 3320 tomi,
755 3239 818 3320 qui
842 3239 1001 3303 Clementi
1023 3239 1093 3303 VII.
1118 3238 1199 3303 falso
1222 3239 1452 3303 tribuebantur.
1477 3238 1610 3315 Quidam
1634 3239 1779 3317 quaterni
1804 3239 1864 3301 iarn
1881 3236 2049 3319 putredine
2063 3237 2157 3300 valde

649 3351 790 3433 corrupti
812 3357 897 3430 sunt,
921 3351 976 3415 alii
1000 3351 1164 3432 deperisse
1189 3351 1347 3430 ridentur,
1371 3351 1430 3414 nisi
1454 3351 1536 3415 forte
1560 3351 1592 3414 in
1617 3351 1749 3415 aliorum
1772 3347 1955 3433 pontificum
1979 3349 2096 3413 tabulis
2123 3351 2157 3414 in

649 3467 753 3531 lucem
776 3464 932 3548 prodituri
956 3473 1038 3529 sunt.
1087 3465 1135 3529 Ad
1166 3464 1247 3529 hanc
1281 3464 1455 3530 editionem
1489 3466 1694 3546 registrornm
1730 3463 1955 3529 dveniensinm
1978 3463 2073 3529 tomis
2096 3464 2156 3528 sub

648 3580 788 3644 numeris
812 3577 1047 3642 LVI-CXXI.
1072 3583 1107 3641 et
1129 3578 1201 3641 aliis
1224 3583 1394 3658 praeterea
1416 3578 1511 3642 tornis
1534 3584 1677 3658 quatuor,
1701 3578 1796 3641 seriei
1820 3576 1994 3641 Vaticanae
2018 3577 2076 3640 sub
2097 3595 2157 3640 nu·

647 3693 744 3757 meris
768 3689 1104 3756 CCXX-CCXVIII.
1128 3690 1209 3754 falso
1232 3690 1372 3768 insertis
1398 3690 1448 3754 usi
1472 3708 1590 3755 sumus

753 3803 900 3884 Registra
924 3802 1079 3866 VatIcana
1102 3808 1176 3865 sunt
1210 3801 1392 3883 apographa
1425 3801 1659 3883 Aveniensium,
1693 3802 1726 3864 iu
1760 3802 1941 3865 membrana
1964 3804 2097 3863 venuste
2122 3806 2157 3864 et

648 3916 810 3980 luculente
833 3915 961 3995 scripta.
985 3913 1052 3976 Nec
1075 3918 1182 3976 tamen
1205 3931 1244 3976 ea
1267 3919 1318 3977 est
1340 3913 1506 3993 utriusque
1519 3914 1615 3978 seriei
1631 3913 1782 3993 condicio,
1795 3919 1832 3977 ut
1848 3912 2033 3976 alteracum
2049 3911 2157 3975 altera

649 4028 742 4110 plane
766 4032 928 4108 congruat.
954 4025 1024 4088 Non
1048 4025 1134 4088 enim
1157 4025 1272 4105 omnia,
1311 4026 1448 4105 quaein
1485 4026 1716 4091 Aveniensibus
1750 4026 1910 4107 leguntur,
1944 4024 1977 4088 in
2001 4023 2157 4088 Vaticana

650 4140 842 4220 transcripta
864 4143 948 4218 suut,
972 4137 1056 4217 quod
1079 4156 1142 4202 non
1166 4141 1288 4201 tantum
1326 4138 1359 4200 in
1382 4144 1541 4202 extremos
1576 4138 1771 4219 quorundam
1797 4143 2021 4217 quaternorum
2045 4156 2154 4200 nume-

649 4270 701 4317 ros
724 4251 819 4331 valet,
842 4255 968 4314 constat
990 4249 1073 4313 enirn
1097 4255 1246 4313 accurata
1268 4249 1447 4332 collatione,
1470 4270 1562 4330 qnam
1586 4251 1692 4314 editor
1713 4250 1799 4330 iecit,
1823 4267 2045 4329 nonnunquam
2070 4255 2155 4314 totos

649 4370 820 4443 quatemus
843 4379 915 4425 esse
939 4361 1081 4425 omissos
1129 4361 1217 4437 Quae
1251 4363 1390 4428 cumita
1414 4363 1543 4439 sintin
1578 4363 1661 4427 serie
1700 4362 1871 4426 Aveniensi
1896 4360 1968 4441 plus
1992 4361 2154 4440 aliquanto

649 4494 754 4540 rerum
777 4473 1001 4553 inscriptarum
1024 4473 1208 4554 reperimus.
1234 4474 1302 4538 Hac
1326 4475 1365 4538 de
1389 4495 1493 4556 causa,
1518 4481 1552 4539 et
1574 4475 1648 4555 quia
1671 4475 1750 4538 haee
1774 4474 1874 4537 series
1898 4474 2034 4555 registra
2059 4474 2154 4552 origi-

649 4587 765 4651 naliter
787 4586 940 4668 iuscripta
964 4585 1114 4666 continet,
1136 4586 1195 4650 boc
1219 4587 1418 4667 potissimum
1441 4587 1646 4652 fundamento
1669 4593 1808 4651 nostram
1831 4586 2004 4650 editionem
2029 4586 2086 4650 niti
2101 4606 2153 4652 vo-

648 4699 773 4762 luimus.
799 4698 889 4773 Quod
913 4698 939 4761 si
963 4717 1002 4761 ex
1026 4697 1109 4761 serie
1144 4697 1306 4779 Vaticana,
1341 4700 1513 4780 diligenter
1546 4706 1580 4764 et
1609 4719 1648 4763 ea
1682 4700 1807 4779 quidem
1841 4699 2067 4780 pervestigata,
2091 4718 2154 4764 non

649 4812 728 4875 nibil
751 4811 784 4874 iu
808 4809 888 4873 banc
911 4810 1083 4873 editionem
1108 4817 1270 4892 receptum
1294 4818 1353 4893 est,
1377 4813 1410 4877 id
1433 4831 1471 4877 eo
1495 4813 1626 4877 consilio
1649 4812 1792 4892 fecimus,
1816 4818 1852 4875 ut
1873 4830 1921 4892 ea,
1937 4830 2018 4892 quae
2041 4830 2081 4875 ex
2105 4830 2153 4875 re·

650 4922 760 5005 gistris
783 4922 1015 4986 Avenierrsibns
1038 4923 1206 5003 deperdita
1228 4931 1311 5005 sunt,
1335 4925 1568 5006 supplerentur.

753 5060 943 5124 Tabularum
966 5061 1191 5141 pontificalium
1216 5062 1365 5144 specialis
1389 5064 1542 5143 quaedam
1568 5080 1641 5145 pars
1657 5064 1794 5143 registra
1807 5068 1933 5126 secreta
1945 5067 2026 5143 sunt,
2039 5062 2153 5142 quibus

649 5194 697 5255 ea,
721 5193 802 5254 quae
825 5192 844 5236 a
867 5174 943 5236 sede
968 5174 1142 5255 apostolica
1165 5181 1278 5256 sponte
1303 5181 1336 5239 et
1360 5176 1442 5241 ultro
1466 5177 1596 5240 decreta
1619 5181 1701 5255 sunt,
1714 5174 1906 5238 referturtur.
1933 5176 2021 5251 Quae
2034 5180 2068 5238 et
2084 5175 2154 5256 ipsa

649 5288 681 5350 in
705 5288 896 5359 membrana,
920 5286 977 5350 sed
999 5288 1172 5352 minoribns
1195 5307 1288 5369 quam
1313 5288 1449 5368 registra
1472 5307 1568 5369 supra
1591 5293 1764 5352 memorata
1788 5287 1923 5369 tabellis,
1937 5288 2152 5368 scriptasunt.

651 5400 790 5478 Singulis
815 5400 988 5463 Clementis
1011 5400 1214 5482 pontificatus
1249 5401 1349 5475 annis
1384 5408 1517 5485 excepto
1556 5401 1665 5482 primo,
1699 5400 1816 5481 singuli
1850 5400 2044 5481 respondent
2068 5401 2154 5479 tomi,

649 5532 780 5592 quornm
805 5531 925 5575 summa
948 5514 979 5575 in
1004 5514 1087 5576 serie
1111 5514 1266 5577 Vaticana
1289 5514 1429 5577 numeris
1454 5512 1819 5577 CXXXVII-CXLVI.
1855 5513 2045 5576 continetur.
2093 5514 2154 5577 Re-

649 5626 819 5703 gistrorunr
843 5626 1075 5706 l'aticanorum,
1098 5627 1130 5689 in
1165 5627 1279 5706 quibus
1304 5627 1485 5707 apographa
1519 5626 1569 5690 vel
1604 5626 1799 5706 exemplaria
1833 5626 1928 5689 seriei
1963 5625 2153 5689 Aveniensis

650 5745 734 5816 scrut,
761 5740 855 5801 tomis
880 5738 1032 5820 LXVIII,
1055 5739 1194 5803 numeris
1218 5737 1543 5804 CXLVII-CCXIV
1568 5739 1710 5819 signatis,
1735 5739 1922 5801 usisurnns.
