5184 7050
547 908 611 975 646

545 1115 713 1184 dodelridi
735 1116 776 1182 de
798 1116 932 1196 Vienna,
966 1115 1068 1198 ipsius
1091 1115 1228 1182 ecclesie
1251 1115 1394 1183 anonici
1416 1115 1615 1197 prebendati,
1646 1116 1679 1181 in
1710 1113 1863 1180 manibus
1894 1112 2053 1178 reverendi

546 1222 646 1304 patris
670 1221 787 1287 domini
809 1220 983 1300 Guillelmi,
1008 1221 1150 1303 episcopi
1171 1220 1369 1299 Tricastrini,
1400 1221 1441 1286 de
1469 1221 1619 1286 mandato
1649 1219 1682 1287 S.
1712 1220 1750 1286 V.
1782 1219 1861 1284 viva
1892 1236 1973 1283 voce
2002 1217 2054 1282 sibi

543 1326 628 1392 iacto
650 1327 844 1409 recipientis
860 1327 961 1392 eciam
976 1326 1003 1391 si
1018 1325 1137 1392 fuerint
1152 1326 1231 1390 alias
1246 1326 1411 1405 reservati,
1428 1345 1498 1391 cum
1520 1325 1592 1391 aliIs
1613 1344 1676 1390 non
1696 1324 1908 1390 obstantibus
1926 1323 1959 1387 in
1973 1323 2050 1387 vice·

545 1430 735 1496 cancellaria
758 1436 865 1497 vestra
886 1430 1110 1514 exprimendis
1134 1449 1206 1495 cum
1228 1431 1452 1496 executoribus
1475 1435 1508 1496 ct
1531 1429 1683 1495 clausulis
1706 1428 1891 1512 oportunis.

648 1639 722 1706 Fiat
743 1659 801 1722 pro
825 1641 970 1706 omnibus
993 1639 1204 1723 suprapositis
1231 1638 1268 1703 R.
1292 1638 1368 1705 Sine
1383 1639 1534 1704 lectione.
1560 1638 1633 1703 Fiat
1647 1638 1685 1702 R.
1709 1637 1749 1702 D.
1775 1636 1942 1701 Aninione
1957 1635 2002 1701 Vl
2019 1635 2054 1699 id.

544 1743 732 1810 Novembris
755 1764 784 1810 a.
809 1750 930 1810 octavo.

649 1899 798 1954 Clementis
816 1897 898 1954 VIS.
917 1900 1010 1970 Vllltl
1032 1901 1087 1966 (18)
1107 1899 1125 1953 f.
1145 1903 1197 1953 29⁹.

1195 2060 1402 2069 -——-—.

544 2285 662 2354 1195.
686 2285 820 2350 Nicoiao
843 2284 880 2350 de
904 2284 1101 2371 Gymnicb,·)
1124 2285 1179 2366 pai
1195 2287 1294 2368 prout
1317 2285 1436 2349 asserit
1466 2282 1669 2350 consiiiarius
1694 2283 1812 2364 Caroli,
1837 2283 1925 2364 repis
1947 2283 2053 2347 Roma·

543 2410 665 2468 norum,
682 2390 799 2464 existit,
821 2391 1003 2472 providetur
1023 2390 1061 2454 de
1084 2391 1275 2455 canonicatu
1295 2394 1326 2453 et
1342 2388 1528 2473 praebenda
1542 2387 1694 2453 ecciesiae
1713 2388 1929 2465 Trecerensis,
1944 2408 2050 2452 nacon·

543 2494 627 2558 tibus
644 2516 705 2578 per
727 2493 860 2559 liberam
882 2495 1126 2575 resipnationem
1151 2494 1322 2574 Gadesridi
1345 2494 1384 2558 de
1399 2494 1536 2569 Vianna,
1561 2494 1615 2576 qni
1636 2494 1723 2577 ipsos
1740 2515 1804 2577 per
1826 2492 2006 2560 Jonannen
2019 2490 2051 2554 de

545 2600 643 2682 Rape,
661 2603 901 2682 procuratorem
929 2619 1031 2677 sunm,
1054 2599 1089 2663 in
1110 2599 1257 2664 manibus
1282 2597 1454 2672 anilla-rm,
1480 2597 1692 2677 Lexoniensis,
1716 2601 1793 2661 tnnc
1821 2594 2049 2670 Tricasinos

544 2703 692 2786 episcopi,
716 2703 899 2784 reciprocavit,
923 2703 1157 2782 nonobstante,
1180 2703 1263 2785 qnod
1284 2705 1319 2767 in
1341 2703 1474 2768 eeclesia
1505 2701 1750 2784 Vyssepradensi
1783 2703 2006 2767 canonicatum
2025 2704 2050 2763 et

539 2806 758 2890 praebendam
788 2825 826 2871 ac
854 2805 1092 2891 parrochialem
1122 2807 1284 2872 ecelesiam
1310 2807 1348 2871 cte
1371 2806 1580 2888 Dtdeiinpen,
1604 2806 1778 2888 Propensis
1801 2810 1835 2870 et
1862 2807 2049 2871 Treverensis

543 2910 725 2990 diocesinrn,
749 2910 873 2976 obtinet.
909 2912 962 2986 ,D.
986 2911 1143 2976 Aninione
1167 2912 1213 2977 VI
1231 2911 1273 2975 id.
1300 2910 1485 2977 Novembris
1507 2932 1537 2977 α.
1561 2913 1690 2976 oneror
1713 2910 1836 2975 ibana
1857 2915 1895 2974 nt
1916 2911 1953 2974 in
1972 2931 2002 2974 n.
2021 2912 2047 2974 4.

601 3084 684 3205 ᾖ
1472 3067 1636 3143 Arianae,
1659 3068 1747 3133 1349
1770 3065 1963 3131 Novembris
1982 3069 2011 3132 8.

587 3192 593 3204 ⁸
648 3193 795 3295 Clementis
808 3239 846 3293 VI
860 3242 892 3294 A.
905 3240 998 3309 VHIld
1012 3243 1084 3310 (108)
1098 3240 1117 3296 f.
1131 3247 1180 3294 225
1193 3258 1219 3295 n.
1234 3245 1292 3308 183,
1304 3240 1340 3296 de
1356 3239 1523 3309 praebendis
1541 3239 1702 3294 somatibus
1721 3255 1769 3307 qu.
1782 3244 1798 3291 o
1809 3257 1846 3292 =
1855 3239 1889 3292 V.
1905 3237 2046 3293 19513111

544 3340 571 3379 n.
594 3329 651 3379 183.
671 3356 704 3365 -
731 3326 755 3392 ·)
773 3325 942 3396 ,Gymenicb‘
959 3330 993 3382 Α.
1020 3327 1045 3394 b)
1063 3344 1132 3382 corr.
1152 3342 1187 3381 ex
1203 3326 1407 3395 ,Oastdnansis‘
1425 3329 1458 3380 Α.

1190 3525 1341 3532 ...-—--.

545 3717 665 3786 1196.
698 3717 841 3797 Garoias,
871 3738 928 3783 rea
951 3718 1176 3788 Romanorum,
1207 3718 1349 3795 ropatnr,
1372 3717 1409 3777 nt
1430 3716 1550 3778 statam
1573 3732 1664 3776 marn
1687 3715 1718 3775 et
1740 3716 1873 3777 wentrrs
1890 3729 2045 3796 prosperos

539 3856 648 3919 papae
677 3853 772 3917 saepe
800 3825 983 3909 sipnificare
1011 3820 1095 3896 velit,
1127 3818 1282 3901 simalpne
1311 3819 1509 3899 informatur
1542 3817 1580 3881 de
1610 3816 1687 3880 bono
1717 3820 1810 3881 statu
1845 3838 1966 3901 papae,
2000 3814 2045 3897 psi

544 3939 631 4003 brevi
652 3937 697 4003 aci
718 3955 789 4001 enm
806 3932 934 4017 plenius
956 3949 989 3993 se
1010 3926 1206 4009 scripturam
1229 3922 1266 3986 de
1284 3922 1433 4006 pluribus
1456 3922 1548 3986 rebus
1565 3920 1735 4004 promittit.
1768 3922 1823 3999 ,D.
1847 3925 1886 3986 at
1906 3943 1933 3987 s.
1963 3917 2044 4008 [dat

950 4031 1041 4096 nom
1071 4030 1118 4092 ur
1134 4028 1177 4092 ra.
1202 4025 1388 4092 Nemone
1410 4047 1442 4098 c.
1465 4023 1647 4114 ocao0].‘¹)

1472 4165 1636 4239 Acirim,
1660 4166 1747 4230 1349
1770 4164 1963 4233 Novembris
1981 4169 2009 4232 8.

649 4334 799 4391 Clementis
816 4331 855 4386 VI
872 4331 904 4385 V.
925 4337 974 4383 143
993 4332 1072 4397 (seur.
1091 4342 1117 4381 a.
1134 4326 1209 4394 vm)
1228 4326 1248 4382 f.
1272 4328 1323 4382 92'.
1352 4356 1385 4367 -
1414 4328 1433 4387 ¹)
1459 4330 1489 4379 ut
1517 4325 1545 4378 in
1572 4323 1605 4378 V.
1634 4328 1684 4378 us
1711 4322 1731 4378 f.
1758 4325 1819 4378 92':
1849 4324 1972 4392 ,Karoia
1997 4322 2041 4388 reri

545 4426 688 4483 Nauarre‘.

1198 4566 1369 4573 —..---—..
1378 4565 1397 4572 .-

546 4826 666 4894 1197.
691 4820 838 4907 Capitale
860 4823 890 4883 ct
912 4817 1016 4884 ααάεαι
1038 4816 1126 4881 modo
1148 4814 1301 4882 vassallis
1323 4813 1474 4880 ecciesiae
1492 4812 1697 4878 Tridentinae
1714 4812 1904 4889 mandatur,
1919 4818 1956 4880 nt
1969 4814 2042 4879 Mer

545 4929 683 5010 bardof)
706 4927 799 4992 electo
826 4925 1016 5002 Tridentino,
1041 4943 1120 5002 ,enni
1142 4921 1180 4985 de
1196 4923 1360 5002 potentiano
1385 4920 1473 4984 darno
1496 4919 1636 4982 traxisse
1658 4918 1812 4999 oripinem
1836 4923 1869 4984 et
1890 4917 2041 4983 mmm

541 5034 725 5120 principum
748 5030 870 5095 cardia
886 5027 1004 5108 sideni
1026 5026 1173 5105 dicatnr‘,
1196 5027 1323 5107 eiusque
1343 5023 1487 5105 pentibus
1511 5025 1653 5108 pareant
1682 5044 1757 5087 neae
1785 5021 1974 5106 obiipationi
1999 5023 2043 5086 aid

546 5139 734 5204 albaniani
750 5153 1004 5217 quorumcunque
1018 5132 1166 5197 bonorum
1181 5135 1212 5196 et
1226 5131 1332 5195 inrnnn
1354 5130 1493 5195 eiusdem
1512 5127 1661 5195 ecciesiae
1684 5147 1854 5193 assensum
1871 5128 2042 5213 praedam

823 5241 876 5318 ,D.
899 5243 935 5302 nt
957 5258 983 5304 s.
1006 5235 1180 5324 [Aninione
1210 5236 1238 5298 V
1254 5234 1298 5299 id.
1322 5234 1507 5298 Noenum
1531 5254 1561 5297 a.
1585 5228 1729 5320 odoros!
1744 5231 1770 5310 ¹)

1471 5372 1634 5448 Aninione,
1661 5373 1750 5437 1349
1771 5371 2010 5439 Necessariis.

650 5536 799 5592 Clementis
817 5534 855 5588 v1
872 5534 905 5588 V.
925 5540 973 5588 143
991 5538 1071 5598 (secr.
1090 5548 1114 5588 a.
1133 5531 1207 5599 VIII)
1226 5530 1244 5583 f.
1267 5535 1324 5583 loo.
1345 5559 1376 5568 —
1403 5533 1425 5592 n)
1450 5526 1670 5597 ,Moynbardum‘
1694 5529 1727 5581 Α.
1757 5558 1790 5568 -
1819 5530 1840 5597 ¹)
1860 5535 1891 5584 at
1909 5527 1939 5583 iu
1956 5528 1987 5582 V.
2004 5529 2043 5579 111

545 5625 563 5681 f.
585 5630 647 5679 loo:
666 5621 805 5692 ,Iohanni
824 5622 956 5690 episcopo
975 5618 1143 5688 Spoletino‘.
