5184 7050
627 842 671 910 56

627 1051 694 1118 93.
729 1048 907 1124 Precalans,
938 1049 1102 1132 episcopos
1134 1046 1402 1123 Vratislauicasis,
1433 1047 1604 1132 supplicat,
1635 1052 1791 1130 qnatenus
1816 1049 1908 1113 Petro
1934 1047 2075 1114 (lauradi
2096 1049 2131 1115 dc

632 1152 766 1219 Gnatiae
789 1153 827 1218 ae
849 1153 1041 1219 canonicatu
1061 1156 1092 1216 ct
1120 1151 1305 1235 praebenda
1339 1152 1374 1216 in
1405 1151 1538 1218 ecclesio
1570 1151 1811 1217 lbatislovicnsi
1842 1154 2031 1220 accusatibne
2059 1173 2132 1238 pro·

800 1283 802 1288 ·
1305 1255 1461 1321 uideatur.

1344 1410 1444 1496 Apud
1472 1412 1711 1489 Vallamnooam,
1734 1360 2039 1497 1342'Scptembria
2060 1419 2091 1483 2.

734 1605 901 1688 Supplicat
916 1605 947 1671 S.
963 1604 1001 1671 V.
1017 1605 1189 1669 clemencie
1211 1603 1341 1669 humilis
1363 1603 1383 1668 l.
1407 1624 1436 1668 v.
1460 1604 1640 1684 Proculam,
1658 1606 1827 1687 episcopus
1847 1605 2132 1686 Wratislauieusis,

631 1715 790 1794 quatenus
824 1711 919 1775 Petro
954 1708 1092 1775 Conradi
1128 1707 1168 1771 de
1202 1708 1347 1786 Gestiua,
1371 1707 1486 1773 clerico
1509 1708 1660 1774 familiari
1684 1728 1740 1774 sua
1764 1710 1948 1790 domestico,
1973 1713 2027 1794 qni
2052 1713 2133 1777 circa

630 1816 762 1881 nuncios
785 1813 977 1896 apostolicos
1001 1815 1032 1878 in
1055 1813 1202 1896 partibus
1224 1812 1289 1877 illis
1312 1813 1343 1877 in
1366 1813 1507 1893 negociis
1530 1831 1654 1878 camere
1677 1814 1853 1895 apostolice
1886 1814 1973 1881 sedis
1996 1814 2133 1881 fideliter

632 1918 814 1998 deservivit,
837 1918 877 1982 de
900 1918 1090 1982 canonicatu
1114 1922 1147 1982 ot
1168 1915 1332 1997 prebenda
1356 1916 1490 1981 ecclesie
1513 1922 1620 1982 vestre
1644 1917 1930 1997 Wratislauieneis,
1948 1919 2135 1985 evacuantibus

632 2042 690 2106 per
711 2023 833 2086 obitum
856 2020 1015 2103 quondam
1038 2020 1172 2104 Nicolay
1194 2020 1234 2084 de
1256 2019 1496 2102 Thedelegariis
1519 2021 1558 2085 de
1578 2021 1673 2097 Vrbe,
1690 2022 1833 2086 canonici
1849 2020 2134 2101 Wratislauiensis‚

633 2126 688 2208 qui
712 2127 799 2208 ipsos
822 2126 968 2190 obtinens
992 2125 1119 2189 vivente
1138 2124 1159 2189 f.
1176 2144 1200 2188 r.
1218 2123 1343 2188 domino
1366 2124 1513 2189 Johaune
1536 2143 1620 2206 papa
1643 2123 1747 2203 XXII,
1771 2125 1999 2206 predecessore
2021 2131 2135 2203 vestro,

634 2229 718 2310 apud
742 2228 849 2293 sedem
872 2228 1081 2309 apostolicam
1104 2227 1186 2292 diem
1210 2226 1327 2292 clausit
1349 2232 1534 2306 extremum,
1559 2228 1649 2293 anius
1671 2228 1833 2309 prebende
1855 2228 1980 2294 fructus
2002 2228 2032 2293 X
2055 2248 2135 2293 mar·

633 2350 741 2396 aarum
765 2332 889 2412 argenti
911 2331 1050 2394 valorem
1074 2349 1212 2396 annuum
1236 2349 1297 2394 non
1321 2331 1488 2410 excedunt,
1513 2331 1684 2412 dignemini
1701 2332 1877 2413 providere,
1894 2351 1956 2396 nou
1977 2333 2134 2410 obstante,

633 2436 717 2518 quod
739 2435 929 2501 beneficium
952 2436 1204 2501 ecclesiasticum
1228 2454 1299 2500 cum
1323 2454 1399 2500 aura
1422 2435 1472 2500 vel
1503 2436 1571 2500 siue
1602 2455 1678 2500 eura
1702 2435 1742 2499 ad
1765 2435 1970 2500 collacionem
1992 2436 2044 2500 vel
2068 2455 2136 2518 pre

635 2541 850 2605 sentnciouem
874 2540 1001 2606 abbatis
1024 2545 1057 2605 'ot
1079 2543 1253 2605 conventus
1276 2539 1461 2603 monasterii
1483 2539 1729 2619 Tr·iuacensiS‚·)
1753 2538 1873 2605 ordinis
1907 2541 2011 2605 sanati
2035 2541 2135 2605 Bene·

636 2643 723 2724 dicti,
748 2641 955 2724 Cracousisb)
979 2643 1124 2722 diocesia,
1142 2662 1199 2724 per
1221 2642 1348 2708 litteras
1370 2662 1401 2724 p.
1424 2662 1464 2706 m.
1489 2642 1606 2707 domini
1622 2643 1789 2709 Benedicti
1812 2661 1895 2726 pape
1910 2642 1974 2709 XII
1998 2645 2138 2710 noscitur

636 2751 849 2832 orpeetamst)

737 2853 811 2917 Fiat
834 2852 870 2916 R.
916 2853 960 2918 m
983 2871 1007 2917 s.
1032 2871 1060 2916 e.
1084 2851 1105 2916 l.
1145 2851 1219 2917 Fiat
1242 2851 1278 2916 R.
1327 2853 1364 2915 D.
1390 2852 1740 2932 apudVillamnouam,
1765 2852 1802 2917 Α.
1828 2853 2139 2935 d.,111n0n.Sep-

633 2958 767 3023 tembris
790 2976 818 3022 a.
842 2958 953 3040 primo.

739 3145 887 3201 Clementis
905 3145 943 3198 Vl
963 3143 982 3198 S
999 3145 1038 3216 Ill
1061 3148 1099 3215 (1)
1118 3145 1136 3200 f.
1157 3146 1225 3198 rto'.
1244 3174 1276 3184 —
1304 3147 1327 3212 α)
1344 3144 1372 3198 id
1392 3151 1435 3198 eet
1452 3143 1630 3211 ‚Tinciensis‘.
1658 3144 1683 3209 b)
1698 3145 1726 3199 id
1740 3144 2011 3212 eet‚(lracoviensie‘.
2039 3150 2061 3213 e)
2081 3162 2139 3200 cor·

635 3240 740 3289 rectrrm
760 3250 792 3287 cx
811 3233 962 3302 ‚obtinere‘¹

1284 3393 1491 3402 -—-.

634 3672 697 3739 94.
722 3672 814 3735 Patro
838 3669 978 3737 &aradi
999 3670 1037 3735 dc
1062 3670 1197 3736 (lustina
1214 3670 1400 3753 providetur
1423 3670 1460 3735 dc
1483 3671 1674 3736 canonicato
1697 3674 1729 3734 ct
1746 3670 1930 3754 praebenda
1953 3671 1989 3735 ia
2010 3672 2142 3737 ccclesia

644 3773 885 3839 l'ralislaoicasc'
913 3774 1106 3839 nocentiores.
1154 3775 1206 3853 ‚D.
1237 3775 1326 3858 opaci
1355 3774 1661 3851 attenuatione.
1686 3775 1727 3850 d„
1752 3776 1832 3840 IIII
1856 3795 1927 3842 aon.
1950 3775 2145 3859 Scpionnbris

636 3900 667 3942 a.
685 3880 813 3961 primo!
835 3914 879 3925 —
902 3882 942 3945 In
964 3901 989 3945 c.
1012 3900 1053 3945 m.
1076 3880 1219 3962 episcopo
1244 3877 1432 3943 Cenarlicnsi
1454 3882 1484 3942 ct
1505 3880 1611 3943 sancti
1634 3880 1786 3944 Vincentii
1808 3883 1838 3942 el
1859 3883 1992 3944 canotoc
2009 3880 2142 3946 ⁴Mariae

690 3982 726 4045 ia
747 3979 856 4046 Arena
879 3984 970 4047 iacto
995 3982 1222 4046 Vraiielariam
1244 3984 1506 4047 armamini-ioman
1529 3982 1711 4047 abbatibus·
1749 3987 1865 4049 Forma
1888 3986 1924 4047 ai
1945 3983 1981 4047 ia
2002 4004 2035 4049 n.
2056 3986 2088 4049 4.

680 4156 729 4293 ξ
760 4152 801 4293 ζ
1359 4171 1456 4256 apua
1485 4172 1723 4253 nonantulam,
1749 4176 1832 4238 1342
1854 4172 2048 4257 manera
2068 4178 2099 4239 2.

743 4378 890 4434 (lomentis
902 4379 938 4432 Vl
951 4381 975 4431 A
988 4379 1024 4448 Ill
1043 4381 1098 4448 (bo)
1112 4380 1130 4433 f.
1143 4385 1202 4446 339,
1216 4379 1250 4431 de
1266 4379 1407 4434 beneficiis
1421 4379 1581 4433 vacantibus
1594 4396 1639 4449 qu.
1658 4385 1716 4432 7:
1727 4383 1755 4433 V.
1777 4385 1824 4432 ll'l
1843 4377 1861 4432 i.
1875 4385 1922 4432 lob
1941 4396 1968 4434 n.
1977 4385 2038 4434 324.
2049 4381 2136 4434 -Ro-

640 4466 784 4533 gistratum
802 4465 830 4519 in
850 4466 945 4520 ZVGA
966 4465 1124 4521 Schleeions
1151 4466 1237 4533 XXV,
1265 4473 1325 4522 aab.

637 4954 700 5020 95.
723 4954 867 5034 Beatus,
889 4955 999 5035 rcaina
1023 4953 1201 5030 Bobemiac,
1223 4955 1395 5040 supplicat,
1417 4959 1572 5037 atalenos
1588 4952 1814 5033 familiaribus
1835 4953 1904 5018 saie
1926 4954 2021 5035 infra
2044 4954 2140 5020 nomi·

901 5059 987 5122 curtis
1012 5058 1050 5123 cle
1071 5059 1205 5124 divorsis
1227 5058 1382 5141 boneficiis
1405 5061 1435 5122 ct
1452 5056 1643 5141 praebendis
1660 5056 1876 5141 provideatur.

1359 5247 1456 5334 Apud
1487 5246 1726 5324 Villumnooum,
1748 5250 1834 5312 1342
1856 5245 2049 5330 Smiembrta
2070 5251 2102 5314 8.

727 5437 892 5520 supplicet
915 5438 946 5503 S.
970 5438 1008 5502 V.
1032 5439 1172 5519 Bentrix,
1202 5441 1313 5522 regina
1336 5440 1474 5516 Baomio,
1510 5445 1672 5519 quatenus
1694 5437 1820 5503 dilectis
1842 5437 2056 5505 familiaribus
2078 5441 2150 5507 suis

642 5539 854 5622 inhumatis
876 5542 1043 5623 providero
1067 5543 1237 5625 dignmniui
1261 5551 1356 5625 prout
1379 5544 1539 5625 sequitur:

745 5643 866 5710 Primo:
899 5646 1023 5710 Dilecto
1054 5648 1218 5729 capellana
1250 5668 1308 5711 suo
1339 5647 1465 5730 Hugoui
1489 5647 1587 5711 b'erot
1622 5646 1661 5709 do
1695 5647 1884 5716 carronicetu
1918 5651 1952 5711 et
1984 5647 2153 5729 prebenda

639 5747 776 5812 mbna
799 5751 1046 5816 Summani-usin.
1071 5753 1258 5816 rnonntilnrs
1282 5752 1358 5815 rolin
1383 5752 1553 5828 vacaturis,
1578 5751 1748 5832 dignemini
1772 5750 2021 5814 inisericorditor
2042 5753 2155 5833 provi·
