5184 7050
1863 865 1928 933 439

414 1071 563 1149 cacionis,
586 1072 830 1154 procogacionis,
847 1075 1051 1153 extensionis,
1068 1074 1358 1157 comprehensionis
1375 1081 1407 1139 et
1424 1074 1608 1140 inclusionis
1627 1079 1771 1137 tenorem
1789 1074 1927 1155 exigere,

413 1182 525 1256 petere
548 1196 585 1241 ac
609 1178 751 1260 recipere
775 1184 882 1243 nostro
905 1185 939 1244 ct
961 1198 1086 1243 camere
1109 1179 1252 1261 predicte
1281 1180 1408 1244 nomine
1431 1178 1561 1243 studeas
1584 1177 1764 1260 diligenter,
1801 1181 1926 1242 cantra-

414 1278 554 1345 dictores
578 1280 738 1362 quoslibct
760 1299 856 1364 super
878 1283 940 1347 biis
964 1290 996 1347 et
1020 1282 1166 1362 rebelles,
1199 1283 1414 1364 cuiuscunque
1446 1288 1558 1361 status,
1590 1281 1718 1359 ordinis,
1750 1281 1925 1362 dignitatis,

417 1383 633 1465 preminentia
656 1383 706 1448 vel
730 1383 925 1450 condicionis
947 1386 1096 1464 existant,
1127 1385 1227 1450 caiam
1258 1386 1285 1450 si
1309 1385 1484 1467 pontificali
1510 1386 1559 1450 vcl
1587 1388 1700 1468 quavis
1724 1385 1785 1449 alia
1808 1384 1926 1466 preful-

414 1493 514 1568 geant
537 1486 702 1570 dignitate,
726 1508 786 1571 per
810 1507 975 1554 censuram
991 1489 1242 1555 ecclesiasticam
1258 1489 1477 1572 appellatione
1492 1490 1671 1572 postposita
1687 1489 1924 1571 compescendo,

413 1591 702 1658 nonobstantibus
725 1595 939 1676 exempcionis
962 1599 995 1659 et
1017 1594 1182 1676 quibusvis
1205 1593 1278 1658 aliis
1302 1592 1487 1675 privilegiis,
1511 1593 1721 1673 indulgentiis
1751 1598 1784 1657 et
1806 1593 1925 1659 littoris

413 1695 610 1777 apostolicis,
634 1716 894 1781 quorumcunque
923 1704 1067 1763 tenorum
1097 1698 1247 1776 existant,
1278 1697 1380 1762 eciam
1410 1698 1437 1761 si
1468 1698 1508 1762 de
1538 1696 1602 1762 illis
1633 1705 1720 1763 esset
1750 1699 1781 1762 iu
1805 1699 1923 1763 nostris

413 1799 533 1865 litteris
556 1799 596 1864 de
617 1801 715 1866 verbo
739 1800 779 1865 ad
802 1802 933 1866 verbum
956 1801 1105 1884 specialis
1135 1807 1168 1866 ct
1190 1819 1344 1885 expressa
1373 1803 1495 1866 mencio
1525 1802 1678 1881 facienda,
1702 1821 1760 1884 per
1783 1821 1845 1884 que
1868 1807 1925 1869 tua

414 1905 586 1987 potestatis
609 1904 791 1971 iurisdiccio
813 1911 923 1988 posset
946 1906 1092 1987 impediri
1116 1923 1213 1987 super
1242 1905 1305 1971 hiis
1336 1905 1385 1971 vel
1415 1907 1651 1989 quomodolibet
1672 1907 1840 1987 retardari,
1864 1925 1922 1972 seu

414 2009 442 2074 si
467 2009 629 2091 aliquibus
652 2011 859 2076 communiter
881 2011 932 2075 vel
955 2010 1081 2075 divisim
1097 2028 1116 2074 a
1132 2009 1208 2074 sede
1231 2011 1274 2077 sit
1296 2010 1453 2075 indultum
1475 2011 1628 2092 predicta,
1659 2011 1743 2094 quod
1767 2011 1924 2091 interdici,

416 2114 571 2195 suspendi
594 2115 645 2179 vel
675 2115 939 2181 excommunicari
970 2132 1031 2179 non
1061 2115 1185 2197 possint
1214 2132 1273 2197 per·
1303 2114 1427 2181 litteras
1457 2115 1657 2197 apostolicas,
1685 2135 1746 2181 non
1768 2115 1925 2182 facientes

419 2215 546 2299 plenam
571 2225 604 2283 et
626 2237 809 2302 expressam
833 2239 870 2284 ac
893 2219 932 2283 de
955 2219 1052 2284 verbo
1075 2218 1115 2283 ad
1138 2219 1268 2284 verbum
1299 2219 1340 2284 de
1362 2219 1484 2285 indulto
1514 2220 1695 2285 huiusmodi
1721 2222 1926 2285 mencionem.

415 2322 456 2387 D.
482 2323 641 2388 Aninione
664 2322 740 2390 XVI
763 2322 826 2388 kal.
850 2323 1038 2389 Novembris
1061 2342 1088 2389 a.
1114 2325 1234 2404 quinto.

524 2582 675 2638 Clementia
694 2583 732 2637 Vl
750 2583 782 2638 V.
803 2588 852 2637 140
871 2588 950 2648 (secr.
970 2598 996 2635 a.
1013 2581 1048 2648 v)
1068 2581 1086 2636 f.
1106 2585 1166 2637 294·
1186 2598 1212 2636 n.
1234 2587 1350 2637 1³06.-
1362 2581 1412 2635 Ed.
1427 2581 1517 2636 Vatik.
1531 2581 1624 2636 Akteu
1643 2599 1669 2637 n.
1682 2587 1758 2638 aaut.
1777 2613 1808 2623 —
1823 2583 1846 2649 ¹)
1868 2599 1924 2651 ,ro-

414 2669 519 2724 lumus‘
536 2669 580 2738 V,
599 2687 668 2726 corr.
687 2671 722 2726 ab
741 2670 854 2726 editore.
883 2669 906 2734 b)
925 2673 1121 2738 ,supportaret‘
1138 2669 1180 2735 V,
1198 2685 1266 2723 corr.
1286 2669 1322 2723 ab
1341 2668 1454 2723 editore.
1478 2701 1509 2709 -
1532 2671 1551 2736 ¹)
1572 2675 1638 2725 1342
1656 2670 1724 2724 Maii
1742 2675 1784 2722 20.

415 3262 511 3329 734.
534 3260 690 3326 Nicotaus
712 3261 751 3325 dc
773 3260 937 3338 Bobcmla,
955 3266 1067 3342 frater
1089 3261 1211 3326 ordinis
1233 3261 1338 3327 acacii
1360 3258 1542 3342 Aaprcstiai,
1565 3259 1735 3344 supplicat,
1768 3265 1925 3343 quatenus

412 3365 480 3430 siat
501 3365 701 3445 concedatur,
719 3369 756 3428 at
777 3364 889 3447 aliqua
910 3364 979 3430 loca
1005 3366 1157 3430 interris
1179 3365 1354 3449 infidelitas
1375 3366 1513 3449 recipcre
1535 3369 1565 3429 ct
1587 3364 1781 3429 monasteria
1815 3364 1925 3448 acdifi-

869 3469 956 3536 vaare
978 3490 1018 3536 ac
1039 3470 1151 3536 divina
1173 3470 1331 3536 celebrare
1347 3471 1461 3556 possit.

1363 3627 1525 3708 Amatoria,
1550 3627 1634 3692 1346
1656 3626 1801 3691 Octobris
1823 3630 1876 3694 17.

521 3870 689 3955 Supplicat
711 3872 742 3939 S.
766 3872 805 3938 V.
828 3872 957 3937 humilis
980 3890 1092 3937 servus
1115 3878 1223 3937 vester
1244 3873 1345 3937 frater
1373 3871 1525 3937 Nicolaus
1556 3871 1595 3937 de
1628 3874 1766 3953 Boemia,
1790 3872 1923 3938 fratmm

413 3976 538 4041 ordinis
561 3975 664 4041 sancti
686 3977 866 4059 Augustini,
891 3996 961 4041 cum
984 3977 1083 4042 luerit
1112 3976 1214 4059 longis
1243 3977 1440 4058 temporibus
1471 3978 1503 4041 in
1533 3979 1678 4059 partibus
1705 3976 1923 4043 ultramarinis

412 4082 499 4146 inter
521 4078 668 4147 infideles
698 4086 731 4145 ct
762 4082 806 4146 ibi
836 4100 933 4147 causa
964 4081 1136 4147 seminandi
1158 4081 1374 4164 evangelicum
1405 4100 1512 4146 semen
1542 4083 1573 4145 in
1597 4088 1798 4166 augmentum
1822 4080 1920 4145 divini

414 4184 523 4250 cultus
545 4188 579 4248 et
603 4184 775 4250 christiane
797 4184 961 4267 religionis
984 4188 1111 4251 steterit
1135 4206 1172 4251 ac
1195 4187 1300 4252 redire
1323 4191 1356 4250 et
1374 4191 1461 4251 stare
1484 4193 1647 4269 proponat,
1663 4187 1718 4253 ubi
1740 4186 1857 4252 fratres
1873 4186 1923 4251 sui

413 4288 538 4353 ordinis
559 4287 681 4353 nullum
704 4288 807 4354 locum
830 4289 975 4354 obtinere
999 4295 1181 4368 noscuntur,
1198 4297 1356 4371 quatenus
1371 4291 1411 4354 de
1427 4292 1625 4372 benignitate
1648 4291 1733 4356 sedis
1749 4290 1923 4374 apostolice

413 4393 520 4458 eidem
542 4392 635 4458 fratri
658 4392 789 4458 Nicolao
813 4394 986 4459 concedere
1009 4395 1190 4476 dignemini,
1206 4400 1242 4458 ut
1258 4394 1365 4476 aliqua
1388 4396 1458 4460 loca
1481 4396 1630 4461 interris
1653 4394 1826 4461 infidelium
1842 4394 1922 4459 reci-

412 4516 493 4580 pere
517 4501 551 4561 et
573 4495 724 4563 edificare
747 4517 818 4563 cum
841 4499 985 4563 omnibus
1008 4498 1144 4565 officinis
1160 4518 1197 4564 ac
1213 4499 1320 4564 divina
1338 4500 1500 4565 celebrare
1522 4501 1665 4584 valeat,·)
1689 4520 1751 4566 nou
1774 4501 1922 4565 obstante

413 4601 626 4667 Bonifaciana
648 4606 682 4668 et
704 4601 847 4684 qualibet
869 4602 932 4667 alia
956 4604 1186 4668 constitucione
1217 4604 1248 4668 in
1272 4604 1465 4669 contrarium
1487 4605 1583 4685 edita,
1618 4612 1651 4671 et
1681 4624 1751 4670 cum
1778 4603 1924 4668 omnibus

414 4724 479 4772 non
503 4707 706 4772 obstantibus
730 4712 763 4770 et
786 4706 938 4771 clausulis
962 4713 998 4771 ut
1019 4708 1052 4770 in
1073 4707 1183 4772 forma.

521 4845 595 4926 Fiat
623 4845 663 4910 de
693 4845 826 4910 licencia
857 4846 1029 4928 superioris
1060 4846 1109 4911 sui
1141 4845 1260 4910 ordinis
1290 4846 1327 4911 R.
1376 4848 1458 4912 Item
1488 4848 1656 4931 supplicat,
1688 4867 1716 4929 q.
1747 4854 1770 4913 t.
1798 4865 1823 4912 s.
1848 4865 1876 4911 a.
1900 4845 1922 4910 l.

411 4951 489 5016 Fiat
512 4948 551 5014 R.
587 4951 627 5015 D.
651 4950 810 5016 buinione
833 4950 908 5016 XVI
930 4951 993 5016 lral.
1018 4950 1204 5015 Novembris
1227 4971 1254 5015 a.
1279 4952 1399 5032 quinto.

520 5208 672 5264 clementis
690 5208 727 5263 Vl
747 5208 773 5262 S.
793 5208 846 5281 Vsa
865 5211 920 5279 (12)
939 5208 958 5264 f.
978 5216 1018 5264 74.
1038 5241 1070 5249 -
1099 5211 1121 5276 ⁸)
1141 5210 1268 5277 ,valeant‘
1286 5210 1313 5264 S.
