5184 7050
548 854 610 921 192

543 1063 661 1127 dictum
684 1062 782 1127 iuerit
804 1064 976 1143 dumtaxat,
1008 1064 1092 1145 quod
1114 1063 1188 1128 olim
1215 1083 1323 1129 secruu
1345 1083 1442 1147 super·
1464 1065 1591 1131 defectu
1621 1066 1782 1146 natalium,
1814 1087 1908 1149 quem
1932 1068 2048 1149 patitur

545 1166 584 1232 de
609 1168 796 1249 presbytero
826 1170 953 1252 genitus
976 1176 1008 1234 et
1032 1171 1208 1253 coniugata,
1239 1170 1324 1252 quod
1347 1170 1430 1235 dicto
1461 1172 1691 1236 nonobstante
1722 1171 1849 1237 defectu
1879 1177 1990 1255 posset
2010 1173 2049 1237 ad

544 1290 652 1336 omnes
674 1273 812 1338 minores
835 1274 961 1339 ordines
985 1275 1162 1356 promoveri
1177 1278 1211 1339 ot
1225 1272 1414 1339 beneficium
1437 1275 1688 1340 ecclesiasticum
1710 1277 1778 1341 sine
1798 1295 1874 1341 cura
1896 1276 2048 1356 obtinere,

545 1373 650 1440 iuerat
672 1379 861 1443 auctoritato
892 1379 1065 1460 apostolica
1096 1379 1322 1461 dispensatum,
1358 1379 1505 1462 dignetur
1526 1379 1558 1446 S.
1582 1380 1619 1446 V.
1642 1380 1801 1459 mandare,
1836 1381 1921 1462 quod
1944 1381 2048 1447 littere

546 1499 644 1562 super
674 1481 759 1546 dicta
788 1482 1022 1565 supplicacione
1053 1484 1262 1566 expediantur
1290 1484 1380 1548 iuxta
1409 1485 1595 1565 premissam
1621 1503 1727 1549 veram
1757 1486 1984 1565 narrationem,
2018 1492 2050 1551 et

550 1585 630 1649 alias
653 1589 748 1667 prout
770 1587 854 1651 dicta
877 1587 1068 1669 supplicacio
1092 1594 1165 1652 stat.

649 1717 721 1782 Fiat
743 1715 809 1799 ΗΡ)
835 1719 873 1783 Ι).
897 1718 980 1799 apud
1004 1718 1243 1797 Villamnouam,
1267 1720 1305 1784 A.
1330 1718 1369 1798 (1.,
1393 1718 1452 1784 XV
1474 1718 1537 1785 kal.
1561 1719 1680 1802 Aprilis
1703 1741 1731 1785 a.
1755 1720 1905 1786 secundo.

650 1933 798 1989 Clementis
816 1934 854 1987 VI
873 1934 891 1986 S
910 1935 965 2003 lisa
985 1936 1022 2003 (4)
1040 1915 1067 1987 i.
1086 1939 1145 1987 26⁶2.
1164 1963 1197 1972 -
1215 1939 1242 1999 ·)
1263 1932 1341 1987 deest
1365 1901 1393 1987 in
1417 1933 1452 2001 S.,
1481 1934 1639 2003 suppletum
1666 1934 1700 1989 ab
1726 1933 1893 1990 editore-
1914 1936 1932 1999 ¹)
1952 1935 1992 1990 sic
2014 1934 2047 2003 S.,

544 2020 639 2075 conier
656 2038 731 2075 nuru.
749 2027 811 2075 2⁷7.
843 2023 864 2088 ²)
882 2020 976 2076 littera
994 2021 1047 2076 ista
1066 2036 1121 2074 non
1141 2028 1183 2076 est
1201 2026 1321 2090 reperta.

546 2616 642 2681 318.
665 2615 822 2697 Episcopo
846 2615 1003 2693 Propensi
1024 2613 1208 2689 mandatur,
1231 2618 1386 2696 qautenus
1409 2619 1549 2679 castrum
1572 2614 1756 2695 Lurdsbcrp
1779 2636 1848 2680 cum
1863 2616 1932 2679 aas
1949 2614 2048 2698 perti-

549 2719 664 2783 nentiis
688 2741 707 2783 (ι
731 2720 920 2783 monasterio
942 2717 1046 2783 Autue
1070 2718 1188 2798 Repiue
1219 2717 1394 2782 arenarum
1417 2718 1460 2782 od
1477 2718 1708 2801 proprietatem
1740 2719 1843 2802 ipsios
1865 2719 2051 2784 monsterii

1141 2822 1289 2886 reducere
1307 2827 1466 2905 procuret.

582 2893 643 3051 U}
1519 2936 1682 3015 avinione,
1708 2936 1793 3000 1344
1815 2936 1933 3002 narra
1955 2940 2007 3002 25.

652 3137 689 3203 V.
713 3137 734 3202 i.
753 3186 784 3199 ..
808 3137 958 3217 episcopo
982 3136 1132 3218 Prageusi
1156 3153 1180 3199 s.
1205 3140 1265 3199 etc.
1292 3136 1380 3200 Tunc
1403 3134 1497 3200 officii
1520 3137 1619 3201 nostri
1644 3136 1784 3201 debitum
1808 3135 1977 3218 diligenter
1999 3156 2054 3201 ex·

552 3243 715 3324 quirinus,
739 3260 809 3306 cum
833 3241 1112 3322 imlernpnitatibus
1135 3240 1342 3304 ecclesiarum
1365 3245 1398 3304 et
1420 3242 1681 3306 monasteriorum
1707 3243 1901 3306 occurrimus
1924 3245 1958 3305 et
1980 3260 2056 3323 erga

548 3346 672 3411 illorum
696 3348 968 3428 presumpcionem
987 3347 1197 3423 temerariam,
1222 3345 1275 3426 qm
1290 3346 1372 3409 bona
1388 3351 1421 3409 et
1435 3347 1505 3409 iura
1520 3346 1725 3411 ecclesiarum
1740 3366 1777 3411 ac
1792 3347 2054 3411 monasteriorum

549 3453 689 3535 ipsorum
711 3451 850 3515 alienare
882 3455 990 3515 contra
1013 3451 1162 3514 canonica
1193 3451 1338 3514 instituta
1368 3457 1562 3532 presumunt,
1594 3456 1781 3533 oportunum
1804 3451 1979 3515 remedium
2001 3451 2056 3515 ad-

548 3557 702 3621 hibemus.
748 3557 898 3621 Exhibita
928 3556 1084 3637 siquidem
1113 3556 1205 3619 uobis
1233 3574 1337 3636 nuper
1359 3555 1410 3618 dd.
1434 3554 1464 3620 ff.
1488 3555 1641 3621 Johamris
1672 3556 1817 3636 Prulerii‚
1853 3554 1989 3622 Comadi
2016 3557 2055 3621 de

548 3662 651 3742 Praga
682 3667 715 3725 et
744 3661 899 3725 Bernardi
931 3661 969 3724 dc
1001 3660 1119 3737 Monte,
1153 3660 1376 3723 inonaclrorurn
1406 3661 1588 3725 urorrasterii
1617 3660 1797 3743 Auleregie,
1833 3659 2056 3726 Cistcrciensis

548 3766 677 3843 ordinis,
700 3771 756 3829 tue
779 3765 925 3843 diocesis,
950 3765 1065 3846 peticio
1080 3764 1105 3847 ¹)
1129 3765 1319 3842 cordinebat,
1344 3765 1427 3844 qrroil
1447 3749 1618 3844 Jolranr'res,
1642 3766 1739 3829 abbas
1763 3765 1838 3828 dicti
1861 3767 2055 3844 monasterii,

548 3878 656 3935 contra
680 3870 925 3933 constituciones
948 3889 1006 3950 per·
1028 3868 1049 3932 i.
1074 3889 1097 3932 r.
1121 3868 1330 3932 Benedictum
1361 3888 1473 3950 piamun
1507 3870 1581 3948 XII,
1612 3871 1871 3951 predecessorem
1897 3871 2055 3949 'nostruin

549 3994 645 4057 super
668 3980 752 4037 statu
777 3978 810 4038 et
837 3975 1063 4038 reiormacioue
1088 3973 1163 4036 clienti
1188 3973 1306 4037 ordinis
1330 3974 1431 4037 editius
1454 3994 1575 4037 necnon
1599 3979 1717 4037 statuta
1741 3973 1859 4037 ordinis
1881 3976 2045 4039 memorati

549 4099 610 4160 (pire
635 4079 717 4142 idem
741 4079 901 4142 Jolrannes
932 4079 1028 4141 abbas
1059 4079 1228 4141 olrseruare
1260 4079 1384 4155 iurauit,
1421 4086 1558 4142 castrum
1593 4079 1710 4142 dictum
1745 4078 1951 4162 Lanilesperg
1985 4100 2055 4145 curn

551 4183 738 4263 qriilrusclam
762 4184 896 4264 oppidis,
921 4183 1003 4246 uillis
1027 4182 1193 4259 ruralibus,
1219 4183 1432 4263 pensionibus
1450 4184 1608 4260 censibus,
1633 4184 1763 4261 iuribus,
1784 4184 2059 4250 iurisdicciouibus

548 4307 585 4350 ac
609 4287 744 4351 ‹loirrinio
768 4293 801 4350 et
824 4288 889 4350 suis
920 4288 1123 4368 pertinenciis
1152 4288 1316 4366 uniuersis,
1349 4307 1480 4369 [priorum
1512 4294 1683 4368 prouentus
1707 4294 1739 4352 et
1762 4288 1907 4353 redditus
1930 4290 1971 4354 ad
1994 4290 2056 4354 duo

548 4392 635 4456 milia
664 4391 855 4455 llorenorum
885 4393 954 4455 auri
986 4393 1025 4455 ad
1056 4394 1158 4456 niinus
1191 4394 1281 4456 aurinis
1316 4393 1448 4474 singulis
1479 4413 1514 4457 se
1537 4393 1721 4470 exterrdunt,
1756 4397 1789 4456 et
1811 4412 1908 4474 super
1941 4394 2057 4474 quibus

547 4497 638 4559 bonis
669 4497 786 4560 dictum
816 4497 1040 4560 rrrorrasteriurn
1071 4504 1121 4560 est
1150 4497 1325 4573 inundatum,
1357 4498 1446 4560 uobis
1477 4503 1510 4560 et
1540 4497 1590 4559 uu.
1624 4495 1654 4561 ll.
1673 4547 1704 4559 ..
1729 4502 1819 4578 pratrc
1842 4497 1957 4562 abbate
1980 4498 2056 4562 ilic-,ti

549 4601 731 4664 monasterii
755 4620 875 4664 necnon
905 4602 1046 4682 generali
1077 4602 1214 4682 capitulo
1238 4602 1380 4664 eiusdem
1404 4602 1522 4665 ordinis
1554 4602 1737 4664 inconsultis
1768 4601 1918 4665 alienavit
1939 4602 2056 4682 irnper-

550 4711 679 4785 petuum
694 4705 718 4786 2)
742 4706 774 4768 in
796 4725 891 4785 graue
915 4707 1015 4786 ipsius
1039 4707 1219 4769 irronasterii
1236 4713 1269 4771 et
1291 4725 1496 4787 personarum
1524 4707 1555 4768 iu
1578 4726 1616 4769 eo
1640 4705 1825 4785 (legencium
1848 4705 2057 4786 preludieiunr

549 4816 581 4872 et
605 4810 765 4888 iacturam,
799 4815 907 4873 cointra
938 4810 1112 4874 iuramenta
1143 4829 1239 4891 super
1269 4811 1493 4874 observacione
1525 4811 1786 4873 constitucionem
1810 4815 1843 4872 et
1865 4814 2056 4873 statutorum

550 4915 762 4994 predictorum
794 4933 852 4995 per
880 4934 951 4978 eum
982 4921 1017 4978 ut
1047 4915 1222 4997 predicitur
1251 4916 1387 4996 prestita
1417 4922 1537 4978 tenuere
1560 4915 1724 4990 seruiendo,
1756 4919 1789 4977 et
1812 4913 1895 4994 quod
1926 4918 2057 4995 propter

548 5017 608 5081 boc
633 5018 716 5081 dieta
740 5018 893 5082 alienacio
917 5023 967 5083 est
990 5019 1079 5084 irrita
1103 5020 1171 5100 ipso
1194 5020 1273 5096 iure,
1298 5019 1444 5100 qriodque
1469 5020 1611 5098 prelatus
1640 5019 1737 5082 abluas
1761 5019 1864 5082 dictos
1887 5018 2056 5081 monachos

550 5141 606 5204 pro
631 5142 678 5199 eo,
712 5123 794 5203 quod
819 5123 877 5205 ipsi
901 5124 1127 5188 alienaciouern
1154 5124 1334 5188 huiusmodi
1358 5130 1421 5187 tam
1445 5124 1476 5186 in
1501 5124 1638 5203 ecupritulo
1669 5142 1762 5204 (luam
1785 5121 1855 5185 aliis
1878 5120 1958 5185 locis
1983 5121 2056 5185 dicti

549 5228 730 5290 ruonasterii
755 5227 956 5308 publicarunt
972 5234 1006 5291 et
1021 5229 1279 5293 crrrrtradixerunt
1302 5228 1414 5303 eidern,
1439 5227 1478 5290 de
1495 5228 1684 5290 rinrrrasterio
1708 5228 1803 5291 eiecit
1818 5226 1929 5290 eodem
1946 5227 2056 5307 eisque

550 5337 655 5394 notam
685 5332 844 5413 apostasia
868 5339 901 5397 et
924 5334 1168 5415 conspiracionis
1199 5334 1331 5413 imponit
1360 5353 1395 5396 iac
1421 5334 1506 5413 ipsos
1538 5337 1706 5413 propterea
1737 5349 1912 5411 perunum
1943 5350 2058 5394 annum

550 5437 716 5518 suspendit
738 5439 837 5503 eciam
861 5458 879 5501 a
902 5438 1016 5502 diuinis
1039 5442 1072 5502 et
1095 5437 1173 5501 alias
1197 5457 1252 5500 eos
1285 5438 1356 5500 iulio
1389 5437 1592 5518 prosequitur
1621 5433 1758 5516 capitali.
1804 5434 1910 5511 Quare
1941 5433 2058 5516 prefati

549 5541 692 5605 monacbi
717 5543 806 5606 nobis
836 5542 998 5606 humiliter·
1027 5541 1254 5624 supplicarunt,
1288 5548 1321 5603 ut
1345 5541 1563 5622 imlempnitati
1587 5560 1622 5602 ac
1647 5539 1742 5602 statui
1774 5539 1850 5601 dicti
1873 5539 2056 5603 monasterii

549 5652 714 5710 eteorum
738 5648 904 5729 prouidere
928 5667 1025 5728 super
1046 5647 1107 5710 biis
1132 5647 1313 5726 clictmuque
1337 5647 1482 5709 aldratem
1506 5650 1635 5725 propter·
1659 5644 1812 5724 preurissa
1835 5643 1946 5722 punire
1971 5643 2059 5707 irrata

550 5751 795 5816 constituciones
819 5753 979 5834 predictas
1001 5757 1135 5841 paterna
1158 5750 1326 5832 diligencia
1349 5749 1558 5833 ‹lignaremun
1597 5749 1662 5813 Nos
1685 5749 1782 5831 igitur·
1804 5747 1948 5812 nolentes
1971 5746 2058 5826 talia,
