5184 7050
1880 913 1942 977 113

429 1122 567 1183 strarum
602 1119 822 1200 predictarum
855 1138 912 1202 pro
948 1122 1102 1201 preterito
1134 1140 1150 1183 a
1188 1117 1264 1184 data
1299 1120 1478 1185 litterarum
1514 1126 1692 1185 nostrarum
1727 1117 1940 1201 predictamm

430 1240 523 1304 super
547 1223 597 1287 ela
621 1221 840 1288 confectarum
862 1227 899 1287 ut
920 1224 1119 1303 premittitur
1140 1243 1177 1288 ac
1201 1225 1342 1306 presenti
1371 1231 1404 1289 et
1433 1226 1541 1289 loturo
1570 1231 1723 1305 tempore,
1747 1242 1867 1287 necnon
1891 1243 1940 1289 rc-

430 1327 529 1405 sidua,
562 1348 627 1410 que
659 1327 699 1392 de
730 1327 895 1406 fructibus,
927 1327 1105 1393 redditibus
1135 1334 1168 1393 et
1198 1329 1405 1408 proventibus
1436 1348 1537 1410 usque
1569 1329 1609 1393 ad
1642 1329 1750 1393 datam
1778 1329 1880 1410 ipsam
1903 1347 1941 1393 ex

431 1432 653 1497 reservacione
683 1432 762 1497 dicti
794 1432 1031 1513 predecessoris
1061 1433 1162 1498 nostri
1194 1451 1318 1497 camere
1349 1434 1534 1514 supradicte
1565 1434 1721 1498 debentur
1754 1433 1805 1497 vel
1839 1433 1940 1499 eciam

433 1534 642 1614 debebantur,
658 1531 754 1618 exigi,
770 1536 879 1614 levari,
895 1535 1018 1617 percipi
1041 1541 1074 1599 et
1097 1535 1200 1600 eidem
1216 1555 1341 1601 camere
1356 1536 1495 1602 fideliter
1510 1544 1543 1603 et
1559 1538 1758 1619 integraliter
1773 1536 1939 1620 assignari,

433 1637 622 1704 discrecioni
640 1644 706 1717 tue,
723 1639 764 1704 de
779 1658 841 1722 qua
864 1639 992 1723 plenam
1007 1638 1039 1703 iu
1057 1638 1182 1703 domino
1206 1638 1355 1705 fiduciam
1378 1642 1527 1723 gerimus,
1543 1653 1601 1722 per
1620 1640 1797 1722 apostolica
1821 1641 1942 1723 scripta

435 1743 658 1808 committimus
682 1748 715 1808 et
737 1743 933 1821 mandamus,
958 1749 1117 1825 quatenus
1140 1761 1198 1823 per
1220 1748 1252 1807 te
1283 1744 1333 1808 vel
1365 1744 1463 1808 alium
1486 1763 1543 1808 scu
1567 1743 1647 1808 alios
1672 1743 1859 1809 collectores
1883 1762 1941 1809 seu

435 1846 683 1912 subcollectores
711 1846 775 1912 fide
804 1865 842 1911 ac
871 1846 1081 1912 facultatibus
1112 1847 1243 1913 idoneos
1266 1867 1285 1911 a
1308 1853 1341 1913 te
1372 1867 1469 1929 super
1500 1848 1560 1912 hoc
1583 1847 1783 1929 deputandos
1806 1847 1939 1925 fructus,

434 1948 577 2014 redditus
599 1956 633 2015 et
656 1956 828 2032 proventus
851 1969 889 2014 ac
912 1951 1040 2015 residua
1064 1952 1249 2033 supradicta
1272 1951 1401 2033 iuxtai’)
1424 1952 1550 2016 modum
1574 1957 1606 2016 et
1637 1951 1769 2017 soranam
1793 1951 1941 2032 superius

435 2059 603 2119 annotatos
625 2060 746 2136 petere,
771 2055 906 2138 exigere,
931 2055 1080 2140 colligere
1103 2061 1135 2119 et
1157 2057 1302 2136 recipere
1324 2056 1450 2120 nomme
1467 2073 1590 2119 camere
1606 2054 1789 2138 supradicte
1805 2052 1942 2118 fideliter

435 2163 464 2222 et
485 2158 691 2241 integraliter
713 2163 746 2221 et
768 2175 817 2236 ea,
840 2176 902 2239 que
925 2158 999 2222 inde
1022 2159 1189 2240 collegeris
1205 2164 1238 2223 et
1253 2161 1423 2241 receperis
1448 2161 1508 2242 ipsi
1533 2177 1657 2224 camere
1680 2159 1845 2241 assignare
1869 2176 1940 2223 cum

436 2262 620 2344 integritate
641 2279 803 2342 procures,
827 2261 1077 2327 contradictores
1100 2263 1260 2343 quoslibet
1283 2263 1465 2344 superbiis
1487 2269 1520 2328 et
1551 2262 1699 2340 rebelles,
1723 2263 1940 2343 cuiuscunque

435 2370 546 2445 status,
572 2363 776 2444 condicionis,
800 2365 921 2429 ordinis
944 2365 993 2429 rel
1018 2366 1184 2448 diguitatis
1208 2368 1358 2445 existant,
1382 2368 1482 2432 eciam
1507 2367 1533 2430 si
1557 2366 1731 2445 pontificali
1755 2366 1804 2442 rel
1828 2366 1940 2449 quavis

434 2467 494 2532 alia
516 2468 723 2552 prefulgeant
746 2469 912 2552 dignitate,
937 2470 1130 2534 auctoritate
1152 2478 1264 2536 nostra
1287 2491 1346 2554 per
1369 2490 1533 2536 censuram
1558 2472 1808 2536 ecclesiasticam
1831 2468 1940 2552 appel·

435 2571 556 2638 lacione
578 2574 761 2655 postposita
785 2574 1022 2653 compescendo,
1046 2592 1109 2639 non
1132 2576 1336 2640 obstantibus
1359 2576 1503 2640 omuibus
1527 2574 1721 2657 supradictis
1741 2579 1798 2637 aut
1813 2591 1940 2654 eremp-

435 2677 531 2742 cionis
549 2676 601 2741 rel
617 2677 783 2758 quibusvis
799 2677 873 2740 aliis
895 2676 1081 2760 privilegiis,
1105 2677 1317 2760 indulgenciis
1336 2686 1369 2744 ct
1383 2680 1510 2758 litteris,
1527 2680 1769 2761 quibuscunque
1783 2677 1940 2759 personia,

436 2780 511 2845 locis
525 2780 579 2845 rel
596 2779 762 2845 ordinibus
778 2798 797 2844 a
812 2780 889 2843 sede
903 2779 1049 2861 predicta
1064 2781 1124 2845 sub
1140 2799 1330 2864 quacunque
1348 2782 1449 2848 forma
1470 2785 1522 2847 rel
1546 2780 1750 2866 expressione
1772 2781 1939 2847 verborum

435 2885 603 2961 concessis,
626 2902 686 2967 per
708 2903 771 2966 que
792 2890 848 2948 tue
870 2883 1136 2965 iurisdicciouis0)
1158 2886 1308 2951 execucio
1321 2885 1349 2968 ¹¹)
1371 2892 1480 2969 posset
1502 2886 1661 2953 retardari
1686 2883 1867 2966 superbiis
1889 2883 1939 2948 vel

436 2988 673 3071 quomodolibet
695 2988 853 3069 impediri,
876 2987 977 3052 eciam
1000 2987 1027 3053 sl
1050 2989 1090 3052 de
1113 2989 1178 3053 illis
1201 2996 1287 3054 esset
1310 2992 1342 3055 in
1364 2991 1567 3071 presentibus
1587 2989 1626 3054 de
1641 2990 1738 3054 verbo
1753 2988 1793 3053 ad
1809 2989 1939 3054 verbum

436 3093 584 3174 specialis
615 3097 649 3156 et
678 3109 831 3174 expressa
861 3091 983 3155 mencio
1013 3091 1170 3171 facienda,
1195 3111 1252 3157 seu
1275 3093 1302 3158 si
1326 3094 1487 3175 aliquibus
1511 3094 1718 3158 communiter
1740 3092 1789 3157 vel
1813 3092 1939 3158 divisim

437 3196 473 3260 ab
495 3197 570 3278 ipsa
593 3196 638 3260 sit
660 3196 737 3260 sede
759 3194 926 3272 indultum,
949 3195 1033 3275 quod
1050 3195 1207 3275 interdici,
1224 3197 1377 3279 suspendi
1393 3197 1442 3262 vel
1458 3196 1722 3261 excommunicari
1738 3215 1800 3260 nou
1816 3196 1940 3276 possint

437 3317 490 3380 per
510 3297 642 3363 litteras
665 3297 860 3379 apostolicas
882 3315 945 3361 uon
967 3297 1123 3363 iacientes
1143 3298 1269 3379 plenam
1286 3306 1318 3364 et
1334 3318 1517 3382 expressam
1533 3318 1570 3363 ac
1586 3299 1625 3363 de
1642 3300 1737 3364 verbo
1753 3298 1939 3362 adverbum

438 3402 472 3467 de
495 3400 622 3467 indulto
643 3400 825 3466 huiusmodi
848 3401 1053 3465 mencionem.
1077 3401 1232 3465 Volumus
1255 3408 1372 3481 autem,
1396 3402 1481 3482 quod
1504 3419 1569 3479 eos,
1585 3402 1640 3483 qni
1662 3400 1722 3465 tibi
1745 3399 1795 3464 vel
1818 3398 1939 3467 eisdem

437 3503 658 3572 collectoribus
680 3510 714 3571 et
736 3504 1021 3572 subcollectoribus
1043 3504 1177 3584 fructus,
1200 3506 1347 3570 redditus
1369 3510 1402 3571 et
1424 3511 1597 3587 proventus
1620 3523 1657 3569 ac
1680 3504 1810 3569 residua
1829 3502 1940 3568 huius·

438 3609 515 3675 modi
539 3611 761 3693 assignabunt,
783 3611 888 3690 possis
911 3628 969 3692 per
991 3615 1024 3675 te
1047 3611 1214 3691 dictosque
1237 3609 1423 3674 collectores
1447 3615 1479 3675 et
1502 3609 1749 3675 subcollectores
1772 3607 1939 3672 absolvere

439 3712 561 3792 plenius
590 3722 624 3779 et
654 3713 780 3796 quitare
810 3712 850 3778 de
872 3712 945 3792 biis,
968 3733 1030 3795 que
1053 3713 1127 3778 iude
1148 3714 1209 3778 tibi
1231 3713 1281 3778 vel
1305 3715 1352 3778 eis
1376 3714 1524 3778 duxerint
1547 3711 1766 3794 persolvenda,
1790 3709 1938 3777 faciendo

440 3835 531 3898 super
554 3817 690 3901 singulis
714 3817 929 3881 solucionibus
951 3818 1024 3882 inde
1046 3817 1201 3882 iaciendis
1224 3818 1287 3882 duo
1310 3817 1419 3883 confici
1452 3817 1627 3881 consimilia
1659 3815 1788 3898 publica
1823 3815 1939 3880 instru-

441 3930 550 4002 menta,
567 3941 702 4005 quorum
718 3921 819 3985 altero
839 3908 938 4001 penes
962 3920 1122 3985 solventes
1138 3921 1224 4003 ipsos
1240 3921 1370 3985 dimisso
1386 3922 1543 4003 reliquom
1567 3920 1607 3985 ad
1631 3920 1764 3985 eandem
1781 3938 1938 3984 cameram

442 4027 561 4091 mittere
583 4045 647 4090 nou
670 4030 854 4108 postponas.
902 4026 941 4089 D.
964 4025 1122 4089 buinioue
1145 4024 1243 4091 XlIlI
1267 4024 1330 4088 kal.
1355 4024 1442 4089 lunii
1466 4045 1494 4090 a.
1519 4026 1665 4090 secundo.

536 4229 688 4283 Clementis
708 4228 747 4281 vl
765 4228 796 4280 V.
818 4234 865 4282 137
885 4230 1064 4296 (saccali)
1084 4229 1103 4283 f.
1122 4233 1146 4285 5'
1167 4247 1191 4282 u.
1211 4236 1253 4283 20.
1289 4230 1473 4299 Registratum
1498 4231 1525 4283 in
1551 4230 1647 4283 ZVGA
1672 4220 1830 4284 Schlesieu‘s
1855 4229 1940 4296 XXV,

445 4320 493 4368 3⁰3.
511 4348 545 4356 -
571 4320 595 4379 ν)
616 4314 794 4369 emendatum
813 4316 848 4369 ab
867 4315 973 4370 editore
992 4332 1038 4369 er:
1058 4332 1120 4382 ,uon
1140 4325 1337 4384 exemptarum,
1356 4334 1409 4385 que
1428 4318 1502 4386 apud
1521 4317 1614 4371 aedem
1633 4318 1813 4384 apostolicam
1827 4316 1868 4368 rel
1883 4317 1940 4369 obi-

446 4416 538 4470 cnnque
566 4402 635 4456 alibi
665 4401 700 4455 ad
730 4401 943 4470 disposicionem
969 4411 1092 4459 nostram
1120 4435 1152 4442 -
1180 4405 1384 4472 spectaucium‘.
1411 4404 1435 4471 b)
1461 4404 1551 4470 ,iusta‘
1576 4403 1608 4456 V.
1634 4406 1656 4469 ο)
1682 4402 1885 4469 ,iuridiccienis‘
1907 4403 1940 4454 V.

445 4487 467 4553 Ι)
482 4490 648 4556 ,exsecucio‘
667 4489 701 4543 V.
720 4519 754 4529 -
775 4491 795 4556 ¹)
816 4496 882 4544 1342
900 4491 967 4544 Maii
986 4497 1027 4545 20.
1083 4558 1085 4562 ,

447 5044 536 5118 2!de
554 5052 714 5115 Diversae
739 5066 904 5128 personae,
934 5047 1017 5110 later
1046 5067 1126 5128 qaas
1152 5048 1248 5110 etium
1273 5045 1378 5118 Annas,
1402 5048 1481 5108 croto
1504 5043 1663 5110 ‚lobannis
1687 5041 1840 5119 Hortlicb,
1864 5063 1937 5123 sap·

444 5152 562 5235 plicurat,
591 5157 753 5237 quatem
782 5150 817 5213 in
845 5150 978 5214 diversis
1007 5151 1209 5215 moncrstcrr'r's
1238 5152 1272 5214 in
1302 5148 1470 5213 coonocbos
1501 5147 1548 5210 cel
1577 5165 1697 5208 sorores
1732 5146 1938 5226 recipiantur.

1443 5319 1605 5392 Aricinae,
1629 5320 1715 5381 1343
1740 5317 1824 5382 llnii
1845 5319 1900 5382 26.

537 5496 731 5580 Supplicant
761 5497 792 5563 S.
817 5497 855 5561 V.
878 5497 1081 5576 infrascripto
1118 5513 1261 5575 persone,
1293 5500 1450 5575 qnatenus
1481 5509 1536 5556 eos
1566 5496 1598 5554 ct
1631 5492 1770 5571 ipsorum
1804 5489 1945 5570 singulos

447 5599 472 5664 iu
490 5603 648 5679 ecclesiis,
671 5601 876 5665 monasteriis
899 5607 931 5665 et
954 5600 1032 5664 locis
1056 5598 1188 5662 iuferius
1210 5599 1380 5662 nominatis
1404 5598 1435 5659 iu
1459 5595 1628 5659 monachos
1652 5602 1685 5659 ct
1707 5597 1739 5659 iu
1766 5595 1882 5658 fratros
1907 5611 1942 5656 ac

447 5721 559 5772 sorores
589 5706 693 5786 recipi
726 5710 759 5768 et
788 5706 867 5785 ipsis
896 5704 1039 5768 hobitum
1070 5703 1201 5765 realiter
1223 5702 1364 5765 exbiberi
1389 5707 1422 5764 et
1445 5699 1533 5763 indui
1557 5719 1593 5761 oc
1618 5701 1741 5763 sincero
1764 5701 1795 5762 iu
1819 5697 1943 5760 douriuo

447 5813 570 5876 aritate
593 5809 732 5874 tractari
757 5808 841 5872 sicut
862 5808 942 5872 alios
963 5808 1133 5872 ruouaclros
1150 5812 1182 5870 et
1197 5825 1322 5870 sorores
1338 5805 1495 5868 ruamlctis
1511 5810 1544 5866 et
1559 5803 1696 5881 iacietis,
1714 5821 1783 5865 cum
1800 5801 1944 5863 onmibus

1824 5907 1840 5953 a
