5184 7050
1871 862 1934 937 lui>

417 1096 475 1154 per
497 1080 622 1140 eundem
641 1082 697 1141 loci
714 1082 902 1141 diocesanum
917 1083 953 1143 de
969 1082 1061 1157 ipsius
1078 1082 1202 1143 ecclesie
1218 1080 1383 1142 redditibus
1400 1089 1430 1141 et
1444 1082 1635 1156 proventibus
1652 1089 1793 1155 perpetuo
1808 1084 1932 1160 vicario,

419 1186 496 1244 inibi
511 1188 629 1246 donnino
645 1188 803 1262 servituro,
819 1188 857 1246 sd
873 1189 1125 1261 presentacionem
1140 1194 1267 1246 vostram
1279 1205 1331 1260 per
1343 1188 1437 1261 ipsum
1451 1188 1637 1246 diocessnum
1649 1187 1679 1245 in
1692 1188 1791 1246 ecdem
1808 1190 1933 1247 ecclesia

419 1290 615 1364 instituendo,
629 1307 758 1365 congrua
772 1293 922 1366 porcione,
935 1310 970 1351 ex
987 1309 1044 1365 qus
1058 1292 1134 1350 idern
1150 1292 1279 1350 vicarius
1293 1293 1390 1350 valent
1407 1291 1555 1349 commode
1571 1292 1741 1365 sustentari,
1754 1292 1933 1365 episcopalia

420 1395 487 1452 iura
506 1397 622 1454 solvere
644 1395 759 1468 aliaque
778 1396 835 1454 sihi
854 1396 1057 1456 incumbencia
1080 1412 1170 1455 onera
1193 1400 1384 1468 supportera3
1409 1413 1467 1453 non
1490 1395 1687 1469 obstantibus,
1703 1395 1730 1453 si
1741 1396 1832 1469 aliqui
1844 1412 1933 1469 snper

421 1499 642 1571 provisionibus
666 1500 721 1558 sibi
745 1498 888 1558 iaciendis
908 1501 944 1559 de
959 1499 1125 1559 huiusmodi
1140 1500 1275 1558 ecclesiis
1290 1501 1336 1558 vel
1352 1499 1419 1558 aliis
1436 1497 1586 1557 benefieiis
1602 1499 1812 1558 ecclesiasticis
1826 1499 1857 1557 in
1873 1501 1932 1559 illis

422 1603 557 1674 partibus
581 1603 723 1676 speciales
746 1605 792 1662 vel
814 1604 965 1678 generales
988 1604 1150 1677 apostolice
1173 1604 1251 1661 sedis
1274 1604 1320 1661 vel
1345 1603 1506 1676 legatorum
1522 1603 1584 1661 eius
1602 1604 1717 1661 litteras
1732 1603 1931 1678 impetrarint,
1998 1624 2000 1630 ·

421 1707 514 1763 ocium
545 1707 571 1764 si
602 1724 655 1779 per
684 1724 734 1766 eas
763 1708 801 1765 cd
824 1707 1042 1781 inbibioionem,
1067 1707 1299 1765 reservacionem
1322 1711 1352 1763 et
1374 1707 1524 1764 ‹tereretum
1547 1708 1592 1765 vel
1615 1707 1688 1765 alies
1711 1707 1930 1778 quomodolibet

421 1811 460 1867 sit
482 1828 664 1885 processum,
686 1827 758 1884 quas
781 1811 897 1870 litteras
920 1818 950 1870 ot
972 1828 1130 1885 processus
1152 1811 1269 1870 habitos
1291 1827 1345 1884 per
1367 1810 1484 1869 eosdem
1498 1811 1537 1868 ad
1552 1809 1697 1883 prefatam
1716 1811 1930 1882 parrochialem

421 1915 576 1973 ecclesiam
597 1915 730 1974 volumus
753 1931 811 1974 non
835 1915 965 1988 extendi,
988 1916 1039 1973 sed
1055 1916 1165 1973 nullum
1181 1930 1234 1988 par
1249 1915 1305 1972 hoc
1321 1915 1364 1972 eis
1380 1914 1475 1986 quoad
1498 1913 1716 1972 assecucionem
1741 1915 1931 1973 ecclesiarum

421 2024 451 2075 et
473 2017 683 2076 beneficiorum
706 2019 830 2077 aliorum
852 2018 1047 2092 preiudicium
1070 2018 1215 2092 generari,
1239 2034 1290 2076 seu
1314 2018 1534 2091 quibuscunque
1550 2018 1721 2091 privilegiis,
1737 2017 1931 2091 indulgentiis

421 2131 450 2179 et
472 2122 583 2180 litteris
605 2121 778 2194 apostolicis
800 2121 988 2194 generalibus
1010 2122 1055 2179 vel
1078 2121 1265 2194 specialibus,
1288 2137 1527 2193 quorumcunque
1551 2125 1685 2179 tenorum
1716 2123 1855 2197 existent,
1878 2141 1932 2196 par

420 2244 474 2298 que
497 2224 688 2299 presentibus
710 2241 769 2283 non
792 2242 932 2299 expressa
954 2226 1000 2283 vel
1022 2225 1157 2283 totaliter
1179 2241 1236 2282 non
1259 2224 1372 2282 inserta
1395 2224 1516 2282 effectus
1539 2239 1639 2283 esrum
1669 2225 1803 2298 impediri
1836 2227 1932 2285 valeat

421 2330 641 2401 quomodolibet
662 2330 708 2387 vel
732 2328 900 2402 differri,'et
916 2330 951 2387 dc
971 2329 1078 2400 quibus
1101 2344 1281 2400 quorumque
1304 2328 1377 2386 totis
1400 2329 1553 2386 tenoribus
1576 2329 1612 2386 de
1634 2329 1724 2386 verbo
1748 2329 1785 2387 sd
1808 2331 1927 2389 verbum

422 2433 556 2492 habende
579 2434 620 2492 sit
637 2434 668 2492 in
684 2434 795 2493 nostris
817 2432 926 2491 litteris
949 2432 1061 2491 mancio
1085 2431 1231 2504 specialis.
1255 2431 1317 2489 Nos
1333 2432 1409 2489 enirn
1432 2432 1548 2489 irritum
1572 2431 1756 2490 decernimus
1780 2438 1809 2490 et
1831 2432 1930 2508 inane,

421 2539 445 2595 si
468 2555 556 2596 secus
586 2554 676 2611 super
705 2538 761 2596 hoo
783 2553 802 2594 s
823 2553 967 2609 quoquam
998 2536 1101 2608 quavis
1131 2535 1310 2594 auctoritate
1342 2536 1470 2594 scienter
1500 2536 1545 2593 vel
1575 2535 1746 2610 ignoranter
1773 2537 1931 2610 contigerit

419 2642 601 2714 attemptari.
623 2641 705 2699 Nulli
727 2658 797 2713 ergo
821 2647 877 2699 etc.
901 2646 1002 2699 nostre
1025 2640 1288 2713 incorporaeionis,
1312 2639 1486 2698 annexionis
1510 2645 1539 2697 ot
1563 2639 1680 2698 unionis
1695 2637 1855 2714 intringere
1871 2646 1929 2700 cte.

422 2740 459 2803 ll.
485 2739 645 2803 buinione
667 2738 730 2803 Vll
753 2737 815 2803 kal.
840 2737 1026 2802 Decembris
1049 2756 1077 2801 a.
1102 2737 1254 2802 secundo.

524 2976 676 3032 Clementis
699 2977 737 3029 VI
761 2979 787 3031 Δ
811 2976 866 3047 llp't
890 2980 945 3046 (ill
969 2977 987 3031 i.
1015 2982 1063 3030 184
1087 2992 1113 3031 n.
1138 2980 1198 3043 283,
1218 2976 1388 3031 diversarum
1416 2976 1564 3030 formarum
1583 2993 1628 3044 qu.
1648 2977 1754 3031 izv.
1775 2982 1823 3030 162
1842 2977 1861 3032 i.
1882 2983 1930 3032 til

419 3080 445 3119 n.
465 3070 526 3119 283.

420 3610 512 3676 272.
546 3606 790 3690 Arcdiepiscopo
824 3604 943 3669 Pisano
977 3605 1103 3687 sitisque
1135 3602 1350 3689 suffroprmcis
1382 3605 1413 3666 et
1440 3601 1540 3667 simili
1572 3603 1661 3667 orode
1694 3602 1927 3686 archiepiscopo

420 3713 579 3796 Processi
607 3713 735 3793 dasque
762 3708 977 3795 suffroyoneis
1006 3708 1189 3778 recondetur,
1220 3712 1375 3789 qrurtemvs
1406 3706 1560 3771 decimam
1582 3706 1770 3770 tricennalem
1792 3708 1928 3771 oninium

418 3818 638 3902 beiseficiorum
659 3814 939 3881 ecclesiasticorum
962 3815 996 3878 in
1012 3814 1180 3897 provincio
1204 3834 1263 3877 suu
1287 3813 1486 3876 existentium
1511 3809 1615 3892 coliipi
1629 3815 1659 3873 et
1680 3810 1781 3874 leucri
1795 3811 1930 3890 faciunt

703 3920 737 3984 ia
759 3918 935 3983 subsidium
958 3923 1106 3983 amotae
1127 3921 1236 3982 contro
1264 3918 1382 3980 Turres
1404 3914 1652 3981 convertendum.

1355 4107 1517 4181 Acioiooe,
1541 4107 1628 4170 1343
1651 4105 1833 4171 Decenvbris
1855 4109 1871 4169 1
1878 4156 1884 4171 .

524 4306 584 4373 Vr.
608 4305 639 4372 ff.
658 4353 691 4369 ..
714 4303 953 4384 archiepiscopo
976 4303 1091 4369 Pisano
1115 4302 1249 4383 eiusque
1272 4297 1479 4380 suffraganeis
1502 4314 1527 4360 s.
1552 4302 1611 4361 etc.
1647 4297 1820 4362 Gustsmus
1843 4316 1928 4362 errro-

420 4412 570 4478 ritudinis
596 4410 736 4486 calicem,
760 4427 830 4473 cum
853 4408 1034 4488 redemptos
1058 4406 1177 4471 Christi
1202 4404 1355 4487 sangnine
1377 4422 1414 4466 ac
1438 4402 1635 4483 professores
1657 4398 1730 4465 fidei
1754 4401 1928 4466 orthodoxe

420 4516 614 4599 percipimus
637 4515 676 4578 cb
699 4512 880 4578 infidelibus
903 4512 1038 4576 diversis
1062 4510 1184 4574 iniuriis
1208 4515 1240 4573 et
1262 4507 1416 4588 angustiis
1439 4503 1522 4571 aiiioi
1546 4512 1578 4570 ot
1594 4504 1822 4586 ‹pmlammcdo
1844 4504 1927 4568 leoe-

419 4622 492 4699 rari,
516 4625 551 4683 et
572 4618 644 4682 ideo
668 4618 808 4700 ipsorum
830 4616 1002 4699 srrgrrstics
1025 4614 1250 4678 tribulacioues
1274 4618 1307 4677 et
1323 4628 1488 4693 pressuras
1504 4608 1709 4673 detestabiles
1725 4608 1927 4688 deplorantes

420 4745 477 4808 per
499 4726 625 4790 inte-rue
647 4722 873 4804 compassionis
896 4721 1043 4786 afflictum
1066 4739 1136 4783 curu
1159 4720 1205 4782 eis
1228 4718 1346 4782 ‹loloris
1369 4722 1526 4781 tormenta
1549 4714 1701 4796 pertimui·
1717 4732 1764 4792 ae,
1781 4720 1874 4794 prout
1890 4732 1928 4777 eu

419 4831 527 4895 debito
547 4827 638 4893 nobis
660 4827 811 4893 iucurnbit
833 4826 930 4891 oflicii
953 4825 1130 4906 pestorulis,
1152 4825 1218 4888 vias
1235 4830 1267 4887 et
1282 4823 1391 4887 rnodos
1406 4822 1542 4885 libenter
1557 4820 1761 4900 exquirimus,
1778 4837 1834 4899 per
1850 4837 1928 4898 quos

419 4933 498 4999 tides
513 4932 700 4998 ‹leicusctur
714 4929 870 4995 cstlrolica
885 4934 919 4993 et
932 4928 1044 4994 fictiles
1060 4929 1119 5010 ipsi
1136 4930 1174 4993 ab
1191 4927 1459 5009 oppressionibus,
1473 4924 1616 5005 ilonrpnis
1632 4930 1665 4987 et
1680 4923 1803 4988 iniuriis
1819 4922 1928 4986 huius·

423 5038 507 5103 modi
531 5036 723 5101 releventur.
747 5035 829 5101 Saue
852 5052 912 5097 non
929 5034 997 5097 sine
1016 5034 1103 5114 gruvi
1120 5033 1224 5097 cordis
1240 5031 1348 5093 dolore
1360 5029 1536 5106 referimus,
1552 5033 1646 5109 prout
1660 5028 1734 5092 faeti
1751 5027 1849 5090 eciem
1865 5027 1929 5091 evi-

419 5143 531 5208 dencis
547 5139 698 5224 prodolor
718 5140 777 5203 toti
800 5138 915 5204 mumlo
937 5139 1085 5214 notorict
1102 5136 1185 5217 quod
1208 5142 1318 5216 persides
1338 5135 1462 5198 illorurn
1479 5133 1631 5198 atrocium
1648 5150 1849 5214 paganorum,
1867 5150 1928 5212 que

418 5247 535 5312 Turehi
552 5244 674 5328 vulgari
691 5239 1427 5325 liuguevocantu1·,sicientesispertisfaueibus
1444 5238 1626 5319 sauguinem
1643 5236 1750 5318 populi
1766 5235 1927 5299 christiani

418 5358 451 5415 et
464 5352 505 5416 ad
522 5349 745 5415 ertenuiniuru
761 5365 869 5411 eorum
885 5351 919 5409 et
934 5346 1088 5409 catholice
1103 5345 1177 5408 lidei
1189 5345 1411 5421 anlrelantes,⁸i
1428 5342 1570 5406 collectis
1586 5361 1642 5405 sue
1655 5342 1774 5405 viribus
1789 5340 1929 5404 nacionis

417 5455 556 5521 aeertis
581 5458 667 5518 retro
691 5452 881 5516 continuatis
903 5450 1099 5530 temporibus
1123 5448 1350 5512 cummaxime
1374 5446 1550 5528 quantitate
1584 5444 1739 5523 lignorum
1769 5443 1927 5507 navalium

416 5566 611 5626 armatorum
634 5557 667 5620 in
690 5556 833 5637 pertibus
855 5554 1007 5618 Riirnouio
1030 5559 1063 5617 et
1085 5553 1156 5617 aliis
1179 5552 1256 5616 locis
1279 5550 1419 5614 lideliuur
1443 5548 1613 5613 cvirrvicinis
1637 5548 1756 5611 eisdem
1783 5547 1928 5611 sinistis-

417 5685 528 5730 uorurn
551 5661 633 5729 fines
657 5679 715 5742 per
735 5678 822 5724 incre
845 5658 964 5723 luerint
982 5658 1115 5735 inmissi
1132 5657 1211 5720 etin
1235 5656 1423 5719 christianos
1439 5658 1472 5717 et
1486 5654 1556 5717 loce
1571 5658 1604 5715 et
1620 5651 1738 5715 insulas
1755 5651 1925 5714 eorundem

414 5771 568 5835 atrociter
599 5765 760 5830 sevientes
790 5781 850 5845 per
877 5780 964 5826 mare
994 5762 1212 5825 discurrerunt
1241 5760 1395 5823 haetenus
1425 5765 1457 5822 et
1486 5776 1548 5821 non
1578 5762 1704 5820 cessant
1738 5756 1926 5826 discurrere,
