5184 7050
548 825 615 893 586

651 1032 732 1098 Item
756 1032 776 1095 J
779 1033 877 1099 acobo
900 1033 1029 1100 Gablini
1054 1033 1093 1097 de
1116 1034 1246 1098 Brunna
1269 1032 1310 1098 dc
1333 1034 1518 1099 carronicatu
1542 1033 1677 1100 ecclesie
1694 1032 1874 1101 Misnensis
1889 1032 2055 1100 necnonde

546 1139 749 1220 prepositura
771 1137 914 1202 eiusdem
938 1139 1085 1216 ecclesie,
1111 1158 1168 1220 per
1192 1139 1324 1204 liberam
1347 1140 1596 1222 resignacionem
1616 1139 1718 1221 ipsius
1733 1138 1898 1220 Nicholay
1923 1138 2057 1204 similiter

546 1243 731 1308 vacantibus
753 1242 839 1323 apud
861 1242 1069 1324 apostolicam
1092 1243 1210 1322 sedem,
1234 1243 1406 1326 dignemini
1429 1244 1606 1325 providere,
1623 1262 1718 1309 maur
1737 1262 1815 1309 vero
1833 1243 1876 1308 de
1892 1244 2056 1309 maioribus

547 1346 648 1431 ipsius
671 1345 807 1411 ecclesie
829 1346 1010 1427 prebendis,
1035 1348 1061 1412 si
1085 1365 1148 1428 qua
1169 1351 1265 1414 vacat
1287 1346 1328 1411 ad
1351 1365 1497 1429 presens,
1517 1348 1570 1412 vel
1594 1366 1663 1412 cum
1695 1347 1835 1425 vacabit,
1861 1367 1963 1430 quam
1984 1348 2055 1414 idern

546 1450 687 1518 Jacobus
709 1450 837 1515 duxerit
859 1451 1107 1533 acceptandam·
1123 1451 1344 1518 conterendam
1368 1451 1471 1516 eidem
1495 1452 1661 1519 donacioni
1684 1453 1867 1535 apostolice
1891 1453 2055 1535 dignemini

546 1573 723 1633 roseriam,
753 1573 814 1619 non
846 1555 1048 1621 obstantibus
1071 1556 1312 1638 quibuscunque
1336 1557 1466 1621 statutis
1489 1562 1523 1621 et
1545 1557 1775 1622 consuetudine
1800 1558 1909 1640 ipsius
1932 1557 2056 1623 ecclesie

547 1666 582 1725 et
603 1659 771 1745 presertim
804 1659 878 1737 illis,
913 1660 1029 1740 quibus
1064 1661 1168 1725 caveri
1199 1660 1325 1742 dicitur,
1356 1660 1441 1742 quod
1467 1660 1574 1726 nullus
1597 1662 1746 1726 maiorem
1771 1662 1806 1726 in
1830 1662 1905 1744 ipsa
1928 1662 2055 1728 ecclesia

546 1766 649 1848 possit
679 1763 822 1830 obtinere
851 1750 1054 1846 prebendam,
1085 1765 1146 1829 nisi
1176 1765 1277 1846 primo
1308 1764 1459 1830 minorem
1490 1766 1663 1830 obtinuerit
1692 1766 1724 1830 in
1757 1766 1884 1845 eadem,
1916 1772 1952 1833 et
1980 1767 2052 1849 quod

546 1869 704 1953 gradatim
727 1887 785 1950 per
806 1869 945 1933 minores
968 1873 1001 1933 et
1022 1869 1158 1934 maiores
1183 1868 1361 1950 prebendas
1384 1870 1574 1947 ascenderit,
1599 1889 1656 1935 seu
1687 1869 1772 1952 quod
1804 1869 1893 1936 idem
1924 1869 2052 1937 Jacobus

547 1972 581 2038 in
603 1972 741 2037 ccclesia
764 1974 864 2037 sancti
887 1971 974 2037 Petri
997 1972 1037 2036 de
1061 1972 1198 2050 Brnnna,
1223 1971 1444 2039 Olomuccusis
1468 1973 1614 2053 diocesin,
1638 1975 1865 2040 canomcatum
1888 1975 2050 2040 obtinete

548 2076 752 2160 prebendam,
787 2094 844 2141 scu
877 2075 961 2158 quod
995 2077 1116 2159 patitur
1150 2077 1182 2141 in
1213 2081 1298 2142 etate
1322 2077 1492 2157 defectum,
1516 2097 1585 2143 cum
1609 2080 1640 2144 in
1663 2080 1819 2162 vigesimo
1843 2080 1947 2162 primo
1969 2081 2048 2144 eatis

549 2201 606 2246 suc
641 2200 723 2246 anno
757 2181 806 2245 rel
842 2181 968 2245 circiter
1002 2182 1194 2247 constitutus
1229 2183 1357 2261 existat,
1393 2201 1490 2263 super
1523 2203 1585 2265 quo
1616 2184 1788 2266 dignemini
1813 2184 2048 2249 misericorditer

549 2286 744 2369 dispensare,
769 2305 841 2350 cum
863 2285 1009 2350 omnibns
1033 2285 1186 2351 clausulis
1209 2293 1242 2353 et
1258 2306 1327 2351 non
1350 2288 1562 2366 obstantibus,
1586 2290 1669 2354 sicut
1692 2307 1799 2370 supra.

651 2391 726 2457 Fiat
748 2397 781 2457 et
804 2393 1026 2476 dispensamus
1048 2391 1122 2472 R.¹)
1619 2437 1621 2441 «

653 2493 759 2583 [,1tern
785 2499 893 2560 Ottoui
914 2501 1081 2559 stancisci
1104 2533 1146 2542 —
1168 2501 1243 2558 Fiat
1267 2502 1318 2570 R‘,
1342 2505 1374 2558 ut
1398 2506 1431 2558 ia
1456 2521 1538 2560 aum.
1564 2495 1674 2585 1043J.

653 2597 759 2687 [,'Itcrn
780 2605 875 2663 Petro
899 2605 1055 2663 Plasscrir'
1076 2638 1117 2648 —
1141 2605 1217 2663 Fiat
1241 2606 1283 2663 ad
1306 2607 1480 2664 triennium
1504 2606 1554 2676 R‘,
1579 2610 1611 2664 ot
1635 2610 1668 2664 iu
1693 2624 1778 2663 auru.
1806 2599 1919 2689 1043}

654 2707 698 2771 Et
720 2725 750 2789 q.
774 2710 797 2771 t.
821 2724 846 2771 s
870 2725 907 2790 a,
923 2704 943 2769 l.
989 2705 1062 2771 Fiat
1084 2705 1121 2770 R.
1168 2706 1206 2771 D.
1232 2706 1389 2772 Aninioue
1413 2707 1479 2773 ΙΙΙ-Ι
1502 2706 1567 2773 kal.
1591 2707 1739 2773 Januarii
1763 2726 1791 2773 a.
1817 2709 1964 2792 septimo.

654 2860 804 2916 Clementis
823 2859 908 2915 vla.
926 2858 1005 2930 Vilis
1025 2861 1081 2928 (16)
1103 2860 1121 2914 l.
1140 2864 1182 2914 88.
1201 2891 1235 2901 -
1261 2866 1285 2928 ⁸)
1303 2860 1431 2927 ,ecclesia
1449 2860 1574 2917 ecclesia‘
1592 2861 1618 2916 S«
1638 2893 1671 2902 -
1691 2863 1711 2927 ι)
1730 2862 1780 2917 alr.
1801 2878 1879 2916 uram.
1901 2868 1971 2916 luat.

1198 3039 1325 3047 n-——.--
1333 3041 1404 3047 -—--

550 3229 671 3299 1048.
692 3229 811 3297 Jacobs
836 3227 964 3294 Gabi-iai
985 3229 1023 3293 de
1045 3231 1181 3294 Bruuua
1198 3229 1385 3312 providetur
1401 3227 1424 3310 ¹)
1448 3229 1486 3294 de
1513 3231 1741 3314 praepositura
1768 3232 1804 3294 iu
1828 3231 1962 3297 welcsia
1984 3230 2046 3297 blis-

550 3335 640 3401 aeusi
660 3337 847 3399 oacamect
869 3333 907 3398 de
929 3334 1120 3399 caueaieata
1141 3333 1278 3398 eiusdaa
1301 3333 1451 3399 ecciesiae
1472 3333 1529 3398 sub
1545 3336 1760 3419 expectatione
1774 3337 1916 3402 arauris
1930 3335 2047 3401 abab

545 3438 756 3525 maebardae,
780 3457 841 3503 acu
864 3437 1007 3502 obstante
1028 3439 1119 3502 utin
1142 3459 1226 3504 uum.
1249 3441 1346 3515 1047,
1370 3442 1400 3501 et
1422 3438 1626 3521 dispensatur
1648 3460 1717 3504 cum
1748 3460 1782 3504 eo
1813 3460 1919 3525 super-
1944 3440 2049 3521 &sede

550 3544 677 3619 aetatis,
709 3542 771 3608 bac
803 3547 910 3608 tamea
943 3542 1126 3623 coaditieue,
1152 3548 1188 3607 at
1220 3541 1448 3627 praepositura
1482 3545 1655 3609 Misueasis
1689 3543 1805 3610 debitis
1844 3546 1973 3611 interim
2002 3563 2048 3610 sor

543 3646 722 3729 fraudetur
743 3647 908 3729 obsequiis,
931 3651 962 3711 et
982 3651 1019 3711 at
1042 3647 1117 3731 ipse,
1136 3651 1308 3732 postquam
1328 3648 1372 3712 ad
1394 3652 1530 3713 aetatem
1560 3650 1739 3731 pervenerit
1761 3649 1806 3713 ad
1830 3649 1869 3713 ia
1890 3654 2008 3733 aptam
2026 3668 2048 3710 u

543 3754 656 3834 saciat
678 3752 721 3817 ad
742 3752 878 3831 ordines,
903 3755 1001 3835 prout
1030 3752 1132 3835 ipsius
1160 3753 1408 3835 praepositurae
1440 3772 1518 3816 onus
1541 3753 1693 3835 requirat,
1716 3755 1854 3817 statutis
1877 3753 2047 3839 temporibus

545 3856 734 3942 promoveri.
780 3856 833 3932 ,D.
856 3853 1012 3921 Auiuioae
1036 3856 1115 3921 IIII
1139 3856 1205 3921 irat.
1227 3856 1386 3924 Jaurrarii
1407 3878 1437 3921 a.
1460 3858 1612 3941 septenus
1637 3896 1677 3903 —
1703 3859 1742 3922 Iu
1764 3882 1790 3923 e.
1815 3880 1860 3923 m.
1883 3858 2047 3943 praeposite

553 3960 846 4041 armelausa
880 3963 924 4024 et·
940 3959 1057 4025 decarw
1090 3960 1340 4036 Badissiuerasr's,
1365 3962 1539 4042 Praepuasis
1568 3965 1599 4027 ct
1621 3961 1794 4027 Misaeasis
1826 3963 2004 4038 diocesim
2021 3978 2047 4025 oc

790 4066 950 4129 sacristae
971 4063 1193 4130 Amuunerrsis
1216 4064 1428 4130 ecclesianam.
1475 4066 1591 4130 Forma
1613 4070 1650 4129 ut
1671 4066 1706 4129 ia
1727 4086 1758 4130 u.
1782 4068 1815 4132 6.

1463 4205 1626 4286 Auiuiortc,
1648 4208 1737 4271 1348
1760 4207 1950 4272 Decembris
1968 4210 2014 4272 29.

658 4360 806 4414 Clementis
824 4359 863 4413 Vl
882 4362 915 4415 A.
935 4360 1015 4428 Vlllb
1034 4363 1106 4429 (104)
1125 4360 1143 4414 l.
1163 4366 1212 4413 542
1231 4377 1257 4415 n.
1272 4366 1314 4427 63,
1333 4360 1366 4415 de
1386 4360 1563 4429 dignitatibus
1582 4361 1741 4416 vacantibus
1760 4377 1807 4430 qu.
1827 4371 1852 4430 3,
1871 4363 1978 4418 rubrica
1994 4360 2042 4415 sols

555 4447 676 4502 Litterae
703 4447 731 4501 in
756 4449 789 4502 V.
816 4451 864 4501 188
889 4447 908 4501 t.
928 4449 985 4501 159Ι
1005 4464 1030 4500 n.
1051 4453 1083 4501 62
1102 4448 1151 4515 (sic
1162 4450 1179 4515 l)
1201 4479 1234 4487 -
1261 4451 1284 4513 e)
1304 4448 1574 4514 ,Luthomericensis‘
1592 4451 1624 4502 A.
1644 4480 1678 4488 —
1699 4451 1718 4514 ¹)
1739 4449 1774 4503 de
1792 4450 1994 4520 supplicatione
2009 4447 2040 4502 l'i

552 4534 632 4602 colai,
651 4535 809 4590 cancellarii
834 4535 906 4604 regis
931 4534 1123 4602 Romanorum,
1150 4551 1243 4603 quarn·
1256 4536 1318 4589 ride
1343 4536 1371 4588 in
1391 4552 1464 4590 num.
1484 4541 1550 4589 1043
1569 4543 1598 4590 et
1615 4543 1767 4591 correctm
1785 4536 1820 4590 in·
1835 4553 1911 4592 num.
1932 4542 2000 4604 lost,
2012 4533 2041 4587 la

553 4622 629 4676 nulla
653 4623 683 4675 tit
702 4623 811 4677 mentio.

553 4938 672 5007 1049.
699 4936 842 5013 (brattea,
873 4939 1087 5003 Romanorum
1117 4941 1147 5002 ct
1176 4937 1348 5003 Bobemiac
1376 4961 1443 5014 ree,
1474 4938 1645 5023 supplicat,
1678 4943 1715 5004 ut
1745 4942 1904 5022 mapsam
1925 4934 2041 5008 Jobosu'

555 5042 652 5110 Pauli
667 5043 705 5107 rte
718 5042 855 5106 Pistoris
871 5041 908 5105 rte
923 5041 1077 5125 hospitati
1086 5063 1266 5127 pauperum
1280 5043 1386 5108 sancti
1399 5042 1636 5110 Bartholomaei
1650 5043 1689 5108 dc
1699 5043 1839 5128 Alpibus
1848 5044 2041 5129 provideatis·

1466 5183 1629 5260 Aoiuioue,
1653 5186 1739 5249 1348
1763 5184 1948 5250 Decembris
1968 5185 2012 5249 29.

657 5321 824 5405 Supplicat
854 5322 885 5388 S.
917 5321 954 5386 V.
987 5322 1212 5387 devotissimus
1241 5322 1262 5387 t.
1294 5341 1323 5386 v.
1354 5322 1501 5401 Karalus,
1536 5324 1749 5388 Rauracorum
1782 5329 1816 5388 et
1848 5325 2042 5392 mentera

552 5432 710 5511 quatenus
732 5427 793 5491 sibi
815 5427 848 5491 in
871 5445 1039 5509 personam
1069 5426 1177 5492 dilecti
1207 5432 1239 5491 et
1268 5428 1392 5509 antiqui
1426 5429 1592 5493 secretarii
1622 5434 1656 5493 et
1687 5428 1869 5495 familiaris·
1889 5431 1950 5509 sui,
1981 5441 2042 5493 nure

553 5532 783 5599 abbreviatoris
806 5531 893 5595 curie
916 5539 1032 5613 vestre,
1055 5533 1198 5614 magistri
1220 5531 1376 5597 «Iohannis
1402 5531 1492 5597 Pauli
1516 5532 1555 5595 de
1579 5532 1727 5611 Pistorio,
1754 5552 1814 5615 pro
1839 5553 1904 5616 quo
1919 5543 1980 5599 mur
1994 5533 2043 5613 ips‘

554 5658 649 5721 quarn
672 5640 701 5701 b.
726 5657 765 5702 m.
790 5656 845 5701 rer
869 5638 1008 5716 Boenrie,
1031 5639 1155 5718 genitor
1178 5656 1264 5715 suns,
1290 5637 1320 5700 S.
1344 5638 1498 5719 prcurisse
1515 5637 1680 5717 sepissime
1697 5637 1924 5719 supplicarunt
1944 5639 2043 5716 absque⁸

556 5763 602 5820 eo,
627 5742 710 5824 qlllrll
735 5742 836 5805 adlnu·
861 5762 917 5824 pro
941 5764 979 5803 eo
1002 5743 1140 5820 graciam
1164 5742 1303 5821 aliquam
1321 5742 1522 5822 ruqmrtarint,
1540 5742 1711 5822 specialem
1736 5744 1877 5824 graciam
1901 5743 2043 5809 iaciente,
2079 5800 2085 5805 .
