5184 7050
1990 853 2055 921 573

543 1049 666 1116 1019.
696 1046 866 1128 Racdolfun
897 1048 964 1114 aar
994 1051 1166 1132 Saconiae,
1195 1053 1285 1119 sacri
1319 1057 1453 1120 &moni
1481 1056 1609 1141 imperii
1640 1056 1960 1135 archimarseleolcus,
1986 1081 2061 1145 sup·

540 1151 656 1237 plicat,
684 1156 841 1234 quatenus
866 1151 1037 1233 familiari
1064 1174 1122 1220 suo
1151 1154 1423 1240 monitoriam,
1449 1159 1568 1240 clerico,
1593 1161 1667 1245 filio
1692 1162 1856 1246 Ottonis,·)
1878 1163 2063 1247 bmpqrocii

542 1257 585 1322 ele
613 1253 773 1341 marias)
802 1259 1008 1326 canonicatus
1043 1279 1113 1326 cum
1151 1261 1267 1327 maiori
1294 1262 1479 1347 praebenda
1510 1265 1658 1333 ecclcsiae
1689 1267 1980 1351 Maqdeburpensis,
2018 1270 2063 1350 ,in

544 1382 613 1445 quo
635 1361 737 1428 emam
758 1361 859 1428 cidens
879 1362 1025 1432 Jobanni
1048 1363 1190 1445 Carolus,
1208 1367 1423 1433 Ronanorum
1444 1390 1510 1449 res,
1528 1372 1710 1456 porrexerit
1726 1373 1908 1457 primarias
1925 1377 2059 1458 preces,

668 1469 884 1547 momorantur.
908 1467 995 1544 ,Fiat
1019 1470 1057 1535 R.
1074 1520 1081 1535 .
1098 1521 1105 1536 .
1123 1520 1156 1536 ..
1181 1470 1221 1535 D.
1245 1470 1405 1537 Auiuione
1425 1472 1489 1540 bal.
1514 1475 1705 1559 Septembris
1729 1498 1759 1543 a.
1783 1477 1935 1561 septimo!

1468 1612 1631 1693 damiane,
1654 1616 1742 1682 1348
1763 1614 1956 1700 Septembris
1979 1621 2008 1682 l.

652 1740 802 1800 Clementis
821 1741 859 1797 vl
877 1741 903 1798 S.
923 1741 1000 1813 vuli
1022 1749 1077 1815 (lb)
1095 1745 1113 1801 i.
1133 1748 1202 1802 216¹.
1221 1776 1255 1787 -
1282 1749 1306 1798 tl
1326 1746 1459 1806 ‚Othonis‘
1477 1749 1502 1804 S.
1531 1750 1555 1817 b)
1574 1750 1709 1820 ,Wiutlin‘
1728 1750 1754 1808 S.

544 2151 667 2218 1020.
694 2149 836 2233 Carolus,
858 2151 910 2219 dei
928 2152 1041 2234 pratia
1064 2153 1277 2216 miserarum
1299 2156 1329 2217 et
1350 2152 1522 2217 Bobemiae
1543 2172 1609 2230 res,
1625 2152 1795 2236 supplicat,
1811 2157 1846 2217 ut
1862 2155 2059 2232 cumfratre

547 2255 696 2334 Henrioo,
722 2256 907 2340 praeposito
935 2255 1121 2322 monasterii
1150 2255 1377 2336 anerasiensis,
1400 2276 1497 2339 super
1519 2255 1645 2336 &semu
1667 2255 1825 2322 natalium
1848 2254 1987 2340 anrplius
2010 2256 2058 2320 cli·

542 2364 721 2446 spenaetur,
743 2359 792 2425 ita
814 2364 850 2426 ut
871 2361 968 2427 etiam
989 2361 1034 2427 ad
1055 2358 1246 2445 episcopales
1269 2360 1442 2442 dipnitates
1464 2359 1538 2443 eligi
1560 2365 1590 2425 et
1612 2361 1655 2425 acl
1677 2361 1767 2444 ipsas
1791 2362 1912 2427 assumi
1941 2362 2054 2445 possit.

1451 2499 1614 2579 seimane,
1639 2500 1724 2566 sees
1745 2497 1938 2583 spumosa
1959 2502 2012 2567 10.

651 2637 816 2722 Significat
846 2640 878 2707 S.
901 2639 939 2707 V.
963 2638 1097 2706 devotus
1127 2639 1148 2704 f.
1173 2659 1201 2704 v.
1225 2638 1375 2717 Karolns,
1406 2638 1457 2705 dei
1488 2640 1596 2724 gracia
1626 2639 1836 2704 Romanorum
1863 2643 1897 2704 et
1927 2639 2057 2705 Boemie

545 2763 614 2824 rex,
645 2744 729 2827 qnod
760 2743 879 2809 dudum
909 2762 980 2809 cum
1011 2744 1125 2809 devoto
1156 2743 1322 2826 capellano
1346 2761 1403 2809 suo
1426 2742 1524 2809 fratre
1548 2741 1697 2823 Henrieo,
1721 2743 1871 2808 canonico
1894 2744 1977 2809 sacri
2002 2745 2057 2810 Se-

545 2847 652 2932 pulcri
675 2847 833 2914 Dominici
855 2845 1114 2926 ierosolimitani,
1137 2848 1300 2931 preposito
1322 2849 1509 2914 monastem'i
1532 2848 1750 2916 Sderasiensis
1784 2866 1882 2931 prope
1913 2848 2056 2932 Pragsm,

546 2953 589 3020 de
612 2953 806 3019 subdiacono
829 2953 936 3036 genito
959 2956 992 3018 et
1014 2951 1129 3030 soluta,
1151 2952 1236 3035 quod
1259 2953 1329 3035 ipso
1352 2951 1479 3018 deiectu
1510 2971 1571 3018 non
1602 2951 1750 3019 obstante
1779 2953 1882 3034 possit
1904 2952 2057 3019 beneficia

543 3058 777 3136 ecclesiastica,
812 3057 913 3125 esiam
945 3057 973 3122 si
1008 3057 1072 3122 siut
1101 3056 1274 3140 dignitates
1300 3063 1334 3123 et
1356 3075 1463 3123 curam
1485 3056 1625 3123 habeant
1648 3058 1834 3136 animarum,
1858 3057 2002 3122 obtinere
2025 3064 2058 3123 et

543 3162 586 3228 ad
610 3163 697 3246 ipsas
719 3161 806 3229 licite
829 3161 905 3245 eligi
928 3167 961 3228 et
983 3162 1114 3248 assumi,
1136 3164 1328 3228 auctoritate
1351 3161 1383 3230 S.
1406 3162 1444 3229 V.
1466 3161 1529 3228 fuit
1550 3162 1694 3246 gramme
1716 3161 1947 3244 dispensatum.
1976 3161 2056 3228 Cum

545 3273 655 3333 autem
678 3267 762 3333 idem
784 3265 944 3334 Haurious
967 3266 1034 3334 suis
1056 3267 1179 3333 meritis
1195 3271 1227 3332 et
1242 3267 1425 3334 bonafama
1440 3267 1537 3333 talem
1553 3285 1588 3333 se
1603 3265 1752 3345 reddidit,
1769 3266 1853 3349 quod
1872 3266 1913 3332 sd
1936 3267 2056 3332 maiora

544 3372 660 3438 mento
694 3376 746 3438 est
778 3371 1030 3455 promovendus:
1065 3389 1164 3453 qnare
1198 3371 1358 3454 supplicat
1381 3370 1484 3437 eidem
1507 3372 1537 3439 S.
1562 3371 1599 3439 V.
1624 3371 1706 3437 idem
1729 3370 1877 3450 Karalus,
1901 3377 2057 3454 quatenus
2132 3369 2135 3373 ’

542 3475 608 3543 sibi
642 3476 676 3543 in
709 3494 878 3561 personam
911 3475 988 3543 dieti
1022 3473 1133 3543 fratris
1165 3474 1296 3543 Hemioi
1331 3476 1501 3560 specialem
1533 3477 1672 3563 graciam
1702 3476 1867 3555 iacientes,
1891 3495 1962 3543 cnm
1986 3477 2055 3559 ipso

541 3582 645 3649 frans
667 3580 816 3661 Henrico,
838 3587 875 3649 ut
897 3582 998 3648 eciam
1021 3579 1061 3647 ad
1084 3580 1282 3665 episcopales
1306 3583 1477 3665 dignitates
1500 3583 1588 3649 licite
1611 3582 1686 3666 eligi
1709 3582 1805 3647 etad
1836 3582 1923 3664 ipsas
1954 3582 2056 3648 libere

542 3688 666 3754 assumi
699 3687 816 3768 valeat,
849 3686 1030 3754 huiusmodi
1064 3686 1191 3753 deiectu
1225 3693 1258 3752 et
1291 3688 1533 3771 quibuscunque
1571 3688 1855 3754 constitutionibus
1889 3685 2057 3768 contrariis

542 3791 642 3858 editis
676 3791 727 3857 vel
759 3792 892 3858 edendis
924 3809 1124 3876 nequaquam
1158 3786 1369 3872 obstantibus,
1405 3793 1576 3876 dignemini
1612 3794 1651 3859 de
1683 3792 1821 3858 ubenori
1846 3791 1927 3857 douo
1949 3791 2057 3875 gracie

544 3896 747 3981 dispensare,
770 3914 841 3962 cum
863 3896 1008 3964 omnibus
1031 3896 1184 3964 clausulis
1206 3897 1397 3963 necessariis
1420 3902 1479 3964 etc.

652 3999 727 4066 Fiat
749 3999 787 4065 R.
809 4001 853 4067 Et
871 4020 901 4085 q.
917 4007 941 4067 t.
956 4019 982 4067 s.
999 4019 1028 4067 a.
1044 4000 1064 4066 l.
1087 4000 1162 4067 Fiat
1183 4000 1220 4067 R.
1244 4001 1284 4067 l).
1308 4001 1466 4067 Aninione
1489 4002 1556 4069 llll
1579 4002 1621 4068 id.
1646 4000 1841 4086 Septembris
1864 4020 1893 4067 a.
1910 4001 2056 4085 septimo.

651 4170 1193 4245 cmmumummsm

543 4561 668 4629 1021.
703 4557 779 4625 aa·
811 4559 945 4624 Henrioo
977 4558 1067 4623 Petri
1095 4555 1219 4642 Anpeli,
1252 4559 1401 4624 canonico
1430 4557 1577 4642 Sepulori
1610 4556 1769 4623 Dominioi
1793 4554 2056 4630 ierosolimam,

543 4664 669 4729 ordinis
684 4662 788 4728 sancti
803 4661 985 4744 Aapustini,
1002 4663 1056 4745 qui
1070 4666 1118 4729 est
1139 4662 1236 4727 etiam
1252 4662 1458 4747 praepositus
1480 4663 1666 4726 monasterii
1687 4661 1941 4743 Sterosieusis·)
1958 4680 2061 4745 prope

546 4770 701 4850 stapam,
724 4765 845 4832 ordinis
866 4767 972 4832 sancti
993 4766 1176 4848 Aupmtini,
1200 4771 1230 4831 et
1251 4765 1436 4850 capellanus
1461 4763 1576 4845 Caroli,
1602 4768 1816 4830 Itomanorum
1839 4770 1869 4830 ot
1889 4764 2059 4831 Bobeniae

544 4873 641 4955 repis,
656 4871 860 4957 dispensum
874 4872 918 4936 ool
931 4869 1195 4957 supplicationem
1211 4870 1350 4936 citatem
1365 4871 1448 4951 repis
1463 4869 1602 4952 amplius
1624 4892 1720 4954 super
1741 4870 1864 4951 desecta
1886 4868 2056 4947 natalium,

543 4998 638 5063 mern
655 4976 792 5061 patitur,
815 4977 854 5042 cle
873 4976 1063 5042 subdiacono
1084 4974 1239 5041 aeolida
1259 4975 1395 5058 penitus,
1418 4977 1455 5036 ut
1477 4974 1581 5039 eodem
1607 4974 1733 5055 defectu
1764 4980 1794 5039 et
1823 4973 2057 5057 quibuscunque

546 5080 818 5147 constitutionibus
834 5080 1024 5164 apostolicis,
1044 5082 1080 5147 iu
1093 5081 1289 5146 contrarium
1312 5079 1415 5158 editis,
1433 5098 1631 5159 nequaquam
1651 5078 1849 5143 obstantibus
1875 5078 1919 5142 cd
1941 5078 2055 5161 episco-

541 5184 639 5269 pales
661 5184 833 5267 clipnitotas
854 5184 940 5250 licite
960 5184 1036 5268 eligi
1057 5190 1087 5250 et
1110 5185 1152 5249 acl
1174 5186 1264 5269 ipsas
1287 5184 1410 5250 assumi
1430 5183 1525 5247 libere
1535 5184 1648 5266 possit.
1674 5184 1726 5262 ,D.
1744 5183 1901 5249 Aminione
1917 5185 1996 5249 IIII
2014 5180 2058 5247 id.

610 5320 637 5375 χ
1091 5289 1282 5374 Septembris
1305 5312 1335 5355 a.
1359 5289 1512 5373 septimo‘

591 5390 652 5517 ..lxi
1449 5409 1613 5490 Acinione,
1636 5412 1724 5476 1348
1746 5409 1939 5495 Septembris
1961 5412 2013 5477 lo.

653 5580 1007 5655 Clementisvln.i'11l2
1028 5587 1101 5655 (loo)
1121 5584 1139 5639 i.
1160 5590 1209 5639 126
1227 5601 1253 5638 n.
1274 5588 1333 5651 sut,
1355 5582 1524 5638 diversarum
1548 5581 1697 5639 formarum
1723 5599 1766 5654 qn.
1787 5591 1848 5637 l:
1862 5581 1894 5637 V.
1911 5588 1956 5635 191
1978 5582 1997 5636 t.
2023 5589 2055 5636 83

546 5686 575 5726 a
594 5675 648 5725 aas
666 5669 752 5735 (aeq.
770 5698 804 5709 -
831 5674 853 5738 ι)
872 5670 915 5738 ,ne
933 5659 1046 5729 naiffii‘
1065 5673 1139 5740 (sici)
1157 5675 1191 5727 s.
