5184 7050
549 834 610 901 178

547 1042 827 1123 consanguinitatis
856 1041 956 1124 gradu
986 1042 1119 1105 invicem
1150 1060 1185 1105 se
1208 1042 1402 1123 contingunt,
1436 1041 1667 1105 matrimonium
1697 1042 1801 1122 ipsum
1830 1061 1892 1106 non
1923 1047 2057 1123 possunt

546 1146 733 1210 contrahere
763 1145 1002 1227 dispensacione
1032 1163 1129 1226 super
1158 1145 1217 1209 hoc
1250 1144 1425 1225 apostolica
1439 1146 1463 1225 u)
1498 1164 1560 1209 non
1590 1146 1729 1209 obtenta.
1777 1145 1882 1223 Quare
1912 1147 2056 1227 prelatus

547 1269 602 1314 rex
634 1250 733 1314 eciam
767 1268 824 1330 pro
855 1255 945 1331 parte
975 1250 1115 1329 ipsorum
1144 1247 1310 1313 Wilhermi
1341 1254 1374 1312 et
1404 1249 1584 1332 Margarete
1614 1250 1705 1314 nobis
1739 1249 1902 1315 humiliter
1935 1250 2056 1333 suppli-

547 1354 641 1431 cavit,
664 1358 700 1418 ut
722 1353 843 1419 eisdem
865 1352 1035 1419 Wilhelmo
1058 1357 1092 1418 et
1113 1352 1289 1435 Margarita
1313 1351 1480 1434 providere
1510 1370 1606 1433 super
1633 1352 1693 1416 hiis
1717 1351 1756 1417 de
1780 1353 1898 1435 optime
1928 1354 2057 1436 dispen-

546 1459 684 1523 sacionis
706 1458 846 1522 remedio
869 1458 1078 1539 dignaremur.
1123 1457 1190 1522 Nos
1212 1458 1318 1539 igitur,
1350 1457 1404 1539 qui
1426 1455 1562 1521 libenter
1595 1455 1713 1522 Christi
1743 1456 1889 1522 fidelibus
1912 1460 2001 1540 pacis
2024 1465 2057 1523 et

547 1562 663 1643 quietis
686 1562 848 1626 commoda
874 1579 1088 1643 procuramus,
1120 1560 1309 1626 discordiam
1332 1565 1365 1624 et
1387 1561 1586 1626 inimiciciam
1616 1560 1741 1643 aliaque
1771 1562 1853 1627 mala
1875 1563 2056 1628 huiusmodi

546 1665 651 1729 sedari
681 1671 714 1728 et
743 1664 932 1728 summoveri
962 1664 1104 1729 totaliter
1133 1664 1328 1744 affectantes,
1359 1671 1506 1748 gerentes
1537 1683 1663 1747 quoque
1695 1663 1735 1728 de
1757 1670 1812 1729 tue
1846 1666 2057 1749 circumspec-

547 1770 646 1834 cionis
668 1769 824 1833 industria
846 1770 880 1834 in
901 1768 963 1832 biis
986 1773 1019 1833 et
1040 1768 1111 1833 aliis
1141 1769 1288 1834 fiduciam
1311 1770 1343 1834 in
1366 1768 1491 1833 domino
1521 1767 1701 1850 specialem,
1733 1769 1911 1854 huiusmodi
1935 1770 2057 1852 suppli-

547 1873 727 1937 cacionibus
765 1871 904 1937 inclinati
944 1874 1134 1939 fraternitati
1172 1877 1227 1937 tue
1265 1891 1323 1954 per
1359 1873 1532 1954 apostolica
1569 1874 1688 1954 scripta
1701 1871 1728 1950 Ἰ)
1767 1874 1994 1938 committimus
2025 1879 2057 1939 et

547 1977 740 2054 mandamus,
778 1981 944 2057 quatenus
979 1977 1006 2040 si
1040 1980 1090 2040 est
1122 1978 1176 2055 ita,
1215 1997 1286 2042 curn
1320 1977 1440 2042 eisdem
1475 1977 1641 2042 Wilbelmo
1676 1982 1708 2042 et
1741 1978 1932 2060 Margareta,
1971 1981 2056 2061 qnod

546 2081 780 2162 impedimento,
804 2081 887 2163 quod
911 2099 949 2144 ex
974 2081 1058 2146 dicta
1081 2083 1353 2163 consanguinitate
1376 2082 1529 2163 provenit,
1556 2082 1787 2146 nonobstante
1811 2084 1934 2164 possint
1955 2082 2056 2148 libere

547 2186 778 2249 matrimonium
808 2185 985 2249 adinvicem
1008 2185 1194 2250 contrahere
1217 2205 1254 2249 ac
1276 2186 1309 2249 iu
1332 2203 1379 2262 eo,
1415 2190 1581 2267 postquam
1612 2192 1807 2251 contractum
1829 2186 1937 2265 inerit,
1968 2186 2055 2252 licite

547 2306 720 2367 remanere,
755 2289 928 2371 apostolica
958 2290 1147 2354 auctoritate
1177 2288 1352 2370 dispenses,
1388 2289 1507 2370 prolem
1538 2290 1771 2371 suscipiendam
1794 2308 1831 2354 er
1855 2292 2055 2356 matrimonio

548 2394 616 2474 ipso
639 2393 810 2475 legitimam
833 2394 1040 2457 decernendo.
1065 2393 1104 2456 D.
1128 2393 1284 2457 Aninione
1309 2392 1371 2458 XII
1394 2393 1456 2457 kal.
1479 2394 1643 2458 Februarii
1667 2414 1694 2458 a.
1719 2394 1867 2459 secundo.

652 2581 799 2636 Clementia
824 2581 862 2635 VI
887 2584 909 2634 A
931 2582 987 2652 lisa
1005 2586 1060 2646 (74)
1081 2580 1100 2633 f.
1113 2582 1173 2635 237'
1187 2597 1213 2634 n.
1231 2586 1291 2648 396,
1311 2582 1479 2635 diversarum
1498 2582 1645 2636 formarum
1665 2590 1738 2652 qu.8
1757 2586 1831 2637 :V.
1853 2589 1901 2637 162
1921 2584 2054 2638 f.148'n.

548 2674 650 2723 396.-
662 2672 688 2735 ·)
708 2685 777 2724 corr.
797 2685 831 2723 ex
849 2668 1020 2737 ,significant‘
1039 2671 1073 2722 A.
1100 2669 1123 2735 ¹·)
1143 2668 1221 2722 deest
1234 2669 1262 2722 in
1281 2670 1324 2736 d,
1338 2668 1494 2736 suppletum
1513 2668 1547 2723 ab
1567 2668 1681 2724 editore.
1709 2678 1731 2737 ο)
1750 2688 1821 2725 corr.
1840 2688 1874 2725 ex
1892 2672 2056 2741 ,apostolica

549 2755 759 2825 dispensacione
779 2772 862 2824 super
879 2755 940 2810 hoc‘
959 2758 993 2808 A.
1019 2760 1043 2822 ¹¹)
1062 2756 1186 2825 seqnitur
1205 2754 1392 2822 mandamns,
1417 2754 1465 2809 aed
1486 2756 1667 2811 cancellatum
1685 2758 1719 2810 Α.

547 3298 636 3366 297.
659 3300 824 3374 Amastra,
840 3298 1004 3380 episcopua
1025 3298 1207 3377 Pragensis,
1222 3291 1395 3380 supplicat,
1417 3302 1571 3379 quatenus
1588 3298 1680 3361 Petro
1696 3319 1747 3380 qa.
1769 3299 1802 3365 U
1802 3298 1876 3365 lrici
1891 3299 2056 3365 Plasserii

547 3401 585 3465 dc
608 3402 798 3466 canonicatu
819 3407 848 3466 ct
859 3401 1044 3483 praebenda
1060 3421 1098 3466 ac
1112 3400 1256 3482 beneficio
1280 3422 1350 3465 cum
1371 3400 1418 3464 cel
1440 3402 1508 3464 siae
1531 3422 1609 3466 cura
1626 3402 1670 3466 ad
1685 3402 1883 3467 collationem
1905 3404 2052 3488 cpt‘scopi,

547 3506 660 3572 decora
682 3509 713 3570 ct
734 3506 869 3589 capitali
902 3504 1126 3584 Olomaceasis,
1160 3509 1191 3570 et
1219 3505 1363 3573 Jobcnm'
1393 3504 1431 3569 dc
1455 3505 1606 3569 leslee'a
1634 3506 1672 3571 dc
1693 3506 1836 3590 beneflcio
1865 3529 1922 3573 seu
1949 3507 2053 3594 officio

547 3631 617 3720 cunc
639 3610 687 3675 acl
709 3611 777 3675 sinc
800 3632 877 3675 cura
893 3610 938 3674 ad
954 3609 1149 3674 collationem
1171 3610 1319 3693 episcopi,
1338 3610 1528 3692 praepositi,
1551 3609 1664 3675 decani
1678 3615 1709 3675 ct
1724 3611 1858 3696 capituli
1881 3613 2054 3693 Properasis

598 3723 601 3733 ¹
1187 3714 1406 3797 prouidentur.

1481 3829 1643 3907 Aristone,
1666 3831 1754 3892 1344
1775 3830 1932 3896 leonorii
1954 3833 2007 3896 23.

650 4045 814 4128 Supplicat
836 4047 866 4114 S.
891 4047 928 4112 V.
953 4047 1066 4111 devota
1090 4051 1235 4111 creatura
1256 4052 1364 4110 uestra
1387 4048 1554 4124 Arnestus,
1582 4047 1750 4128 Pragensis
1773 4049 1952 4129 episcopus,
1976 4067 2051 4129 qua-

546 4155 639 4215 tenns
662 4151 720 4215 sibi
744 4151 777 4214 in
800 4169 964 4232 personam
996 4150 1083 4215 Petri
1106 4151 1263 4232 qnondam
1286 4149 1385 4215 Vlrici
1412 4151 1488 4215 dicti
1512 4149 1671 4228 Plasserii,
1703 4151 1881 4233 presbyteri
1905 4157 1937 4215 et
1961 4170 2052 4216 cano·

546 4258 608 4321 nici
643 4255 777 4319 ecclesie
811 4255 1090 4337 Wyssegradensis
1125 4274 1222 4336 prope
1256 4256 1400 4337 Pragam,
1439 4254 1608 4336 specialem
1642 4257 1780 4337 graciam
1813 4256 1977 4335 facientes
2012 4256 2051 4320 de

548 4361 733 4426 canonicatu
757 4366 790 4424 et
813 4360 973 4441 prebenda
1002 4380 1039 4423 ac
1070 4359 1109 4423 de
1139 4359 1291 4423 beneficio
1327 4359 1542 4422 ecclesiastico
1577 4379 1647 4423 cum
1679 4379 1754 4424 cura
1784 4360 1833 4424 vel
1864 4362 1932 4424 sine
1968 4380 2051 4439 cura,

547 4465 646 4528 eciam
669 4464 695 4527 si
720 4462 866 4544 dignitas
901 4469 1088 4544 personatus
1119 4462 1169 4526 rel
1192 4463 1330 4527 odicium
1361 4463 1486 4540 existat,
1522 4465 1738 4544 spectantibus
1768 4464 1808 4528 ad
1840 4464 2052 4541 collacionem,

546 4587 640 4650 pres,
665 4587 751 4649 pror.
776 4585 832 4630 seu
858 4586 887 4648 q.
912 4587 939 4631 a
964 4565 993 4629 d.
1011 4617 1043 4630 ..
1068 4568 1218 4649 episcopi,
1251 4566 1361 4631 decani
1385 4574 1418 4631 et
1440 4567 1570 4649 capituli
1599 4569 1818 4633 Olomucensis
1842 4589 1867 4632 c.
1891 4568 1942 4632 rel
1967 4569 2007 4647 d.,
2028 4570 2055 4633 si

546 4674 627 4754 quis,
651 4691 712 4753 que
738 4671 784 4735 rel
809 4671 893 4752 qnod
916 4671 948 4734 in
972 4670 1115 4749 ecclesia,
1144 4672 1272 4735 civitate
1295 4671 1345 4735 rel
1369 4671 1487 4735 diocesi
1511 4672 1714 4737 Olomncensi
1736 4677 1828 4736 vacat
1850 4671 1890 4736 ad
1914 4691 2055 4753 presens,

545 4776 596 4840 vel
619 4797 690 4841 cnm
714 4775 883 4853 vacaverit,
915 4775 1018 4839 eidem
1041 4776 1135 4841 Petro
1159 4776 1328 4857 dignemini
1353 4776 1529 4858 prouidere,
1553 4795 1624 4840 eum
1647 4775 1878 4858 acceptacione,
1912 4795 2054 4841 reserva·

547 4882 646 4959 cione,
670 4881 869 4957 inhibitione,
898 4880 1026 4944 decreto
1049 4885 1081 4943 et
1105 4879 1247 4944 clausula
1268 4880 1430 4958 anteferri,
1455 4882 1694 4959 nonobstante,
1726 4880 1811 4962 qnod
1833 4878 1917 4943 idem
1940 4881 2054 4945 Petrus

547 4985 764 5048 canonicatum
788 4990 821 5047 ot
844 4982 1035 5065 prebendam
1058 5003 1095 5048 ac
1118 4983 1334 5048 obedienciam
1358 4985 1388 5047 in
1419 4984 1499 5047 llost
1510 4982 1534 5069 ¹)
1565 4985 1596 5046 in
1627 4982 1762 5048 ecclesia
1791 4982 2056 5065 Wpssegradens¹

544 5088 686 5170 predicta
709 5107 829 5153 necnon
853 5087 1005 5169 capellam
1028 5089 1127 5151 sancti
1150 5087 1304 5151 lobannis
1327 5088 1359 5151 in
1382 5089 1500 5152 ambitu
1524 5087 1657 5151 ecclesie
1675 5087 1953 5169 Wyssegradensis
1976 5106 2047 5169 pre·

545 5193 629 5257 dicte
661 5193 801 5256 noscitur
831 5192 984 5271 obtinere,
1019 5198 1144 5255 etcum
1175 5191 1246 5254 aliis
1272 5193 1555 5256 nonobstantibus
1587 5196 1619 5254 et
1650 5191 1800 5255 clausulis
1831 5192 1996 5272 oportunis
2019 5211 2054 5257 ae

544 5297 767 5360 executoribus
791 5296 880 5358 utin
903 5295 1011 5359 forma

647 5400 729 5475 Fiat,
753 5400 852 5463 eciam
875 5399 901 5461 si
927 5398 1063 5479 dignitas
1086 5404 1146 5463 ete.
1172 5399 1208 5462 R.

649 5503 730 5567 Item
760 5502 919 5583 supplicat
949 5502 1051 5566 eidem
1075 5503 1116 5579 S,
1147 5506 1304 5582 qrratenus
1334 5503 1393 5568 sibi
1424 5504 1456 5567 in
1480 5522 1645 5584 personam
1677 5502 1784 5567 dilecti
1814 5503 1970 5585 capellani
2002 5506 2051 5569 sui

544 5607 713 5682 lobannis,
737 5608 802 5671 nati
827 5607 1027 5690 Haynnsonis
1051 5607 1090 5670 de
1110 5607 1341 5685 Pirssensteyn,
1366 5607 1533 5688 Pragensis
1558 5607 1703 5685 diocesis,
1727 5606 1896 5689 specialem
1918 5611 2059 5689 graciam

544 5712 706 5789 iacientes,
730 5712 769 5775 de
792 5711 948 5776 beneficio
972 5711 1187 5777 ecclesiastico
1211 5729 1268 5775 seu
1291 5710 1396 5776 officio
1420 5731 1491 5775 cum
1514 5730 1589 5775 cura
1613 5711 1662 5774 rel
1685 5712 1753 5774 sine
1777 5730 1862 5789 cura,
1889 5720 2057 5794 spectante
