5184 7050
1985 843 2047 912 149

559 1058 742 1117 restaurandis
764 1059 833 1117 aliis
856 1059 970 1118 iuribus
992 1059 1150 1118 earundem
1173 1060 1364 1119 ecclesiarum
1392 1063 1438 1121 vel
1473 1060 1680 1147 beneficiorum
1711 1061 1871 1135 deperditis
1902 1079 1938 1120 ex
1962 1062 2048 1134 culpa

557 1163 593 1220 rel
614 1163 789 1235 negligencia
811 1164 990 1236 supradictis
1012 1161 1124 1222 fuerint
1145 1170 1302 1240 oportuna,
1325 1166 1469 1240 deductis,
1493 1159 1619 1241 plenam
1643 1163 1676 1223 et
1693 1159 1827 1225 liberam
1850 1159 2047 1225 fraternitati

555 1267 601 1323 tue
621 1261 812 1325 auctoritate
834 1261 1034 1342 presencium
1058 1261 1258 1327 concedimus
1280 1262 1476 1328 facultatem.
1500 1271 1641 1329 Volumus
1663 1274 1770 1346 numm,
1787 1271 1865 1329 utin
1888 1272 2046 1330 eorundem

554 1370 809 1429 ecelesiasticorum
832 1371 1029 1445 disposicione
1052 1371 1195 1432 bonorum
1217 1373 1302 1432 iuxta
1320 1375 1514 1447 quantitatem
1530 1373 1640 1432 residui
1656 1392 1726 1448 erga
1741 1376 1893 1451 ecclesias,
1907 1392 1925 1434 a
1940 1376 2046 1449 quibus

553 1473 641 1531 endem
664 1475 834 1550 percepisti,
858 1481 888 1533 te
910 1476 1061 1534 liberalem
1083 1476 1234 1552 exhibeas,
1256 1482 1348 1551 prout
1370 1478 1555 1537 consciencia
1577 1478 1632 1537 tibi
1656 1479 1812 1538 dictaverit
1834 1485 1864 1538 et
1886 1480 1980 1537 anime
1996 1484 2046 1538 tue
2111 1476 2114 1482 ’

553 1578 762 1636 1116111111
785 1578 936 1652 expedire.
967 1574 1005 1638 D.
1029 1574 1115 1655 apud
1139 1574 1381 1654 Villamnouam,
1404 1577 1441 1640 d.
1466 1575 1507 1655 d,
1531 1574 1559 1639 V
1583 1573 1645 1639 kal.
1670 1575 1819 1641 Octobris
1843 1595 1872 1640 a.
1896 1576 2044 1641 seeundo.

644 1810 794 1865 Clementis
818 1811 857 1864 VI
883 1813 907 1865 A
925 1812 982 1881 lile
1001 1818 1057 1883 (73)
1075 1813 1094 1867 f.
1113 1818 1172 1881 636,
1191 1812 1226 1868 de
1249 1814 1361 1869 lieentia
1384 1814 1506 1869 testandi
1530 1831 1575 1883 qu.
1596 1821 1609 1868 1
1630 1821 1657 1869 et
1675 1815 1780 1882 unicus,
1805 1815 1833 1869 in
1858 1816 1968 1871 rubrica
1986 1817 2046 1871 sola

551 1901 702 1964 (quaternus
721 1898 782 1966 ipse
801 1897 918 1966 deficit);
944 1900 1054 1955 litterae
1073 1902 1103 1955 in
1120 1900 1153 1954 V.
1173 1907 1223 1955 162
1241 1901 1259 1955 f.
1279 1904 1339 1956 345'
1358 1919 1384 1955 n.
1405 1907 1444 1955 14.
1465 1932 1496 1941 -
1517 1903 1537 1969 ¹)
1557 1902 1694 1969 sequitur:
1713 1908 1771 1969 ,ete
1797 1908 1828 1956 ut
1850 1903 1879 1955 in
1901 1904 2046 1972 superiori,

552 2000 597 2051 qne
616 1984 742 2053 dirigitur
761 1984 871 2054 Hugoni
888 1986 1094 2056 Taychenderii,
1113 2004 1215 2056 usque:
1234 1989 1274 2042 tui
1292 1988 1398 2043 funeris
1417 2005 1449 2042 ae
1467 2005 1517 2057 pro
1538 1990 1762 2043 remuneracione
1787 1989 1904 2056 illorum,
1922 1989 1969 2058 qui
1996 1990 2046 2043 tibi

551 2070 640 2124 uirenti
665 2072 837 2138 serviverint,
863 2074 919 2127 sire
944 2073 999 2128 sint
1022 2076 1217 2144 consanguinei
1242 2075 1300 2129 sive
1325 2075 1380 2141 alii,
1405 2076 1483 2129 iuxta
1507 2074 1613 2129 servicii
1638 2076 1771 2143 meritum,
1788 2075 1927 2130 moderate
1945 2082 2045 2142 tamen,

551 2155 689 2225 disponere
708 2174 740 2212 ac
758 2174 873 2227 erogare
893 2167 920 2213 et
938 2160 1007 2215 alias
1025 2162 1053 2215 in
1072 2162 1133 2231 pios
1152 2178 1184 2216 ac
1201 2162 1290 2216 licitos
1309 2178 1384 2228 usus,
1403 2163 1480 2230 prius
1498 2168 1590 2216 tamen
1605 2168 1655 2215 etc.
1669 2177 1756 2229 nsque
1769 2162 1879 2230 plenam
1892 2170 1919 2217 et
1931 2164 2045 2218 liberam

551 2242 705 2297 fraternitati
724 2253 772 2297 tue
791 2246 954 2301 auctoritate
971 2249 1145 2316 presencium
1164 2254 1214 2301 etc.
1234 2248 1368 2316 usquein
1387 2248 1476 2302 finem.
1495 2249 1596 2303 Datum
1615 2280 1648 2288 —
1668 2247 1805 2302 secundo‘
1835 2250 1948 2304 Formo:
1968 2250 2047 2317 ,Quia

551 2330 677 2395 presentis
701 2331 756 2384 rite
780 2331 904 2386 condicio
923 2333 1076 2387 -rideris
1101 2333 1240 2403 expedire‘
1266 2334 1396 2403 suppleta
1420 2341 1462 2388 est
1487 2351 1501 2388 e
1526 2335 1626 2402 littera,
1651 2351 1722 2403 quae
1750 2334 1875 2403 dirigitur
1901 2337 2046 2405 ,magistro

553 2414 649 2483 Hngoni
667 2415 868 2485 Taychenderii
887 2418 920 2473 de
940 2420 1068 2487 calciata,
1090 2421 1221 2475 canonico
1236 2419 1422 2488 Laudurrensi,
1436 2422 1561 2489 scriptori
1574 2429 1684 2476 nostro“
1700 2423 1751 2475 surb
1764 2421 1844 2477 data:
1864 2440 1916 2492 ,ap
1936 2422 2046 2476 Villam-

553 2518 645 2568 noram,
662 2506 695 2556 Α.
714 2502 749 2569 d,
768 2504 850 2559 nonis
871 2504 1043 2576 Septembris
1067 2524 1139 2562 anno
1165 2508 1293 2563 secundo‘
1314 2509 1355 2578 (V.
1377 2509 1642 2574 1611311114).
1670 2509 1690 2577 ²)
1719 2509 1885 2577 supplicatio
1911 2509 1965 2562 ista
1989 2525 2044 2563 non

554 2598 586 2642 est
602 2599 716 2658 reperta

558 3081 632 3149 245.
646 3081 794 3162 Arrsesto,
806 3082 949 3166 episeopo
965 3083 1130 3163 tingensi,
1144 3082 1332 3157 conceditur,
1347 3086 1502 3164 quotenus
1518 3082 1552 3146 in
1566 3082 1702 3163 cingetis
1718 3082 1892 3163 collegiatis
1906 3082 2044 3149 ecclesiis

557 3204 668 3250 suornm
690 3188 835 3251 civ-itatis
857 3192 888 3250 et
909 3186 1040 3251 diocesis
1057 3188 1162 3270 possit
1182 3186 1316 3268 singulis
1334 3187 1481 3269 personis
1504 3185 1541 3250 ete
1557 3188 1748 3253 canonicato
1761 3188 1818 3252 sab
1833 3189 2045 3271 expectatione

880 3290 1083 3373 praebendae
1099 3290 1276 3375 providere.
1321 3292 1442 3356 Formo
1465 3295 1501 3354 ut
1521 3291 1557 3355 in
1577 3312 1607 3356 a.
1631 3294 1705 3358 105.

1237 3514 1335 3600 Apud
1364 3515 1709 3596 Vstlamnovem,1343
1733 3516 1924 3600 Septembris
1946 3523 1998 3584 27.
2063 3467 2073 3484 ⁹

640 3743 678 3808 V.
700 3742 723 3808 f.
747 3742 896 3820 Amesto,
920 3742 1069 3824 episeopo
1093 3742 1255 3824 Pragensi,
1279 3761 1304 3807 s.
1321 3747 1380 3806 ete.
1408 3743 1578 3807 Personam
1601 3748 1690 3809 tuem
1713 3745 1804 3809 nobis
1819 3749 1853 3808 et
1868 3745 2042 3826 apostolice

552 3847 608 3912 sedi
629 3848 779 3914 devotam
795 3897 803 3911 .
820 3897 828 3911 .
845 3897 878 3911 ..
901 3847 979 3912 Tuis
1002 3847 1111 3928 itaque
1134 3847 1425 3928 supplicacionibus
1440 3847 1464 3927 ¹)
1498 3848 1640 3913 inclinati
1671 3847 1854 3913 conferendi
1884 3849 1944 3913 hac
1973 3850 2042 3913 viee

550 3953 732 4018 auctoritate
755 3950 1019 4032 apostolicatum
1043 3951 1074 4014 in
1097 3954 1154 4014 tue
1177 3950 1331 4031 Progensi
1355 3969 1449 4031 quem
1471 3951 1504 4013 in
1527 3952 1660 4033 singulis
1690 3952 1868 4034 collegiatis
1898 3952 2042 4017 ecelesiis

548 4059 664 4120 tuarum
676 4055 818 4120 civitatis
833 4058 867 4119 et
882 4053 1019 4119 diocesis
1035 4054 1169 4136 singulis
1188 4055 1334 4136 personis
1350 4053 1482 4131 idoneis
1495 4073 1575 4135 quas
1592 4056 1632 4119 ad
1648 4056 1707 4119 lroc
1723 4055 1852 4120 duxeris
1868 4056 2041 4138 eligendas,

547 4159 687 4225 vilelicet
709 4160 743 4224 in
765 4177 875 4224 earum
897 4157 1041 4239 qualibet
1064 4159 1284 4222 canonicatum
1308 4177 1378 4222 eum
1401 4157 1599 4238 plenitudine
1624 4159 1702 4223 iuris
1726 4160 1870 4224 canonici
1892 4164 1925 4223 et
1948 4159 1987 4224 de
2005 4178 2041 4223 eo

546 4263 637 4328 eciam
660 4261 851 4346 providendi
873 4281 911 4326 ac
933 4261 1072 4326 faciendi
1094 4280 1248 4342 personas
1277 4260 1459 4325 huiusmodi
1489 4262 1521 4325 in
1549 4261 1643 4327 dietis
1674 4263 1819 4327 ecelesiis
1850 4265 2042 4328 auctoritate

545 4372 646 4431 nemra
678 4366 712 4430 in
743 4366 911 4431 canonicos
940 4366 1042 4447 recipi
1072 4366 1159 4430 etin
1182 4365 1310 4444 fratres,
1334 4366 1429 4430 stallo
1453 4366 1500 4430 eis
1524 4367 1556 4430 in
1579 4366 1673 4430 choro
1697 4371 1730 4431 et
1752 4367 1821 4431 loco
1845 4368 1876 4431 in
1901 4367 2041 4449 capitulo

544 4469 708 4534 earundem
739 4468 946 4534 ecelesiarum
977 4489 1048 4536 cum
1077 4469 1276 4551 plenitudine
1307 4469 1386 4536 iuris
1417 4470 1560 4533 canonici
1592 4471 1773 4551 assignatis,
1797 4489 1835 4534 ao
1862 4470 2040 4552 prebendas

545 4573 689 4654 singulas,
720 4572 748 4635 si
779 4590 841 4653 que
870 4572 903 4636 in
933 4572 1053 4637 eisdem
1084 4572 1229 4638 ecclesiis
1259 4591 1316 4636 seu
1348 4591 1455 4636 eorum
1487 4572 1595 4653 eliqua
1622 4577 1738 4636 vacent
1761 4573 1801 4636 ed
1824 4591 1966 4655 prosena,
1990 4574 2039 4638 nel

546 4677 770 4759 quamprimum
802 4676 875 4742 illas
904 4694 1021 4741 vacare
1051 4676 1219 4757 eontigerit
1236 4726 1242 4739 .
1261 4726 1267 4739 .
1285 4727 1292 4739 .
1311 4726 1317 4738 .
1350 4673 1557 4738 conferendas
1589 4677 1691 4757 ipsis,
1709 4727 1716 4739 .
1734 4727 1740 4741 .
1759 4727 1765 4740 .
1796 4676 1963 4740 ‹lorrecioni
1986 4681 2040 4740 tue

546 4779 730 4845 auctoritate
759 4780 905 4863 predicta
933 4779 1119 4845 reservandi
1135 4829 1366 4844 ..........
1390 4778 1584 4843 fraternitati
1614 4786 1670 4844 tue
1700 4780 1827 4861 plenam
1853 4785 1887 4843 et
1909 4779 2040 4844 liberam

547 4883 737 4949 concedimus
769 4888 880 4948 tenore
909 4884 1109 4967 presencium
1142 4882 1329 4948 facultatem
1347 4933 1353 4946 .
1371 4933 1378 4946 .
1397 4932 1427 4945 ..
1475 4882 1514 4946 D.
1545 4882 1630 4963 opud
1662 4881 1905 4960 Villarnnouanr,
1937 4884 1973 4947 Α.
1999 4883 2039 4960 d,

548 4982 570 5048 V
591 4985 651 5052 kal.
675 4986 828 5052 Octobris
850 5006 879 5052 a.
903 4987 1051 5052 secundo.

634 5226 787 5281 Clementis
805 5225 844 5279 VI
860 5227 884 5278 A
903 5227 959 5297 llll
977 5229 1033 5296 (74)
1052 5226 1070 5279 f.
1098 5232 1144 5279 131
1169 5243 1195 5278 n.
1221 5231 1278 5291 166,
1304 5225 1473 5278 diversarum
1497 5225 1645 5280 formarum
1670 5244 1714 5294 qu.
1739 5227 1844 5280 ezv.
1872 5232 1920 5279 161
1946 5229 1963 5280 f.
1992 5229 2037 5280 96'

550 5321 571 5359 1.
581 5318 629 5367 lea.
653 5346 678 5354 -
702 5316 723 5377 ¹)
744 5313 911 5383 supplicatio
928 5313 982 5368 ista
1001 5330 1055 5368 non
1074 5321 1116 5368 est
1134 5319 1253 5382 reperta.
