<?xml version="1.0" encoding="UTF-8"?>
<!DOCTYPE html PUBLIC "-//W3C//DTD XHTML 1.0 Transitional//EN"
    "http://www.w3.org/TR/xhtml1/DTD/xhtml1-transitional.dtd">
<html xmlns="http://www.w3.org/1999/xhtml" xml:lang="en" lang="en">
 <head>
  <title>
</title>
<meta http-equiv="Content-Type" content="text/html;charset=utf-8" />
  <meta name='ocr-system' content='tesseract 3.04.00' />
  <meta name='ocr-capabilities' content='ocr_page ocr_carea ocr_par ocr_line ocrx_word'/>
</head>
<body>
  <div class='ocr_page' id='page_1' title='image "./monumentavatica01vatigoog_0079.png"; bbox 0 0 5184 7050; ppageno 0'>
   <div class='ocr_carea' id='block_1_1' title="bbox 1897 863 1941 933">
    <p class='ocr_par' dir='ltr' id='par_1_1' title="bbox 1897 863 1941 933">
     <span class='ocr_line' id='line_1_1' title="bbox 1897 863 1941 933; baseline 0.023 -1"><span class='ocrx_word' id='word_1_1' title='bbox 1897 863 1941 933; x_wconf 80' lang='lat'><strong>55</strong></span> 
     </span>
    </p>
   </div>
   <div class='ocr_carea' id='block_1_2' title="bbox 434 1074 1941 5308">
    <p class='ocr_par' dir='ltr' id='par_1_2' title="bbox 434 1074 1941 5308">
     <span class='ocr_line' id='line_1_2' title="bbox 441 1074 1941 1155; baseline 0 -17"><span class='ocrx_word' id='word_1_2' title='bbox 441 1081 548 1138; x_wconf 90' lang='lat' dir='ltr'><strong>mobilia</strong></span> <span class='ocrx_word' id='word_1_3' title='bbox 563 1087 594 1138; x_wconf 88' lang='lat' dir='ltr'><strong>et</strong></span> <span class='ocrx_word' id='word_1_4' title='bbox 611 1081 775 1154; x_wconf 77' lang='lat' dir='ltr'><strong>inmobilia,</strong></span> <span class='ocrx_word' id='word_1_5' title='bbox 788 1080 952 1153; x_wconf 80' lang='lat' dir='ltr'><strong>spiritualia</strong></span> <span class='ocrx_word' id='word_1_6' title='bbox 968 1085 998 1139; x_wconf 94' lang='lat' dir='ltr'><strong>et</strong></span> <span class='ocrx_word' id='word_1_7' title='bbox 1014 1079 1197 1152; x_wconf 89' lang='lat' dir='ltr'><strong>temporalia,</strong></span> <span class='ocrx_word' id='word_1_8' title='bbox 1209 1079 1246 1137; x_wconf 88' lang='lat' dir='ltr'><strong>ad</strong></span> <span class='ocrx_word' id='word_1_9' title='bbox 1261 1079 1390 1151; x_wconf 82' lang='lat' dir='ltr'><strong>priorem</strong></span> <span class='ocrx_word' id='word_1_10' title='bbox 1403 1083 1432 1137; x_wconf 91' lang='lat' dir='ltr'><strong>ct</strong></span> <span class='ocrx_word' id='word_1_11' title='bbox 1444 1076 1551 1136; x_wconf 85' lang='lat' dir='ltr'><strong>iratres</strong></span> <span class='ocrx_word' id='word_1_12' title='bbox 1567 1079 1716 1151; x_wconf 90' lang='lat' dir='ltr'><strong>predictos</strong></span> <span class='ocrx_word' id='word_1_13' title='bbox 1729 1074 1941 1155; x_wconf 63' lang='lat' dir='ltr'><strong>spectamine)</strong></span> 
     </span>
     <span class='ocr_line' id='line_1_3' title="bbox 440 1181 1938 1256; baseline -0.001 -13"><span class='ocrx_word' id='word_1_14' title='bbox 440 1184 562 1243; x_wconf 87' lang='lat' dir='ltr'><strong>detinent</strong></span> <span class='ocrx_word' id='word_1_15' title='bbox 580 1184 715 1243; x_wconf 91' lang='lat' dir='ltr'><strong>indebite</strong></span> <span class='ocrx_word' id='word_1_16' title='bbox 738 1189 882 1256; x_wconf 89' lang='lat' dir='ltr'><strong>occupata</strong></span> <span class='ocrx_word' id='word_1_17' title='bbox 904 1199 956 1242; x_wconf 92' lang='lat' dir='ltr'><strong>sen</strong></span> <span class='ocrx_word' id='word_1_18' title='bbox 979 1199 1014 1241; x_wconf 90' lang='lat' dir='ltr'><strong>ea</strong></span> <span class='ocrx_word' id='word_1_19' title='bbox 1037 1181 1237 1240; x_wconf 80' lang='lat' dir='ltr'><strong>detinentibus</strong></span> <span class='ocrx_word' id='word_1_20' title='bbox 1252 1186 1387 1255; x_wconf 89' lang='lat' dir='ltr'><strong>prestant</strong></span> <span class='ocrx_word' id='word_1_21' title='bbox 1401 1181 1552 1256; x_wconf 81' lang='lat' dir='ltr'><strong>auxilium,</strong></span> <span class='ocrx_word' id='word_1_22' title='bbox 1569 1182 1723 1241; x_wconf 91' lang='lat' dir='ltr'><strong>consilium</strong></span> <span class='ocrx_word' id='word_1_23' title='bbox 1737 1182 1784 1241; x_wconf 92' lang='lat' dir='ltr'><strong>vel</strong></span> <span class='ocrx_word' id='word_1_24' title='bbox 1799 1181 1938 1256; x_wconf 85' lang='lat' dir='ltr'><strong>favorem,</strong></span> 
     </span>
     <span class='ocr_line' id='line_1_4' title="bbox 440 1285 1941 1361; baseline 0 -16"><span class='ocrx_word' id='word_1_25' title='bbox 440 1288 561 1346; x_wconf 90' lang='lat' dir='ltr'><strong>nonnulli</strong></span> <span class='ocrx_word' id='word_1_26' title='bbox 592 1288 687 1345; x_wconf 92' lang='lat' dir='ltr'><strong>eciam</strong></span> <span class='ocrx_word' id='word_1_27' title='bbox 718 1288 878 1361; x_wconf 90' lang='lat' dir='ltr'><strong>civitatum,</strong></span> <span class='ocrx_word' id='word_1_28' title='bbox 909 1286 1069 1345; x_wconf 90' lang='lat' dir='ltr'><strong>diocesium</strong></span> <span class='ocrx_word' id='word_1_29' title='bbox 1099 1289 1130 1343; x_wconf 89' lang='lat' dir='ltr'><strong>et</strong></span> <span class='ocrx_word' id='word_1_30' title='bbox 1151 1285 1282 1357; x_wconf 87' lang='lat' dir='ltr'><strong>parcium</strong></span> <span class='ocrx_word' id='word_1_31' title='bbox 1314 1285 1523 1359; x_wconf 89' lang='lat' dir='ltr'><strong>predictarum,</strong></span> <span class='ocrx_word' id='word_1_32' title='bbox 1546 1286 1596 1357; x_wconf 92' lang='lat' dir='ltr'><strong>qui</strong></span> <span class='ocrx_word' id='word_1_33' title='bbox 1627 1303 1731 1344; x_wconf 91' lang='lat' dir='ltr'><strong>nomen</strong></span> <span class='ocrx_word' id='word_1_34' title='bbox 1763 1287 1872 1345; x_wconf 91' lang='lat' dir='ltr'><strong>domini</strong></span> <span class='ocrx_word' id='word_1_35' title='bbox 1894 1304 1941 1345; x_wconf 90' lang='lat' dir='ltr'><strong>re-</strong></span> 
     </span>
     <span class='ocr_line' id='line_1_5' title="bbox 441 1387 1939 1465; baseline -0.001 -16"><span class='ocrx_word' id='word_1_36' title='bbox 441 1392 527 1465; x_wconf 86' lang='lat' dir='ltr'><strong>cipere</strong></span> <span class='ocrx_word' id='word_1_37' title='bbox 550 1392 581 1449; x_wconf 90' lang='lat' dir='ltr'><strong>in</strong></span> <span class='ocrx_word' id='word_1_38' title='bbox 605 1408 732 1449; x_wconf 89' lang='lat' dir='ltr'><strong>vacuum</strong></span> <span class='ocrx_word' id='word_1_39' title='bbox 753 1409 812 1450; x_wconf 93' lang='lat' dir='ltr'><strong>nou</strong></span> <span class='ocrx_word' id='word_1_40' title='bbox 834 1388 1003 1464; x_wconf 75' lang='lat' dir='ltr'><strong>formidant,</strong></span> <span class='ocrx_word' id='word_1_41' title='bbox 1026 1389 1136 1448; x_wconf 90' lang='lat' dir='ltr'><strong>eisdem</strong></span> <span class='ocrx_word' id='word_1_42' title='bbox 1157 1390 1251 1462; x_wconf 87' lang='lat' dir='ltr'><strong>priori</strong></span> <span class='ocrx_word' id='word_1_43' title='bbox 1273 1393 1305 1447; x_wconf 91' lang='lat' dir='ltr'><strong>et</strong></span> <span class='ocrx_word' id='word_1_44' title='bbox 1326 1387 1469 1446; x_wconf 86' lang='lat' dir='ltr'><strong>fratribus</strong></span> <span class='ocrx_word' id='word_1_45' title='bbox 1486 1406 1574 1462; x_wconf 89' lang='lat' dir='ltr'><strong>super</strong></span> <span class='ocrx_word' id='word_1_46' title='bbox 1589 1390 1732 1462; x_wconf 89' lang='lat' dir='ltr'><strong>predictis</strong></span> <span class='ocrx_word' id='word_1_47' title='bbox 1747 1389 1939 1465; x_wconf 90' lang='lat' dir='ltr'><strong>prioratibus,</strong></span> 
     </span>
     <span class='ocr_line' id='line_1_6' title="bbox 438 1493 1939 1569; baseline -0.001 -16"><span class='ocrx_word' id='word_1_48' title='bbox 438 1495 637 1568; x_wconf 75' lang='lat' dir='ltr'><strong>prepositura,</strong></span> <span class='ocrx_word' id='word_1_49' title='bbox 660 1496 806 1569; x_wconf 79' lang='lat' dir='ltr'><strong>ecclesiia,</strong></span> <span class='ocrx_word' id='word_1_50' title='bbox 829 1495 959 1568; x_wconf 91' lang='lat' dir='ltr'><strong>capellis,</strong></span> <span class='ocrx_word' id='word_1_51' title='bbox 981 1493 1186 1567; x_wconf 86' lang='lat' dir='ltr'><strong>hospitalibus,</strong></span> <span class='ocrx_word' id='word_1_52' title='bbox 1209 1493 1327 1565; x_wconf 92' lang='lat' dir='ltr'><strong>castris,</strong></span> <span class='ocrx_word' id='word_1_53' title='bbox 1350 1493 1428 1550; x_wconf 90' lang='lat' dir='ltr'><strong>villis</strong></span> <span class='ocrx_word' id='word_1_54' title='bbox 1451 1498 1481 1551; x_wconf 89' lang='lat' dir='ltr'><strong>et</strong></span> <span class='ocrx_word' id='word_1_55' title='bbox 1495 1493 1568 1551; x_wconf 89' lang='lat' dir='ltr'><strong>loeis</strong></span> <span class='ocrx_word' id='word_1_56' title='bbox 1584 1494 1661 1568; x_wconf 91' lang='lat' dir='ltr'><strong>aliis,</strong></span> <span class='ocrx_word' id='word_1_57' title='bbox 1677 1495 1777 1568; x_wconf 89' lang='lat' dir='ltr'><strong>terris,</strong></span> <span class='ocrx_word' id='word_1_58' title='bbox 1793 1494 1939 1569; x_wconf 88' lang='lat' dir='ltr'><strong>domibus,</strong></span> 
     </span>
     <span class='ocr_line' id='line_1_7' title="bbox 439 1593 1941 1672; baseline -0.001 -15"><span class='ocrx_word' id='word_1_59' title='bbox 439 1598 681 1672; x_wconf 86' lang='lat' dir='ltr'><strong>possessionibus,</strong></span> <span class='ocrx_word' id='word_1_60' title='bbox 710 1598 835 1672; x_wconf 89' lang='lat' dir='ltr'><strong>iuribus,</strong></span> <span class='ocrx_word' id='word_1_61' title='bbox 863 1597 1133 1670; x_wconf 90' lang='lat' dir='ltr'><strong>iurisdiccionibus,</strong></span> <span class='ocrx_word' id='word_1_62' title='bbox 1164 1594 1322 1671; x_wconf 78' lang='lat' dir='ltr'><strong>fructibus,</strong></span> <span class='ocrx_word' id='word_1_63' title='bbox 1346 1597 1477 1671; x_wconf 83' lang='lat' dir='ltr'><strong>decimis,</strong></span> <span class='ocrx_word' id='word_1_64' title='bbox 1507 1598 1654 1672; x_wconf 84' lang='lat' dir='ltr'><strong>censibus,</strong></span> <span class='ocrx_word' id='word_1_65' title='bbox 1684 1593 1880 1672; x_wconf 59' lang='lat' dir='ltr'><strong>redditioni)</strong></span> <span class='ocrx_word' id='word_1_66' title='bbox 1910 1605 1941 1656; x_wconf 92' lang='lat' dir='ltr'><strong>et</strong></span> 
     </span>
     <span class='ocr_line' id='line_1_8' title="bbox 437 1700 1937 1777; baseline 0.001 -17"><span class='ocrx_word' id='word_1_67' title='bbox 437 1701 633 1774; x_wconf 88' lang='lat' dir='ltr'><strong>proventibus,</strong></span> <span class='ocrx_word' id='word_1_68' title='bbox 657 1702 787 1775; x_wconf 89' lang='lat' dir='ltr'><strong>pascuis,</strong></span> <span class='ocrx_word' id='word_1_69' title='bbox 808 1701 986 1775; x_wconf 89' lang='lat' dir='ltr'><strong>nemoribus,</strong></span> <span class='ocrx_word' id='word_1_70' title='bbox 1008 1702 1115 1774; x_wconf 89' lang='lat' dir='ltr'><strong>pratis,</strong></span> <span class='ocrx_word' id='word_1_71' title='bbox 1138 1700 1322 1775; x_wconf 87' lang='lat' dir='ltr'><strong>molendinis,</strong></span> <span class='ocrx_word' id='word_1_72' title='bbox 1348 1702 1434 1775; x_wconf 84' lang='lat' dir='ltr'><strong>ortis,</strong></span> <span class='ocrx_word' id='word_1_73' title='bbox 1463 1701 1566 1773; x_wconf 89' lang='lat' dir='ltr'><strong>vineis,</strong></span> <span class='ocrx_word' id='word_1_74' title='bbox 1589 1701 1736 1775; x_wconf 91' lang='lat' dir='ltr'><strong>piscariis,</strong></span> <span class='ocrx_word' id='word_1_75' title='bbox 1759 1700 1937 1777; x_wconf 90' lang='lat' dir='ltr'><strong>fluminibus,</strong></span> 
     </span>
     <span class='ocr_line' id='line_1_9' title="bbox 439 1805 1939 1880; baseline 0 -16"><span class='ocrx_word' id='word_1_76' title='bbox 439 1806 610 1880; x_wconf 79' lang='lat' dir='ltr'><strong>lapidicinis,</strong></span> <span class='ocrx_word' id='word_1_77' title='bbox 641 1805 780 1863; x_wconf 88' lang='lat' dir='ltr'><strong>maneriis</strong></span> <span class='ocrx_word' id='word_1_78' title='bbox 809 1810 839 1863; x_wconf 91' lang='lat' dir='ltr'><strong>et</strong></span> <span class='ocrx_word' id='word_1_79' title='bbox 869 1805 1015 1864; x_wconf 88' lang='lat' dir='ltr'><strong>casalibus</strong></span> <span class='ocrx_word' id='word_1_80' title='bbox 1046 1806 1204 1864; x_wconf 91' lang='lat' dir='ltr'><strong>eorundem</strong></span> <span class='ocrx_word' id='word_1_81' title='bbox 1233 1812 1264 1863; x_wconf 91' lang='lat' dir='ltr'><strong>et</strong></span> <span class='ocrx_word' id='word_1_82' title='bbox 1286 1806 1508 1880; x_wconf 91' lang='lat' dir='ltr'><strong>quibuscunque</strong></span> <span class='ocrx_word' id='word_1_83' title='bbox 1531 1806 1598 1863; x_wconf 91' lang='lat' dir='ltr'><strong>aliis</strong></span> <span class='ocrx_word' id='word_1_84' title='bbox 1621 1806 1707 1865; x_wconf 93' lang='lat' dir='ltr'><strong>bonis</strong></span> <span class='ocrx_word' id='word_1_85' title='bbox 1730 1807 1886 1866; x_wconf 90' lang='lat' dir='ltr'><strong>mobilibus</strong></span> <span class='ocrx_word' id='word_1_86' title='bbox 1909 1812 1939 1864; x_wconf 94' lang='lat' dir='ltr'><strong>et</strong></span> 
     </span>
     <span class='ocr_line' id='line_1_10' title="bbox 438 1904 1940 1983; baseline 0 -14"><span class='ocrx_word' id='word_1_87' title='bbox 438 1909 630 1983; x_wconf 84' lang='lat' dir='ltr'><strong>inmobilibus,</strong></span> <span class='ocrx_word' id='word_1_88' title='bbox 651 1909 856 1982; x_wconf 85' lang='lat' dir='ltr'><strong>spiritualibus</strong></span> <span class='ocrx_word' id='word_1_89' title='bbox 878 1914 910 1967; x_wconf 96' lang='lat' dir='ltr'><strong>et</strong></span> <span class='ocrx_word' id='word_1_90' title='bbox 933 1904 1185 1983; x_wconf 86' lang='lat' dir='ltr'><strong>temporalibus,·)</strong></span> <span class='ocrx_word' id='word_1_91' title='bbox 1207 1925 1242 1966; x_wconf 90' lang='lat' dir='ltr'><strong>ac</strong></span> <span class='ocrx_word' id='word_1_92' title='bbox 1264 1909 1332 1967; x_wconf 90' lang='lat' dir='ltr'><strong>aliis</strong></span> <span class='ocrx_word' id='word_1_93' title='bbox 1352 1909 1441 1968; x_wconf 92' lang='lat' dir='ltr'><strong>rebus</strong></span> <span class='ocrx_word' id='word_1_94' title='bbox 1456 1910 1494 1968; x_wconf 92' lang='lat' dir='ltr'><strong>ad</strong></span> <span class='ocrx_word' id='word_1_95' title='bbox 1510 1910 1627 1969; x_wconf 88' lang='lat' dir='ltr'><strong>eosdem</strong></span> <span class='ocrx_word' id='word_1_96' title='bbox 1642 1912 1770 1983; x_wconf 89' lang='lat' dir='ltr'><strong>priorem</strong></span> <span class='ocrx_word' id='word_1_97' title='bbox 1786 1914 1817 1968; x_wconf 88' lang='lat' dir='ltr'><strong>et</strong></span> <span class='ocrx_word' id='word_1_98' title='bbox 1830 1909 1940 1969; x_wconf 85' lang='lat' dir='ltr'><strong>fratres</strong></span> 
     </span>
     <span class='ocr_line' id='line_1_11' title="bbox 437 2011 1941 2088; baseline 0.001 -17"><span class='ocrx_word' id='word_1_99' title='bbox 437 2014 633 2087; x_wconf 84' lang='lat' dir='ltr'><strong>spectantibus</strong></span> <span class='ocrx_word' id='word_1_100' title='bbox 656 2013 831 2087; x_wconf 88' lang='lat' dir='ltr'><strong>multiplices</strong></span> <span class='ocrx_word' id='word_1_101' title='bbox 854 2014 1003 2073; x_wconf 91' lang='lat' dir='ltr'><strong>molestias</strong></span> <span class='ocrx_word' id='word_1_102' title='bbox 1026 2019 1056 2071; x_wconf 89' lang='lat' dir='ltr'><strong>et</strong></span> <span class='ocrx_word' id='word_1_103' title='bbox 1078 2013 1202 2071; x_wconf 90' lang='lat' dir='ltr'><strong>iniurias</strong></span> <span class='ocrx_word' id='word_1_104' title='bbox 1224 2011 1356 2072; x_wconf 84' lang='lat' dir='ltr'><strong>inferunt</strong></span> <span class='ocrx_word' id='word_1_105' title='bbox 1378 2018 1408 2072; x_wconf 93' lang='lat' dir='ltr'><strong>et</strong></span> <span class='ocrx_word' id='word_1_106' title='bbox 1431 2014 1579 2086; x_wconf 82' lang='lat' dir='ltr'><strong>iacturas3</strong></span> <span class='ocrx_word' id='word_1_107' title='bbox 1602 2030 1693 2088; x_wconf 92' lang='lat' dir='ltr'><strong>quare</strong></span> <span class='ocrx_word' id='word_1_108' title='bbox 1717 2014 1788 2073; x_wconf 92' lang='lat' dir='ltr'><strong>dicti</strong></span> <span class='ocrx_word' id='word_1_109' title='bbox 1804 2015 1887 2088; x_wconf 90' lang='lat' dir='ltr'><strong>prior</strong></span> <span class='ocrx_word' id='word_1_110' title='bbox 1910 2019 1941 2073; x_wconf 91' lang='lat' dir='ltr'><strong>et</strong></span> 
     </span>
     <span class='ocr_line' id='line_1_12' title="bbox 437 2115 1940 2192; baseline 0.001 -17"><span class='ocrx_word' id='word_1_111' title='bbox 437 2115 537 2176; x_wconf 77' lang='lat' dir='ltr'><strong>iratres</strong></span> <span class='ocrx_word' id='word_1_112' title='bbox 560 2119 648 2178; x_wconf 84' lang='lat' dir='ltr'><strong>nobis</strong></span> <span class='ocrx_word' id='word_1_113' title='bbox 672 2119 821 2177; x_wconf 90' lang='lat' dir='ltr'><strong>humiliter</strong></span> <span class='ocrx_word' id='word_1_114' title='bbox 843 2118 1057 2191; x_wconf 83' lang='lat' dir='ltr'><strong>supplicarunt,</strong></span> <span class='ocrx_word' id='word_1_115' title='bbox 1080 2122 1123 2192; x_wconf 93' lang='lat' dir='ltr'><strong>ut,</strong></span> <span class='ocrx_word' id='word_1_116' title='bbox 1146 2133 1210 2175; x_wconf 92' lang='lat' dir='ltr'><strong>cum</strong></span> <span class='ocrx_word' id='word_1_117' title='bbox 1230 2117 1340 2175; x_wconf 91' lang='lat' dir='ltr'><strong>eisdem</strong></span> <span class='ocrx_word' id='word_1_118' title='bbox 1354 2118 1440 2177; x_wconf 93' lang='lat' dir='ltr'><strong>valde</strong></span> <span class='ocrx_word' id='word_1_119' title='bbox 1456 2118 1597 2177; x_wconf 92' lang='lat' dir='ltr'><strong>reddatur</strong></span> <span class='ocrx_word' id='word_1_120' title='bbox 1613 2116 1733 2177; x_wconf 88' lang='lat' dir='ltr'><strong>difficile</strong></span> <span class='ocrx_word' id='word_1_121' title='bbox 1747 2136 1802 2191; x_wconf 89' lang='lat' dir='ltr'><strong>pro</strong></span> <span class='ocrx_word' id='word_1_122' title='bbox 1817 2119 1940 2192; x_wconf 89' lang='lat' dir='ltr'><strong>singulis</strong></span> 
     </span>
     <span class='ocr_line' id='line_1_13' title="bbox 438 2221 1940 2297; baseline 0.001 -18"><span class='ocrx_word' id='word_1_123' title='bbox 438 2223 555 2294; x_wconf 83' lang='lat' dir='ltr'><strong>querelis</strong></span> <span class='ocrx_word' id='word_1_124' title='bbox 574 2222 612 2281; x_wconf 91' lang='lat' dir='ltr'><strong>ad</strong></span> <span class='ocrx_word' id='word_1_125' title='bbox 628 2222 821 2296; x_wconf 89' lang='lat' dir='ltr'><strong>apostolicam</strong></span> <span class='ocrx_word' id='word_1_126' title='bbox 836 2222 933 2280; x_wconf 89' lang='lat' dir='ltr'><strong>sedem</strong></span> <span class='ocrx_word' id='word_1_127' title='bbox 949 2221 1058 2281; x_wconf 91' lang='lat' dir='ltr'><strong>babere</strong></span> <span class='ocrx_word' id='word_1_128' title='bbox 1074 2238 1235 2296; x_wconf 89' lang='lat' dir='ltr'><strong>recursum,</strong></span> <span class='ocrx_word' id='word_1_129' title='bbox 1248 2221 1403 2295; x_wconf 91' lang='lat' dir='ltr'><strong>providere</strong></span> <span class='ocrx_word' id='word_1_130' title='bbox 1419 2240 1508 2295; x_wconf 87' lang='lat' dir='ltr'><strong>super</strong></span> <span class='ocrx_word' id='word_1_131' title='bbox 1519 2223 1575 2281; x_wconf 92' lang='lat' dir='ltr'><strong>hoc</strong></span> <span class='ocrx_word' id='word_1_132' title='bbox 1592 2224 1634 2281; x_wconf 91' lang='lat' dir='ltr'><strong>eis</strong></span> <span class='ocrx_word' id='word_1_133' title='bbox 1645 2228 1769 2296; x_wconf 86' lang='lat' dir='ltr'><strong>paterna</strong></span> <span class='ocrx_word' id='word_1_134' title='bbox 1785 2222 1940 2297; x_wconf 90' lang='lat' dir='ltr'><strong>diligencia</strong></span> 
     </span>
     <span class='ocr_line' id='line_1_14' title="bbox 437 2325 1935 2401; baseline -0.001 -17"><span class='ocrx_word' id='word_1_135' title='bbox 437 2344 606 2387; x_wconf 79' lang='lat' dir='ltr'><strong>cumremus.</strong></span> <span class='ocrx_word' id='word_1_136' title='bbox 630 2328 692 2387; x_wconf 86' lang='lat' dir='ltr'><strong>Nos</strong></span> <span class='ocrx_word' id='word_1_137' title='bbox 714 2328 806 2401; x_wconf 90' lang='lat' dir='ltr'><strong>igitur</strong></span> <span class='ocrx_word' id='word_1_138' title='bbox 827 2326 969 2385; x_wconf 86' lang='lat' dir='ltr'><strong>adversus</strong></span> <span class='ocrx_word' id='word_1_139' title='bbox 991 2331 1195 2399; x_wconf 88' lang='lat' dir='ltr'><strong>occupatores,</strong></span> <span class='ocrx_word' id='word_1_140' title='bbox 1219 2325 1399 2400; x_wconf 89' lang='lat' dir='ltr'><strong>detentores,</strong></span> <span class='ocrx_word' id='word_1_141' title='bbox 1421 2331 1651 2401; x_wconf 83' lang='lat' dir='ltr'><strong>presumpturos,</strong></span> <span class='ocrx_word' id='word_1_142' title='bbox 1675 2326 1881 2385; x_wconf 91' lang='lat' dir='ltr'><strong>molestatores</strong></span> <span class='ocrx_word' id='word_1_143' title='bbox 1905 2331 1935 2383; x_wconf 93' lang='lat' dir='ltr'><strong>et</strong></span> 
     </span>
     <span class='ocr_line' id='line_1_15' title="bbox 438 2427 1938 2503; baseline -0.001 -16"><span class='ocrx_word' id='word_1_144' title='bbox 438 2432 621 2490; x_wconf 88' lang='lat' dir='ltr'><strong>iniuriatores</strong></span> <span class='ocrx_word' id='word_1_145' title='bbox 644 2430 811 2490; x_wconf 89' lang='lat' dir='ltr'><strong>huiusmodi</strong></span> <span class='ocrx_word' id='word_1_146' title='bbox 832 2432 884 2490; x_wconf 91' lang='lat' dir='ltr'><strong>illo</strong></span> <span class='ocrx_word' id='word_1_147' title='bbox 908 2431 1038 2489; x_wconf 89' lang='lat' dir='ltr'><strong>volentes</strong></span> <span class='ocrx_word' id='word_1_148' title='bbox 1061 2429 1171 2487; x_wconf 84' lang='lat' dir='ltr'><strong>eisdem</strong></span> <span class='ocrx_word' id='word_1_149' title='bbox 1193 2430 1286 2502; x_wconf 87' lang='lat' dir='ltr'><strong>priori</strong></span> <span class='ocrx_word' id='word_1_150' title='bbox 1310 2435 1340 2487; x_wconf 90' lang='lat' dir='ltr'><strong>ct</strong></span> <span class='ocrx_word' id='word_1_151' title='bbox 1362 2427 1506 2488; x_wconf 82' lang='lat' dir='ltr'><strong>iratribus</strong></span> <span class='ocrx_word' id='word_1_152' title='bbox 1536 2430 1665 2489; x_wconf 87' lang='lat' dir='ltr'><strong>remedio</strong></span> <span class='ocrx_word' id='word_1_153' title='bbox 1695 2430 1861 2501; x_wconf 91' lang='lat' dir='ltr'><strong>subvenire,</strong></span> <span class='ocrx_word' id='word_1_154' title='bbox 1884 2447 1938 2503; x_wconf 91' lang='lat' dir='ltr'><strong>per</strong></span> 
     </span>
     <span class='ocr_line' id='line_1_16' title="bbox 439 2532 1940 2608; baseline -0.002 -15"><span class='ocrx_word' id='word_1_155' title='bbox 439 2535 505 2607; x_wconf 94' lang='lat' dir='ltr'><strong>qnod</strong></span> <span class='ocrx_word' id='word_1_156' title='bbox 533 2535 656 2593; x_wconf 89' lang='lat' dir='ltr'><strong>illorum</strong></span> <span class='ocrx_word' id='word_1_157' title='bbox 686 2541 890 2608; x_wconf 90' lang='lat' dir='ltr'><strong>compescatur</strong></span> <span class='ocrx_word' id='word_1_158' title='bbox 920 2533 1071 2593; x_wconf 88' lang='lat' dir='ltr'><strong>temeritas</strong></span> <span class='ocrx_word' id='word_1_159' title='bbox 1102 2538 1132 2591; x_wconf 93' lang='lat' dir='ltr'><strong>et</strong></span> <span class='ocrx_word' id='word_1_160' title='bbox 1160 2534 1227 2591; x_wconf 88' lang='lat' dir='ltr'><strong>aliis</strong></span> <span class='ocrx_word' id='word_1_161' title='bbox 1258 2533 1357 2591; x_wconf 91' lang='lat' dir='ltr'><strong>aditus</strong></span> <span class='ocrx_word' id='word_1_162' title='bbox 1389 2534 1588 2593; x_wconf 92' lang='lat' dir='ltr'><strong>committendi</strong></span> <span class='ocrx_word' id='word_1_163' title='bbox 1612 2534 1718 2593; x_wconf 87' lang='lat' dir='ltr'><strong>similia</strong></span> <span class='ocrx_word' id='word_1_164' title='bbox 1739 2532 1940 2607; x_wconf 88' lang='lat' dir='ltr'><strong>precludatur,</strong></span> 
     </span>
     <span class='ocr_line' id='line_1_17' title="bbox 439 2627 1940 2711; baseline -0.002 -15"><span class='ocrx_word' id='word_1_165' title='bbox 439 2638 607 2697; x_wconf 86' lang='lat' dir='ltr'><strong>discrecioni</strong></span> <span class='ocrx_word' id='word_1_166' title='bbox 630 2644 728 2696; x_wconf 85' lang='lat' dir='ltr'><strong>vestre</strong></span> <span class='ocrx_word' id='word_1_167' title='bbox 752 2653 805 2711; x_wconf 91' lang='lat' dir='ltr'><strong>per</strong></span> <span class='ocrx_word' id='word_1_168' title='bbox 826 2638 991 2711; x_wconf 88' lang='lat' dir='ltr'><strong>apostolica</strong></span> <span class='ocrx_word' id='word_1_169' title='bbox 1014 2638 1125 2710; x_wconf 86' lang='lat' dir='ltr'><strong>scripta</strong></span> <span class='ocrx_word' id='word_1_170' title='bbox 1147 2636 1328 2710; x_wconf 88' lang='lat' dir='ltr'><strong>mandamus,</strong></span> <span class='ocrx_word' id='word_1_171' title='bbox 1346 2627 1525 2709; x_wconf 82' lang='lat' dir='ltr'><strong>quatenus‘)</strong></span> <span class='ocrx_word' id='word_1_172' title='bbox 1547 2654 1599 2695; x_wconf 92' lang='lat' dir='ltr'><strong>vos</strong></span> <span class='ocrx_word' id='word_1_173' title='bbox 1614 2637 1660 2694; x_wconf 90' lang='lat' dir='ltr'><strong>vel</strong></span> <span class='ocrx_word' id='word_1_174' title='bbox 1677 2637 1735 2695; x_wconf 89' lang='lat' dir='ltr'><strong>duo</strong></span> <span class='ocrx_word' id='word_1_175' title='bbox 1751 2633 1841 2710; x_wconf 68' lang='lat' dir='ltr'><strong>autss)</strong></span> <span class='ocrx_word' id='word_1_176' title='bbox 1865 2651 1940 2694; x_wconf 91' lang='lat' dir='ltr'><strong>unus</strong></span> 
     </span>
     <span class='ocr_line' id='line_1_18' title="bbox 438 2740 1940 2816; baseline -0.001 -17"><span class='ocrx_word' id='word_1_177' title='bbox 438 2751 554 2800; x_wconf 89' lang='lat' dir='ltr'><strong>vestrum</strong></span> <span class='ocrx_word' id='word_1_178' title='bbox 578 2759 707 2816; x_wconf 82' lang='lat' dir='ltr'><strong>perros</strong></span> <span class='ocrx_word' id='word_1_179' title='bbox 730 2742 776 2800; x_wconf 90' lang='lat' dir='ltr'><strong>vel</strong></span> <span class='ocrx_word' id='word_1_180' title='bbox 799 2742 887 2799; x_wconf 89' lang='lat' dir='ltr'><strong>alium</strong></span> <span class='ocrx_word' id='word_1_181' title='bbox 910 2758 962 2799; x_wconf 94' lang='lat' dir='ltr'><strong>seu</strong></span> <span class='ocrx_word' id='word_1_182' title='bbox 985 2740 1070 2814; x_wconf 90' lang='lat' dir='ltr'><strong>alios,</strong></span> <span class='ocrx_word' id='word_1_183' title='bbox 1090 2741 1182 2798; x_wconf 89' lang='lat' dir='ltr'><strong>eciam</strong></span> <span class='ocrx_word' id='word_1_184' title='bbox 1205 2742 1230 2798; x_wconf 93' lang='lat' dir='ltr'><strong>si</strong></span> <span class='ocrx_word' id='word_1_185' title='bbox 1254 2741 1314 2798; x_wconf 94' lang='lat' dir='ltr'><strong>sint</strong></span> <span class='ocrx_word' id='word_1_186' title='bbox 1337 2744 1422 2798; x_wconf 87' lang='lat' dir='ltr'><strong>extra</strong></span> <span class='ocrx_word' id='word_1_187' title='bbox 1444 2740 1520 2815; x_wconf 91' lang='lat' dir='ltr'><strong>loca,</strong></span> <span class='ocrx_word' id='word_1_188' title='bbox 1536 2741 1566 2798; x_wconf 92' lang='lat' dir='ltr'><strong>in</strong></span> <span class='ocrx_word' id='word_1_189' title='bbox 1589 2740 1696 2813; x_wconf 91' lang='lat' dir='ltr'><strong>quibus</strong></span> <span class='ocrx_word' id='word_1_190' title='bbox 1721 2740 1852 2813; x_wconf 87' lang='lat' dir='ltr'><strong>deputati</strong></span> <span class='ocrx_word' id='word_1_191' title='bbox 1868 2740 1940 2798; x_wconf 89' lang='lat' dir='ltr'><strong>estis</strong></span> 
     </span>
     <span class='ocr_line' id='line_1_19' title="bbox 439 2841 1939 2920; baseline -0.001 -15"><span class='ocrx_word' id='word_1_192' title='bbox 439 2852 654 2905; x_wconf 71' lang='lat' dir='ltr'><strong>tonsuratores</strong></span> <span class='ocrx_word' id='word_1_193' title='bbox 687 2852 718 2904; x_wconf 92' lang='lat' dir='ltr'><strong>et</strong></span> <span class='ocrx_word' id='word_1_194' title='bbox 751 2845 874 2920; x_wconf 91' lang='lat' dir='ltr'><strong>iudices,</strong></span> <span class='ocrx_word' id='word_1_195' title='bbox 906 2842 1031 2918; x_wconf 82' lang='lat' dir='ltr'><strong>prelatis</strong></span> <span class='ocrx_word' id='word_1_196' title='bbox 1064 2845 1159 2918; x_wconf 88' lang='lat' dir='ltr'><strong>priori</strong></span> <span class='ocrx_word' id='word_1_197' title='bbox 1193 2851 1223 2903; x_wconf 91' lang='lat' dir='ltr'><strong>et</strong></span> <span class='ocrx_word' id='word_1_198' title='bbox 1255 2842 1400 2902; x_wconf 84' lang='lat' dir='ltr'><strong>fratribus</strong></span> <span class='ocrx_word' id='word_1_199' title='bbox 1434 2841 1564 2902; x_wconf 88' lang='lat' dir='ltr'><strong>efficacis</strong></span> <span class='ocrx_word' id='word_1_200' title='bbox 1598 2842 1779 2902; x_wconf 86' lang='lat' dir='ltr'><strong>defensionis</strong></span> <span class='ocrx_word' id='word_1_201' title='bbox 1808 2843 1939 2916; x_wconf 91' lang='lat' dir='ltr'><strong>presidio</strong></span> 
     </span>
     <span class='ocr_line' id='line_1_20' title="bbox 440 2939 1939 3022; baseline -0.001 -13"><span class='ocrx_word' id='word_1_202' title='bbox 440 2951 604 3009; x_wconf 81' lang='lat' dir='ltr'><strong>assistentes</strong></span> <span class='ocrx_word' id='word_1_203' title='bbox 637 2966 696 3008; x_wconf 94' lang='lat' dir='ltr'><strong>non</strong></span> <span class='ocrx_word' id='word_1_204' title='bbox 730 2947 909 3022; x_wconf 89' lang='lat' dir='ltr'><strong>permittatis</strong></span> <span class='ocrx_word' id='word_1_205' title='bbox 943 2939 1095 3018; x_wconf 76' lang='lat' dir='ltr'><strong>eosdeml)</strong></span> <span class='ocrx_word' id='word_1_206' title='bbox 1127 2964 1215 3020; x_wconf 90' lang='lat' dir='ltr'><strong>super</strong></span> <span class='ocrx_word' id='word_1_207' title='bbox 1238 2948 1296 3005; x_wconf 88' lang='lat' dir='ltr'><strong>hiis</strong></span> <span class='ocrx_word' id='word_1_208' title='bbox 1320 2953 1350 3005; x_wconf 92' lang='lat' dir='ltr'><strong>et</strong></span> <span class='ocrx_word' id='word_1_209' title='bbox 1372 2947 1551 3019; x_wconf 89' lang='lat' dir='ltr'><strong>quibuslibet</strong></span> <span class='ocrx_word' id='word_1_210' title='bbox 1575 2948 1641 3006; x_wconf 93' lang='lat' dir='ltr'><strong>aliis</strong></span> <span class='ocrx_word' id='word_1_211' title='bbox 1665 2948 1750 3007; x_wconf 89' lang='lat' dir='ltr'><strong>bonis</strong></span> <span class='ocrx_word' id='word_1_212' title='bbox 1773 2953 1802 3005; x_wconf 91' lang='lat' dir='ltr'><strong>et</strong></span> <span class='ocrx_word' id='word_1_213' title='bbox 1824 2948 1939 3007; x_wconf 88' lang='lat' dir='ltr'><strong>iuribus</strong></span> 
     </span>
     <span class='ocr_line' id='line_1_21' title="bbox 439 3049 1940 3128; baseline -0.003 -15"><span class='ocrx_word' id='word_1_214' title='bbox 439 3055 467 3112; x_wconf 81' lang='lat' dir='ltr'><strong>td</strong></span> <span class='ocrx_word' id='word_1_215' title='bbox 498 3054 631 3128; x_wconf 89' lang='lat' dir='ltr'><strong>priorem</strong></span> <span class='ocrx_word' id='word_1_216' title='bbox 664 3058 694 3110; x_wconf 93' lang='lat' dir='ltr'><strong>et</strong></span> <span class='ocrx_word' id='word_1_217' title='bbox 726 3049 835 3110; x_wconf 85' lang='lat' dir='ltr'><strong>fratres</strong></span> <span class='ocrx_word' id='word_1_218' title='bbox 869 3051 1019 3124; x_wconf 89' lang='lat' dir='ltr'><strong>predictos</strong></span> <span class='ocrx_word' id='word_1_219' title='bbox 1053 3051 1255 3124; x_wconf 89' lang='lat' dir='ltr'><strong>spectantibus</strong></span> <span class='ocrx_word' id='word_1_220' title='bbox 1285 3050 1323 3109; x_wconf 88' lang='lat' dir='ltr'><strong>ab</strong></span> <span class='ocrx_word' id='word_1_221' title='bbox 1346 3051 1458 3109; x_wconf 92' lang='lat' dir='ltr'><strong>eisdem</strong></span> <span class='ocrx_word' id='word_1_222' title='bbox 1480 3051 1525 3109; x_wconf 91' lang='lat' dir='ltr'><strong>vel</strong></span> <span class='ocrx_word' id='word_1_223' title='bbox 1548 3052 1699 3123; x_wconf 85' lang='lat' dir='ltr'><strong>quibusvis</strong></span> <span class='ocrx_word' id='word_1_224' title='bbox 1722 3052 1788 3112; x_wconf 87' lang='lat' dir='ltr'><strong>aliis</strong></span> <span class='ocrx_word' id='word_1_225' title='bbox 1810 3051 1940 3109; x_wconf 86' lang='lat' dir='ltr'><strong>indebite</strong></span> 
     </span>
     <span class='ocr_line' id='line_1_22' title="bbox 439 3153 1941 3230; baseline -0.003 -13"><span class='ocrx_word' id='word_1_226' title='bbox 439 3160 577 3217; x_wconf 83' lang='lat' dir='ltr'><strong>molestari</strong></span> <span class='ocrx_word' id='word_1_227' title='bbox 600 3158 647 3215; x_wconf 88' lang='lat' dir='ltr'><strong>vel</strong></span> <span class='ocrx_word' id='word_1_228' title='bbox 670 3156 714 3215; x_wconf 95' lang='lat' dir='ltr'><strong>eis</strong></span> <span class='ocrx_word' id='word_1_229' title='bbox 736 3156 904 3230; x_wconf 77' lang='lat' dir='ltr'><strong>gravamina</strong></span> <span class='ocrx_word' id='word_1_230' title='bbox 926 3172 979 3214; x_wconf 92' lang='lat' dir='ltr'><strong>seu</strong></span> <span class='ocrx_word' id='word_1_231' title='bbox 1002 3154 1126 3228; x_wconf 91' lang='lat' dir='ltr'><strong>dampna</strong></span> <span class='ocrx_word' id='word_1_232' title='bbox 1148 3156 1193 3213; x_wconf 93' lang='lat' dir='ltr'><strong>vel</strong></span> <span class='ocrx_word' id='word_1_233' title='bbox 1217 3156 1342 3214; x_wconf 92' lang='lat' dir='ltr'><strong>iniurias</strong></span> <span class='ocrx_word' id='word_1_234' title='bbox 1365 3155 1506 3229; x_wconf 88' lang='lat' dir='ltr'><strong>inrogari,</strong></span> <span class='ocrx_word' id='word_1_235' title='bbox 1530 3153 1638 3213; x_wconf 81' lang='lat' dir='ltr'><strong>tacturi</strong></span> <span class='ocrx_word' id='word_1_236' title='bbox 1666 3156 1753 3214; x_wconf 93' lang='lat' dir='ltr'><strong>dictis</strong></span> <span class='ocrx_word' id='word_1_237' title='bbox 1786 3155 1880 3228; x_wconf 93' lang='lat' dir='ltr'><strong>priori</strong></span> <span class='ocrx_word' id='word_1_238' title='bbox 1911 3160 1941 3213; x_wconf 92' lang='lat' dir='ltr'><strong>et</strong></span> 
     </span>
     <span class='ocr_line' id='line_1_23' title="bbox 439 3257 1940 3337; baseline -0.003 -17"><span class='ocrx_word' id='word_1_239' title='bbox 439 3259 582 3337; x_wconf 85' lang='lat' dir='ltr'><strong>fratribus,</strong></span> <span class='ocrx_word' id='word_1_240' title='bbox 607 3279 671 3320; x_wconf 89' lang='lat' dir='ltr'><strong>cum</strong></span> <span class='ocrx_word' id='word_1_241' title='bbox 693 3261 731 3319; x_wconf 90' lang='lat' dir='ltr'><strong>ab</strong></span> <span class='ocrx_word' id='word_1_242' title='bbox 755 3260 798 3318; x_wconf 92' lang='lat' dir='ltr'><strong>eis</strong></span> <span class='ocrx_word' id='word_1_243' title='bbox 819 3260 865 3319; x_wconf 89' lang='lat' dir='ltr'><strong>vel</strong></span> <span class='ocrx_word' id='word_1_244' title='bbox 887 3259 1131 3333; x_wconf 88' lang='lat' dir='ltr'><strong>procuratoribus</strong></span> <span class='ocrx_word' id='word_1_245' title='bbox 1154 3259 1216 3317; x_wconf 93' lang='lat' dir='ltr'><strong>suis</strong></span> <span class='ocrx_word' id='word_1_246' title='bbox 1246 3265 1298 3317; x_wconf 88' lang='lat' dir='ltr'><strong>aut</strong></span> <span class='ocrx_word' id='word_1_247' title='bbox 1328 3276 1428 3317; x_wconf 88' lang='lat' dir='ltr'><strong>eorum</strong></span> <span class='ocrx_word' id='word_1_248' title='bbox 1459 3260 1557 3331; x_wconf 88' lang='lat' dir='ltr'><strong>aliquo</strong></span> <span class='ocrx_word' id='word_1_249' title='bbox 1588 3257 1705 3317; x_wconf 78' lang='lat' dir='ltr'><strong>fueritis</strong></span> <span class='ocrx_word' id='word_1_250' title='bbox 1737 3258 1880 3333; x_wconf 89' lang='lat' dir='ltr'><strong>requisiti,</strong></span> <span class='ocrx_word' id='word_1_251' title='bbox 1904 3258 1940 3316; x_wconf 90' lang='lat' dir='ltr'><strong>de</strong></span> 
     </span>
     <span class='ocr_line' id='line_1_24' title="bbox 439 3362 1940 3438; baseline -0.003 -14"><span class='ocrx_word' id='word_1_252' title='bbox 439 3367 570 3438; x_wconf 86' lang='lat' dir='ltr'><strong>predictis</strong></span> <span class='ocrx_word' id='word_1_253' title='bbox 586 3372 616 3424; x_wconf 90' lang='lat' dir='ltr'><strong>et</strong></span> <span class='ocrx_word' id='word_1_254' title='bbox 635 3365 703 3424; x_wconf 90' lang='lat' dir='ltr'><strong>aliis</strong></span> <span class='ocrx_word' id='word_1_255' title='bbox 725 3366 859 3438; x_wconf 90' lang='lat' dir='ltr'><strong>personis</strong></span> <span class='ocrx_word' id='word_1_256' title='bbox 882 3362 1062 3436; x_wconf 87' lang='lat' dir='ltr'><strong>quibuslibet</strong></span> <span class='ocrx_word' id='word_1_257' title='bbox 1085 3381 1173 3436; x_wconf 90' lang='lat' dir='ltr'><strong>super</strong></span> <span class='ocrx_word' id='word_1_258' title='bbox 1195 3364 1388 3422; x_wconf 91' lang='lat' dir='ltr'><strong>restitucione</strong></span> <span class='ocrx_word' id='word_1_259' title='bbox 1405 3363 1571 3421; x_wconf 91' lang='lat' dir='ltr'><strong>huiusmodi</strong></span> <span class='ocrx_word' id='word_1_260' title='bbox 1586 3364 1770 3435; x_wconf 87' lang='lat' dir='ltr'><strong>prioratuum</strong></span> <span class='ocrx_word' id='word_1_261' title='bbox 1789 3368 1820 3421; x_wconf 92' lang='lat' dir='ltr'><strong>ct</strong></span> <span class='ocrx_word' id='word_1_262' title='bbox 1835 3379 1940 3436; x_wconf 89' lang='lat' dir='ltr'><strong>prepo-</strong></span> 
     </span>
     <span class='ocr_line' id='line_1_25' title="bbox 440 3467 1939 3544; baseline -0.002 -15"><span class='ocrx_word' id='word_1_263' title='bbox 440 3470 599 3544; x_wconf 85' lang='lat' dir='ltr'><strong>siturarum,</strong></span> <span class='ocrx_word' id='word_1_264' title='bbox 616 3469 819 3542; x_wconf 84' lang='lat' dir='ltr'><strong>ecclesiarum,</strong></span> <span class='ocrx_word' id='word_1_265' title='bbox 835 3467 1072 3543; x_wconf 88' lang='lat' dir='ltr'><strong>capellaniarum,</strong></span> <span class='ocrx_word' id='word_1_266' title='bbox 1088 3473 1262 3543; x_wconf 87' lang='lat' dir='ltr'><strong>castrorum,</strong></span> <span class='ocrx_word' id='word_1_267' title='bbox 1279 3468 1440 3543; x_wconf 90' lang='lat' dir='ltr'><strong>domorum,</strong></span> <span class='ocrx_word' id='word_1_268' title='bbox 1452 3468 1597 3542; x_wconf 81' lang='lat' dir='ltr'><strong>villarum,</strong></span> <span class='ocrx_word' id='word_1_269' title='bbox 1610 3473 1754 3526; x_wconf 91' lang='lat' dir='ltr'><strong>terrarum</strong></span> <span class='ocrx_word' id='word_1_270' title='bbox 1770 3472 1800 3526; x_wconf 92' lang='lat' dir='ltr'><strong>et</strong></span> <span class='ocrx_word' id='word_1_271' title='bbox 1815 3468 1939 3526; x_wconf 84' lang='lat' dir='ltr'><strong>eliorum</strong></span> 
     </span>
     <span class='ocr_line' id='line_1_26' title="bbox 439 3571 1939 3648; baseline 0 -18"><span class='ocrx_word' id='word_1_272' title='bbox 439 3574 571 3648; x_wconf 88' lang='lat' dir='ltr'><strong>locorum,</strong></span> <span class='ocrx_word' id='word_1_273' title='bbox 586 3573 839 3646; x_wconf 90' lang='lat' dir='ltr'><strong>iurisdicciouum,</strong></span> <span class='ocrx_word' id='word_1_274' title='bbox 854 3572 961 3630; x_wconf 91' lang='lat' dir='ltr'><strong>iurium</strong></span> <span class='ocrx_word' id='word_1_275' title='bbox 985 3578 1015 3630; x_wconf 94' lang='lat' dir='ltr'><strong>et</strong></span> <span class='ocrx_word' id='word_1_276' title='bbox 1038 3572 1180 3631; x_wconf 90' lang='lat' dir='ltr'><strong>bonorum</strong></span> <span class='ocrx_word' id='word_1_277' title='bbox 1205 3572 1416 3646; x_wconf 90' lang='lat' dir='ltr'><strong>predictorum,</strong></span> <span class='ocrx_word' id='word_1_278' title='bbox 1440 3571 1588 3629; x_wconf 89' lang='lat' dir='ltr'><strong>mobilium</strong></span> <span class='ocrx_word' id='word_1_279' title='bbox 1612 3577 1642 3630; x_wconf 90' lang='lat' dir='ltr'><strong>et</strong></span> <span class='ocrx_word' id='word_1_280' title='bbox 1664 3571 1856 3646; x_wconf 91' lang='lat' dir='ltr'><strong>inmobilium,</strong></span> <span class='ocrx_word' id='word_1_281' title='bbox 1873 3572 1939 3630; x_wconf 85' lang='lat' dir='ltr'><strong>red·</strong></span> 
     </span>
     <span class='ocr_line' id='line_1_27' title="bbox 440 3675 1940 3750; baseline -0.003 -13"><span class='ocrx_word' id='word_1_282' title='bbox 440 3677 543 3737; x_wconf 93' lang='lat' dir='ltr'><strong>ditnnm</strong></span> <span class='ocrx_word' id='word_1_283' title='bbox 565 3694 682 3750; x_wconf 90' lang='lat' dir='ltr'><strong>quoqne</strong></span> <span class='ocrx_word' id='word_1_284' title='bbox 704 3694 740 3735; x_wconf 93' lang='lat' dir='ltr'><strong>ac</strong></span> <span class='ocrx_word' id='word_1_285' title='bbox 762 3682 965 3750; x_wconf 91' lang='lat' dir='ltr'><strong>proventuum,</strong></span> <span class='ocrx_word' id='word_1_286' title='bbox 981 3676 1167 3749; x_wconf 89' lang='lat' dir='ltr'><strong>decimarum,</strong></span> <span class='ocrx_word' id='word_1_287' title='bbox 1184 3693 1323 3734; x_wconf 83' lang='lat' dir='ltr'><strong>censuum</strong></span> <span class='ocrx_word' id='word_1_288' title='bbox 1345 3684 1375 3734; x_wconf 92' lang='lat' dir='ltr'><strong>et</strong></span> <span class='ocrx_word' id='word_1_289' title='bbox 1397 3675 1520 3735; x_wconf 88' lang='lat' dir='ltr'><strong>eliorum</strong></span> <span class='ocrx_word' id='word_1_290' title='bbox 1544 3691 1781 3748; x_wconf 88' lang='lat' dir='ltr'><strong>quorumcunque</strong></span> <span class='ocrx_word' id='word_1_291' title='bbox 1796 3675 1940 3733; x_wconf 89' lang='lat' dir='ltr'><strong>bonorum</strong></span> 
     </span>
     <span class='ocr_line' id='line_1_28' title="bbox 438 3777 1937 3854; baseline -0.002 -13"><span class='ocrx_word' id='word_1_292' title='bbox 438 3798 540 3841; x_wconf 86' lang='lat' dir='ltr'><strong>necnon</strong></span> <span class='ocrx_word' id='word_1_293' title='bbox 564 3782 601 3840; x_wconf 95' lang='lat' dir='ltr'><strong>de</strong></span> <span class='ocrx_word' id='word_1_294' title='bbox 624 3780 805 3853; x_wconf 91' lang='lat' dir='ltr'><strong>quibuslibet</strong></span> <span class='ocrx_word' id='word_1_295' title='bbox 819 3781 971 3854; x_wconf 88' lang='lat' dir='ltr'><strong>molestiis,</strong></span> <span class='ocrx_word' id='word_1_296' title='bbox 994 3781 1111 3839; x_wconf 91' lang='lat' dir='ltr'><strong>iniuriis</strong></span> <span class='ocrx_word' id='word_1_297' title='bbox 1134 3786 1221 3853; x_wconf 90' lang='lat' dir='ltr'><strong>atque</strong></span> <span class='ocrx_word' id='word_1_298' title='bbox 1245 3781 1388 3854; x_wconf 88' lang='lat' dir='ltr'><strong>dampnis,</strong></span> <span class='ocrx_word' id='word_1_299' title='bbox 1410 3780 1598 3853; x_wconf 89' lang='lat' dir='ltr'><strong>presentibus</strong></span> <span class='ocrx_word' id='word_1_300' title='bbox 1630 3785 1659 3838; x_wconf 93' lang='lat' dir='ltr'><strong>et</strong></span> <span class='ocrx_word' id='word_1_301' title='bbox 1682 3777 1801 3854; x_wconf 82' lang='lat' dir='ltr'><strong>futuris,</strong></span> <span class='ocrx_word' id='word_1_302' title='bbox 1824 3780 1854 3837; x_wconf 95' lang='lat' dir='ltr'><strong>in</strong></span> <span class='ocrx_word' id='word_1_303' title='bbox 1877 3779 1937 3838; x_wconf 91' lang='lat' dir='ltr'><strong>illis</strong></span> 
     </span>
     <span class='ocr_line' id='line_1_29' title="bbox 438 3883 1940 3960; baseline -0.003 -15"><span class='ocrx_word' id='word_1_304' title='bbox 438 3886 575 3960; x_wconf 88' lang='lat' dir='ltr'><strong>videlicet,</strong></span> <span class='ocrx_word' id='word_1_305' title='bbox 598 3901 655 3957; x_wconf 92' lang='lat' dir='ltr'><strong>qne</strong></span> <span class='ocrx_word' id='word_1_306' title='bbox 685 3883 852 3942; x_wconf 91' lang='lat' dir='ltr'><strong>iudicialem</strong></span> <span class='ocrx_word' id='word_1_307' title='bbox 883 3885 1036 3956; x_wconf 89' lang='lat' dir='ltr'><strong>reqnimnt</strong></span> <span class='ocrx_word' id='word_1_308' title='bbox 1062 3884 1238 3959; x_wconf 82' lang='lat' dir='ltr'><strong>indaginem,</strong></span> <span class='ocrx_word' id='word_1_309' title='bbox 1261 3884 1416 3943; x_wconf 84' lang='lat' dir='ltr'><strong>summarie</strong></span> <span class='ocrx_word' id='word_1_310' title='bbox 1440 3885 1528 3942; x_wconf 89' lang='lat' dir='ltr'><strong>etde</strong></span> <span class='ocrx_word' id='word_1_311' title='bbox 1551 3885 1648 3959; x_wconf 91' lang='lat' dir='ltr'><strong>plano,</strong></span> <span class='ocrx_word' id='word_1_312' title='bbox 1672 3884 1735 3942; x_wconf 95' lang='lat' dir='ltr'><strong>siue</strong></span> <span class='ocrx_word' id='word_1_313' title='bbox 1759 3883 1886 3956; x_wconf 89' lang='lat' dir='ltr'><strong>strepitu</strong></span> <span class='ocrx_word' id='word_1_314' title='bbox 1909 3887 1940 3941; x_wconf 92' lang='lat' dir='ltr'><strong>et</strong></span> 
     </span>
     <span class='ocr_line' id='line_1_30' title="bbox 437 3988 1940 4064; baseline -0.003 -15"><span class='ocrx_word' id='word_1_315' title='bbox 437 3988 520 4064; x_wconf 86' lang='lat' dir='ltr'><strong>ignra</strong></span> <span class='ocrx_word' id='word_1_316' title='bbox 535 3989 652 4063; x_wconf 89' lang='lat' dir='ltr'><strong>indicii,</strong></span> <span class='ocrx_word' id='word_1_317' title='bbox 667 3989 697 4047; x_wconf 90' lang='lat' dir='ltr'><strong>in</strong></span> <span class='ocrx_word' id='word_1_318' title='bbox 713 3988 782 4046; x_wconf 87' lang='lat' dir='ltr'><strong>aliis</strong></span> <span class='ocrx_word' id='word_1_319' title='bbox 798 4003 877 4061; x_wconf 90' lang='lat' dir='ltr'><strong>vero,</strong></span> <span class='ocrx_word' id='word_1_320' title='bbox 892 3993 981 4060; x_wconf 89' lang='lat' dir='ltr'><strong>prout</strong></span> <span class='ocrx_word' id='word_1_321' title='bbox 1004 3989 1131 4059; x_wconf 89' lang='lat' dir='ltr'><strong>qualitas</strong></span> <span class='ocrx_word' id='word_1_322' title='bbox 1154 4005 1254 4048; x_wconf 91' lang='lat' dir='ltr'><strong>eorum</strong></span> <span class='ocrx_word' id='word_1_323' title='bbox 1277 3988 1419 4062; x_wconf 80' lang='lat' dir='ltr'><strong>exegerit,</strong></span> <span class='ocrx_word' id='word_1_324' title='bbox 1436 3989 1553 4046; x_wconf 90' lang='lat' dir='ltr'><strong>iusticie</strong></span> <span class='ocrx_word' id='word_1_325' title='bbox 1578 3991 1830 4062; x_wconf 89' lang='lat' dir='ltr'><strong>complementum,</strong></span> <span class='ocrx_word' id='word_1_326' title='bbox 1852 4003 1940 4045; x_wconf 89' lang='lat' dir='ltr'><strong>occu·</strong></span> 
     </span>
     <span class='ocr_line' id='line_1_31' title="bbox 436 4091 1939 4166; baseline -0.003 -14"><span class='ocrx_word' id='word_1_327' title='bbox 436 4101 547 4166; x_wconf 85' lang='lat' dir='ltr'><strong>putores</strong></span> <span class='ocrx_word' id='word_1_328' title='bbox 578 4109 630 4152; x_wconf 87' lang='lat' dir='ltr'><strong>seu</strong></span> <span class='ocrx_word' id='word_1_329' title='bbox 661 4092 842 4165; x_wconf 87' lang='lat' dir='ltr'><strong>detentores,</strong></span> <span class='ocrx_word' id='word_1_330' title='bbox 873 4091 1088 4165; x_wconf 89' lang='lat' dir='ltr'><strong>molestatores,</strong></span> <span class='ocrx_word' id='word_1_331' title='bbox 1111 4098 1332 4165; x_wconf 87' lang='lat' dir='ltr'><strong>presumptores</strong></span> <span class='ocrx_word' id='word_1_332' title='bbox 1356 4098 1386 4149; x_wconf 92' lang='lat' dir='ltr'><strong>et</strong></span> <span class='ocrx_word' id='word_1_333' title='bbox 1416 4091 1606 4149; x_wconf 84' lang='lat' dir='ltr'><strong>iniuriutores</strong></span> <span class='ocrx_word' id='word_1_334' title='bbox 1638 4091 1803 4150; x_wconf 91' lang='lat' dir='ltr'><strong>huiusmodi</strong></span> <span class='ocrx_word' id='word_1_335' title='bbox 1826 4107 1939 4148; x_wconf 87' lang='lat' dir='ltr'><strong>necnon</strong></span> 
     </span>
     <span class='ocr_line' id='line_1_32' title="bbox 437 4195 1939 4269; baseline -0.003 -13"><span class='ocrx_word' id='word_1_336' title='bbox 437 4199 666 4258; x_wconf 85' lang='lat' dir='ltr'><strong>contradictores</strong></span> <span class='ocrx_word' id='word_1_337' title='bbox 681 4195 829 4269; x_wconf 89' lang='lat' dir='ltr'><strong>quoslibet</strong></span> <span class='ocrx_word' id='word_1_338' title='bbox 851 4200 881 4252; x_wconf 88' lang='lat' dir='ltr'><strong>et</strong></span> <span class='ocrx_word' id='word_1_339' title='bbox 901 4195 1036 4269; x_wconf 87' lang='lat' dir='ltr'><strong>rebelles,</strong></span> <span class='ocrx_word' id='word_1_340' title='bbox 1052 4196 1249 4269; x_wconf 88' lang='lat' dir='ltr'><strong>cuiuscunque</strong></span> <span class='ocrx_word' id='word_1_341' title='bbox 1266 4196 1429 4269; x_wconf 86' lang='lat' dir='ltr'><strong>dignitatis,</strong></span> <span class='ocrx_word' id='word_1_342' title='bbox 1446 4201 1553 4269; x_wconf 85' lang='lat' dir='ltr'><strong>status,</strong></span> <span class='ocrx_word' id='word_1_343' title='bbox 1568 4195 1681 4253; x_wconf 88' lang='lat' dir='ltr'><strong>ordinis</strong></span> <span class='ocrx_word' id='word_1_344' title='bbox 1696 4197 1740 4255; x_wconf 91' lang='lat' dir='ltr'><strong>vel</strong></span> <span class='ocrx_word' id='word_1_345' title='bbox 1758 4195 1939 4254; x_wconf 90' lang='lat' dir='ltr'><strong>condicionis</strong></span> 
     </span>
     <span class='ocr_line' id='line_1_33' title="bbox 436 4297 1938 4376; baseline -0.001 -17"><span class='ocrx_word' id='word_1_346' title='bbox 436 4304 594 4376; x_wconf 80' lang='lat' dir='ltr'><strong>extiterint,</strong></span> <span class='ocrx_word' id='word_1_347' title='bbox 607 4297 628 4376; x_wconf 89' lang='lat'><strong>¹)</strong></span> <span class='ocrx_word' id='word_1_348' title='bbox 651 4300 883 4375; x_wconf 90' lang='lat' dir='ltr'><strong>quandocunque</strong></span> <span class='ocrx_word' id='word_1_349' title='bbox 898 4304 929 4357; x_wconf 90' lang='lat' dir='ltr'><strong>et</strong></span> <span class='ocrx_word' id='word_1_350' title='bbox 944 4299 1197 4372; x_wconf 90' lang='lat' dir='ltr'><strong>quocienscunque</strong></span> <span class='ocrx_word' id='word_1_351' title='bbox 1215 4299 1391 4373; x_wconf 82' lang='lat' dir='ltr'><strong>expedierit,</strong></span> <span class='ocrx_word' id='word_1_352' title='bbox 1406 4300 1584 4357; x_wconf 90' lang='lat' dir='ltr'><strong>auctoritate</strong></span> <span class='ocrx_word' id='word_1_353' title='bbox 1600 4304 1702 4357; x_wconf 89' lang='lat' dir='ltr'><strong>nostra</strong></span> <span class='ocrx_word' id='word_1_354' title='bbox 1717 4318 1769 4372; x_wconf 91' lang='lat' dir='ltr'><strong>per</strong></span> <span class='ocrx_word' id='word_1_355' title='bbox 1785 4316 1938 4358; x_wconf 89' lang='lat' dir='ltr'><strong>censuram</strong></span> 
     </span>
     <span class='ocr_line' id='line_1_34' title="bbox 436 4401 1939 4478; baseline -0.004 -12"><span class='ocrx_word' id='word_1_356' title='bbox 436 4405 660 4465; x_wconf 81' lang='lat' dir='ltr'><strong>ecclesiasticen</strong></span> <span class='ocrx_word' id='word_1_357' title='bbox 695 4403 896 4477; x_wconf 87' lang='lat' dir='ltr'><strong>appellacione</strong></span> <span class='ocrx_word' id='word_1_358' title='bbox 929 4403 1097 4477; x_wconf 84' lang='lat' dir='ltr'><strong>postposita</strong></span> <span class='ocrx_word' id='word_1_359' title='bbox 1119 4403 1341 4478; x_wconf 90' lang='lat' dir='ltr'><strong>compescendo,</strong></span> <span class='ocrx_word' id='word_1_360' title='bbox 1364 4404 1499 4460; x_wconf 89' lang='lat' dir='ltr'><strong>invocato</strong></span> <span class='ocrx_word' id='word_1_361' title='bbox 1529 4405 1567 4461; x_wconf 88' lang='lat' dir='ltr'><strong>ad</strong></span> <span class='ocrx_word' id='word_1_362' title='bbox 1599 4403 1664 4477; x_wconf 89' lang='lat' dir='ltr'><strong>boc,</strong></span> <span class='ocrx_word' id='word_1_363' title='bbox 1695 4403 1720 4460; x_wconf 91' lang='lat' dir='ltr'><strong>si</strong></span> <span class='ocrx_word' id='word_1_364' title='bbox 1742 4421 1816 4477; x_wconf 92' lang='lat' dir='ltr'><strong>opus</strong></span> <span class='ocrx_word' id='word_1_365' title='bbox 1839 4401 1939 4477; x_wconf 81' lang='lat' dir='ltr'><strong>fucrit,</strong></span> 
     </span>
     <span class='ocr_line' id='line_1_35' title="bbox 435 4505 1939 4580; baseline -0.001 -13"><span class='ocrx_word' id='word_1_366' title='bbox 435 4511 540 4569; x_wconf 83' lang='lat' dir='ltr'><strong>auxilio</strong></span> <span class='ocrx_word' id='word_1_367' title='bbox 562 4509 679 4569; x_wconf 88' lang='lat' dir='ltr'><strong>brachii</strong></span> <span class='ocrx_word' id='word_1_368' title='bbox 702 4508 859 4579; x_wconf 81' lang='lat' dir='ltr'><strong>secularis3</strong></span> <span class='ocrx_word' id='word_1_369' title='bbox 884 4525 941 4566; x_wconf 92' lang='lat' dir='ltr'><strong>non</strong></span> <span class='ocrx_word' id='word_1_370' title='bbox 965 4506 1151 4566; x_wconf 88' lang='lat' dir='ltr'><strong>obstantibus</strong></span> <span class='ocrx_word' id='word_1_371' title='bbox 1175 4512 1234 4564; x_wconf 90' lang='lat' dir='ltr'><strong>tam</strong></span> <span class='ocrx_word' id='word_1_372' title='bbox 1256 4505 1277 4564; x_wconf 86' lang='lat' dir='ltr'><strong>f.</strong></span> <span class='ocrx_word' id='word_1_373' title='bbox 1303 4525 1328 4565; x_wconf 89' lang='lat' dir='ltr'><strong>r.</strong></span> <span class='ocrx_word' id='word_1_374' title='bbox 1352 4505 1499 4565; x_wconf 86' lang='lat' dir='ltr'><strong>Bonifacii</strong></span> <span class='ocrx_word' id='word_1_375' title='bbox 1522 4524 1596 4580; x_wconf 89' lang='lat' dir='ltr'><strong>pape</strong></span> <span class='ocrx_word' id='word_1_376' title='bbox 1617 4507 1698 4580; x_wconf 87' lang='lat' dir='ltr'><strong>Vlll,</strong></span> <span class='ocrx_word' id='word_1_377' title='bbox 1720 4507 1939 4579; x_wconf 88' lang='lat' dir='ltr'><strong>predecessoris</strong></span> 
     </span>
     <span class='ocr_line' id='line_1_36' title="bbox 435 4610 1939 4688; baseline -0.003 -17"><span class='ocrx_word' id='word_1_378' title='bbox 435 4614 534 4688; x_wconf 88' lang='lat' dir='ltr'><strong>nostri,</strong></span> <span class='ocrx_word' id='word_1_379' title='bbox 565 4613 726 4686; x_wconf 89' lang='lat' dir='ltr'><strong>inquibus</strong></span> <span class='ocrx_word' id='word_1_380' title='bbox 750 4617 880 4683; x_wconf 90' lang='lat' dir='ltr'><strong>cavetur,</strong></span> <span class='ocrx_word' id='word_1_381' title='bbox 902 4627 939 4668; x_wconf 87' lang='lat' dir='ltr'><strong>ne</strong></span> <span class='ocrx_word' id='word_1_382' title='bbox 962 4610 1068 4682; x_wconf 89' lang='lat' dir='ltr'><strong>aliquis</strong></span> <span class='ocrx_word' id='word_1_383' title='bbox 1092 4617 1176 4668; x_wconf 84' lang='lat' dir='ltr'><strong>extra</strong></span> <span class='ocrx_word' id='word_1_384' title='bbox 1203 4627 1285 4668; x_wconf 86' lang='lat' dir='ltr'><strong>suum</strong></span> <span class='ocrx_word' id='word_1_385' title='bbox 1317 4610 1464 4668; x_wconf 83' lang='lat' dir='ltr'><strong>civitatem</strong></span> <span class='ocrx_word' id='word_1_386' title='bbox 1496 4617 1526 4667; x_wconf 90' lang='lat' dir='ltr'><strong>et</strong></span> <span class='ocrx_word' id='word_1_387' title='bbox 1556 4611 1694 4668; x_wconf 90' lang='lat' dir='ltr'><strong>diocesim</strong></span> <span class='ocrx_word' id='word_1_388' title='bbox 1712 4654 1718 4668; x_wconf 93' lang='lat'><strong>.</strong></span> <span class='ocrx_word' id='word_1_389' title='bbox 1737 4654 1744 4668; x_wconf 93' lang='lat'><strong>.</strong></span> <span class='ocrx_word' id='word_1_390' title='bbox 1763 4655 1794 4668; x_wconf 94' lang='lat'><strong>..</strong></span> <span class='ocrx_word' id='word_1_391' title='bbox 1819 4611 1939 4682; x_wconf 87' lang='lat' dir='ltr'><strong>eiusque</strong></span> 
     </span>
     <span class='ocr_line' id='line_1_37' title="bbox 434 4714 1938 4788; baseline -0.001 -16"><span class='ocrx_word' id='word_1_392' title='bbox 434 4717 575 4776; x_wconf 86' lang='lat' dir='ltr'><strong>exercicio</strong></span> <span class='ocrx_word' id='word_1_393' title='bbox 594 4715 691 4774; x_wconf 92' lang='lat' dir='ltr'><strong>libero</strong></span> <span class='ocrx_word' id='word_1_394' title='bbox 712 4714 931 4787; x_wconf 90' lang='lat' dir='ltr'><strong>quomodolibet</strong></span> <span class='ocrx_word' id='word_1_395' title='bbox 953 4715 1083 4788; x_wconf 85' lang='lat' dir='ltr'><strong>obviare,</strong></span> <span class='ocrx_word' id='word_1_396' title='bbox 1099 4731 1150 4772; x_wconf 92' lang='lat' dir='ltr'><strong>seu</strong></span> <span class='ocrx_word' id='word_1_397' title='bbox 1166 4714 1191 4772; x_wconf 89' lang='lat' dir='ltr'><strong>si</strong></span> <span class='ocrx_word' id='word_1_398' title='bbox 1207 4715 1355 4786; x_wconf 91' lang='lat' dir='ltr'><strong>aliquibus</strong></span> <span class='ocrx_word' id='word_1_399' title='bbox 1373 4715 1564 4772; x_wconf 88' lang='lat' dir='ltr'><strong>communiter</strong></span> <span class='ocrx_word' id='word_1_400' title='bbox 1580 4715 1623 4771; x_wconf 88' lang='lat' dir='ltr'><strong>vel</strong></span> <span class='ocrx_word' id='word_1_401' title='bbox 1640 4714 1755 4771; x_wconf 91' lang='lat' dir='ltr'><strong>divisim</strong></span> <span class='ocrx_word' id='word_1_402' title='bbox 1770 4731 1788 4772; x_wconf 93' lang='lat' dir='ltr'><strong>a</strong></span> <span class='ocrx_word' id='word_1_403' title='bbox 1803 4714 1938 4786; x_wconf 89' lang='lat' dir='ltr'><strong>predicta</strong></span> 
     </span>
     <span class='ocr_line' id='line_1_38' title="bbox 435 4807 1939 4892; baseline -0.002 -16"><span class='ocrx_word' id='word_1_404' title='bbox 435 4820 468 4877; x_wconf 88' lang='lat' dir='ltr'><strong>sit</strong></span> <span class='ocrx_word' id='word_1_405' title='bbox 482 4820 551 4879; x_wconf 90' lang='lat' dir='ltr'><strong>sede</strong></span> <span class='ocrx_word' id='word_1_406' title='bbox 574 4819 732 4892; x_wconf 91' lang='lat' dir='ltr'><strong>indultum,</strong></span> <span class='ocrx_word' id='word_1_407' title='bbox 748 4862 756 4877; x_wconf 92' lang='lat'><strong>.</strong></span> <span class='ocrx_word' id='word_1_408' title='bbox 774 4861 781 4876; x_wconf 93' lang='lat'><strong>.</strong></span> <span class='ocrx_word' id='word_1_409' title='bbox 799 4862 806 4876; x_wconf 93' lang='lat'><strong>.</strong></span> <span class='ocrx_word' id='word_1_410' title='bbox 824 4862 831 4876; x_wconf 97' lang='lat'><strong>.</strong></span> <span class='ocrx_word' id='word_1_411' title='bbox 854 4818 951 4876; x_wconf 85' lang='lat' dir='ltr'><strong>valeat</strong></span> <span class='ocrx_word' id='word_1_412' title='bbox 974 4817 1193 4890; x_wconf 92' lang='lat' dir='ltr'><strong>quomodolibet</strong></span> <span class='ocrx_word' id='word_1_413' title='bbox 1216 4818 1362 4891; x_wconf 91' lang='lat' dir='ltr'><strong>impediri,</strong></span> <span class='ocrx_word' id='word_1_414' title='bbox 1379 4825 1409 4875; x_wconf 93' lang='lat' dir='ltr'><strong>et</strong></span> <span class='ocrx_word' id='word_1_415' title='bbox 1427 4818 1535 4890; x_wconf 82' lang='lat' dir='ltr'><strong>deque</strong></span> <span class='ocrx_word' id='word_1_416' title='bbox 1555 4818 1694 4889; x_wconf 91' lang='lat' dir='ltr'><strong>cuiusque</strong></span> <span class='ocrx_word' id='word_1_417' title='bbox 1718 4823 1780 4875; x_wconf 89' lang='lat' dir='ltr'><strong>toto</strong></span> <span class='ocrx_word' id='word_1_418' title='bbox 1803 4822 1905 4874; x_wconf 89' lang='lat' dir='ltr'><strong>tenore</strong></span> <span class='ocrx_word' id='word_1_419' title='bbox 1919 4807 1939 4889; x_wconf 90' lang='lat'><strong>¹)</strong></span> 
     </span>
     <span class='ocr_line' id='line_1_39' title="bbox 436 4919 1937 4993; baseline -0.004 -12"><span class='ocrx_word' id='word_1_420' title='bbox 436 4922 466 4982; x_wconf 89' lang='lat' dir='ltr'><strong>de</strong></span> <span class='ocrx_word' id='word_1_421' title='bbox 485 4925 576 4983; x_wconf 82' lang='lat' dir='ltr'><strong>verbo</strong></span> <span class='ocrx_word' id='word_1_422' title='bbox 599 4922 782 4981; x_wconf 88' lang='lat' dir='ltr'><strong>adverbum</strong></span> <span class='ocrx_word' id='word_1_423' title='bbox 805 4922 833 4978; x_wconf 94' lang='lat' dir='ltr'><strong>in</strong></span> <span class='ocrx_word' id='word_1_424' title='bbox 857 4921 969 4979; x_wconf 90' lang='lat' dir='ltr'><strong>nostris</strong></span> <span class='ocrx_word' id='word_1_425' title='bbox 992 4921 1100 4978; x_wconf 83' lang='lat' dir='ltr'><strong>litteris</strong></span> <span class='ocrx_word' id='word_1_426' title='bbox 1123 4921 1258 4979; x_wconf 92' lang='lat' dir='ltr'><strong>habenda</strong></span> <span class='ocrx_word' id='word_1_427' title='bbox 1281 4922 1320 4978; x_wconf 88' lang='lat' dir='ltr'><strong>sit</strong></span> <span class='ocrx_word' id='word_1_428' title='bbox 1343 4921 1455 4980; x_wconf 89' lang='lat' dir='ltr'><strong>mencio</strong></span> <span class='ocrx_word' id='word_1_429' title='bbox 1479 4921 1625 4993; x_wconf 87' lang='lat' dir='ltr'><strong>specialis.</strong></span> <span class='ocrx_word' id='word_1_430' title='bbox 1651 4922 1785 4979; x_wconf 84' lang='lat' dir='ltr'><strong>Ceterum</strong></span> <span class='ocrx_word' id='word_1_431' title='bbox 1805 4919 1937 4977; x_wconf 84' lang='lat' dir='ltr'><strong>volumus</strong></span> 
     </span>
     <span class='ocr_line' id='line_1_40' title="bbox 435 5022 1938 5104; baseline -0.003 -20"><span class='ocrx_word' id='word_1_432' title='bbox 435 5036 460 5085; x_wconf 88' lang='lat' dir='ltr'><strong>et</strong></span> <span class='ocrx_word' id='word_1_433' title='bbox 477 5028 644 5104; x_wconf 89' lang='lat' dir='ltr'><strong>apostolica</strong></span> <span class='ocrx_word' id='word_1_434' title='bbox 680 5024 858 5084; x_wconf 86' lang='lat' dir='ltr'><strong>auctoritate</strong></span> <span class='ocrx_word' id='word_1_435' title='bbox 881 5024 1075 5098; x_wconf 85' lang='lat' dir='ltr'><strong>decernimus,</strong></span> <span class='ocrx_word' id='word_1_436' title='bbox 1099 5026 1175 5097; x_wconf 90' lang='lat' dir='ltr'><strong>quod</strong></span> <span class='ocrx_word' id='word_1_437' title='bbox 1209 5025 1335 5097; x_wconf 91' lang='lat' dir='ltr'><strong>quilibet</strong></span> <span class='ocrx_word' id='word_1_438' title='bbox 1365 5029 1493 5082; x_wconf 89' lang='lat' dir='ltr'><strong>vestrum</strong></span> <span class='ocrx_word' id='word_1_439' title='bbox 1524 5024 1661 5097; x_wconf 89' lang='lat' dir='ltr'><strong>prosequi</strong></span> <span class='ocrx_word' id='word_1_440' title='bbox 1685 5022 1782 5080; x_wconf 87' lang='lat' dir='ltr'><strong>vulcat</strong></span> <span class='ocrx_word' id='word_1_441' title='bbox 1799 5066 1807 5079; x_wconf 85' lang='lat'><strong>.</strong></span> <span class='ocrx_word' id='word_1_442' title='bbox 1825 5065 1832 5079; x_wconf 93' lang='lat'><strong>.</strong></span> <span class='ocrx_word' id='word_1_443' title='bbox 1849 5065 1880 5079; x_wconf 92' lang='lat'><strong>..</strong></span> <span class='ocrx_word' id='word_1_444' title='bbox 1908 5022 1938 5080; x_wconf 92' lang='lat' dir='ltr'><strong>in</strong></span> 
     </span>
     <span class='ocr_line' id='line_1_41' title="bbox 437 5119 1940 5202; baseline -0.005 -14"><span class='ocrx_word' id='word_1_445' title='bbox 437 5134 611 5192; x_wconf 86' lang='lat' dir='ltr'><strong>contrarium</strong></span> <span class='ocrx_word' id='word_1_446' title='bbox 636 5129 718 5188; x_wconf 88' lang='lat' dir='ltr'><strong>edita</strong></span> <span class='ocrx_word' id='word_1_447' title='bbox 739 5146 798 5187; x_wconf 94' lang='lat' dir='ltr'><strong>nou</strong></span> <span class='ocrx_word' id='word_1_448' title='bbox 821 5128 968 5202; x_wconf 89' lang='lat' dir='ltr'><strong>obstante,</strong></span> <span class='ocrx_word' id='word_1_449' title='bbox 991 5128 1177 5201; x_wconf 90' lang='lat' dir='ltr'><strong>presentibus</strong></span> <span class='ocrx_word' id='word_1_450' title='bbox 1201 5135 1269 5200; x_wconf 89' lang='lat' dir='ltr'><strong>post</strong></span> <span class='ocrx_word' id='word_1_451' title='bbox 1292 5128 1449 5185; x_wconf 88' lang='lat' dir='ltr'><strong>triennium</strong></span> <span class='ocrx_word' id='word_1_452' title='bbox 1472 5129 1588 5186; x_wconf 89' lang='lat' dir='ltr'><strong>minime</strong></span> <span class='ocrx_word' id='word_1_453' title='bbox 1611 5127 1756 5185; x_wconf 83' lang='lat' dir='ltr'><strong>valituris.</strong></span> <span class='ocrx_word' id='word_1_454' title='bbox 1791 5119 1830 5183; x_wconf 89' lang='lat' dir='ltr'><strong>D.</strong></span> <span class='ocrx_word' id='word_1_455' title='bbox 1855 5119 1940 5200; x_wconf 83' lang='lat' dir='ltr'><strong>apud</strong></span> 
     </span>
     <span class='ocr_line' id='line_1_42' title="bbox 434 5223 1350 5308; baseline -0.003 -17"><span class='ocrx_word' id='word_1_456' title='bbox 434 5225 674 5306; x_wconf 72' lang='lat' dir='ltr'><strong>t&#39;llemnonam,</strong></span> <span class='ocrx_word' id='word_1_457' title='bbox 698 5227 736 5291; x_wconf 92' lang='lat' dir='ltr'><strong>A.</strong></span> <span class='ocrx_word' id='word_1_458' title='bbox 761 5226 802 5306; x_wconf 78' lang='lat' dir='ltr'><strong>d,</strong></span> <span class='ocrx_word' id='word_1_459' title='bbox 826 5225 854 5291; x_wconf 90' lang='lat' dir='ltr'>V</span> <span class='ocrx_word' id='word_1_460' title='bbox 877 5223 940 5289; x_wconf 90' lang='lat' dir='ltr'><strong>kal.</strong></span> <span class='ocrx_word' id='word_1_461' title='bbox 965 5225 1162 5306; x_wconf 87' lang='lat' dir='ltr'><strong>Septembris</strong></span> <span class='ocrx_word' id='word_1_462' title='bbox 1186 5244 1215 5290; x_wconf 90' lang='lat' dir='ltr'><strong>a.</strong></span> <span class='ocrx_word' id='word_1_463' title='bbox 1239 5226 1350 5308; x_wconf 90' lang='lat' dir='ltr'><strong>primo.</strong></span> 
     </span>
    </p>
   </div>
   <div class='ocr_carea' id='block_1_3' title="bbox 428 5376 1940 5721">
    <p class='ocr_par' dir='ltr' id='par_1_3' title="bbox 428 5376 1940 5721">
     <span class='ocr_line' id='line_1_43' title="bbox 520 5376 1940 5450; baseline -0.01 -10"><span class='ocrx_word' id='word_1_464' title='bbox 520 5383 682 5440; x_wconf 88' lang='lat' dir='ltr'><strong>Clementis</strong></span> <span class='ocrx_word' id='word_1_465' title='bbox 701 5382 740 5435; x_wconf 77' lang='lat' dir='ltr'><strong>Vl</strong></span> <span class='ocrx_word' id='word_1_466' title='bbox 758 5383 782 5434; x_wconf 90' lang='lat' dir='ltr'><strong>A</strong></span> <span class='ocrx_word' id='word_1_467' title='bbox 801 5384 843 5450; x_wconf 57' lang='lat' dir='ltr'><strong>lje</strong></span> <span class='ocrx_word' id='word_1_468' title='bbox 862 5385 917 5449; x_wconf 75' lang='lat'>(61)</span> <span class='ocrx_word' id='word_1_469' title='bbox 937 5382 955 5436; x_wconf 88' lang='lat' dir='ltr'><strong>i.</strong></span> <span class='ocrx_word' id='word_1_470' title='bbox 975 5383 1026 5447; x_wconf 76' lang='lat' dir='ltr'><strong>lu&#39;,</strong></span> <span class='ocrx_word' id='word_1_471' title='bbox 1045 5378 1079 5434; x_wconf 91' lang='lat' dir='ltr'><strong>de</strong></span> <span class='ocrx_word' id='word_1_472' title='bbox 1099 5378 1311 5433; x_wconf 88' lang='lat' dir='ltr'><strong>conservatoriis</strong></span> <span class='ocrx_word' id='word_1_473' title='bbox 1325 5395 1369 5445; x_wconf 80' lang='lat' dir='ltr'><strong>qu.</strong></span> <span class='ocrx_word' id='word_1_474' title='bbox 1385 5384 1396 5430; x_wconf 89' lang='lat'><strong>1</strong></span> <span class='ocrx_word' id='word_1_475' title='bbox 1410 5396 1442 5429; x_wconf 88' lang='lat'>:</span> <span class='ocrx_word' id='word_1_476' title='bbox 1453 5378 1484 5430; x_wconf 74' lang='lat' dir='ltr'><strong>l&#39;.</strong></span> <span class='ocrx_word' id='word_1_477' title='bbox 1499 5385 1545 5431; x_wconf 77' lang='lat' dir='ltr'><strong>tot</strong></span> <span class='ocrx_word' id='word_1_478' title='bbox 1561 5376 1578 5430; x_wconf 87' lang='lat' dir='ltr'><strong>l.</strong></span> <span class='ocrx_word' id='word_1_479' title='bbox 1595 5380 1652 5430; x_wconf 70' lang='lat'>153¹</span> <span class='ocrx_word' id='word_1_480' title='bbox 1668 5394 1693 5429; x_wconf 92' lang='lat' dir='ltr'><strong>n.</strong></span> <span class='ocrx_word' id='word_1_481' title='bbox 1708 5381 1766 5429; x_wconf 73' lang='lat' dir='ltr'><strong>ibt.</strong></span> <span class='ocrx_word' id='word_1_482' title='bbox 1782 5406 1812 5414; x_wconf 91' lang='lat'><em>-</em></span> <span class='ocrx_word' id='word_1_483' title='bbox 1829 5376 1851 5439; x_wconf 85' lang='lat'><strong>¹)</strong></span> <span class='ocrx_word' id='word_1_484' title='bbox 1869 5388 1940 5427; x_wconf 87' lang='lat' dir='ltr'><strong>corr.</strong></span> 
     </span>
     <span class='ocr_line' id='line_1_44' title="bbox 431 5458 1937 5541; baseline -0.007 -18"><span class='ocrx_word' id='word_1_485' title='bbox 431 5481 456 5523; x_wconf 76' lang='lat' dir='ltr'><strong>en</strong></span> <span class='ocrx_word' id='word_1_486' title='bbox 470 5470 660 5541; x_wconf 82' lang='lat' dir='ltr'><strong>,Grieznensi‘</strong></span> <span class='ocrx_word' id='word_1_487' title='bbox 680 5471 713 5521; x_wconf 91' lang='lat' dir='ltr'><strong>A.</strong></span> <span class='ocrx_word' id='word_1_488' title='bbox 750 5469 774 5534; x_wconf 77' lang='lat' dir='ltr'><strong>b)</strong></span> <span class='ocrx_word' id='word_1_489' title='bbox 793 5467 995 5537; x_wconf 85' lang='lat' dir='ltr'><strong>,coboperante‘</strong></span> <span class='ocrx_word' id='word_1_490' title='bbox 1013 5468 1046 5519; x_wconf 91' lang='lat' dir='ltr'><strong>A.</strong></span> <span class='ocrx_word' id='word_1_491' title='bbox 1074 5480 1095 5530; x_wconf 65' lang='lat' dir='ltr'><strong>t)</strong></span> <span class='ocrx_word' id='word_1_492' title='bbox 1115 5463 1290 5533; x_wconf 82' lang='lat' dir='ltr'><strong>,spectenria‘</strong></span> <span class='ocrx_word' id='word_1_493' title='bbox 1310 5467 1342 5517; x_wconf 93' lang='lat' dir='ltr'><strong>A.</strong></span> <span class='ocrx_word' id='word_1_494' title='bbox 1371 5463 1395 5528; x_wconf 75' lang='lat' dir='ltr'><strong>d)</strong></span> <span class='ocrx_word' id='word_1_495' title='bbox 1414 5463 1546 5531; x_wconf 81' lang='lat' dir='ltr'><strong>‚parcium</strong></span> <span class='ocrx_word' id='word_1_496' title='bbox 1573 5462 1757 5530; x_wconf 86' lang='lat' dir='ltr'><strong>predictarum</strong></span> <span class='ocrx_word' id='word_1_497' title='bbox 1786 5492 1819 5501; x_wconf 94' lang='lat'><em>-</em></span> <span class='ocrx_word' id='word_1_498' title='bbox 1847 5458 1937 5513; x_wconf 90' lang='lat' dir='ltr'><strong>reddi-</strong></span> 
     </span>
     <span class='ocr_line' id='line_1_45' title="bbox 430 5546 1937 5631; baseline -0.007 -21"><span class='ocrx_word' id='word_1_499' title='bbox 430 5556 496 5616; x_wconf 81' lang='lat' dir='ltr'><strong>b&#39;bns‘</strong></span> <span class='ocrx_word' id='word_1_500' title='bbox 514 5558 618 5631; x_wconf 87' lang='lat' dir='ltr'><strong>suppl.</strong></span> <span class='ocrx_word' id='word_1_501' title='bbox 637 5557 668 5610; x_wconf 89' lang='lat' dir='ltr'><strong>in</strong></span> <span class='ocrx_word' id='word_1_502' title='bbox 688 5555 810 5623; x_wconf 78' lang='lat' dir='ltr'><strong>margine</strong></span> <span class='ocrx_word' id='word_1_503' title='bbox 828 5557 861 5608; x_wconf 91' lang='lat' dir='ltr'><strong>A.</strong></span> <span class='ocrx_word' id='word_1_504' title='bbox 888 5558 911 5620; x_wconf 65' lang='lat' dir='ltr'><strong>r)</strong></span> <span class='ocrx_word' id='word_1_505' title='bbox 931 5554 1046 5607; x_wconf 75' lang='lat' dir='ltr'><strong>cornio</strong></span> <span class='ocrx_word' id='word_1_506' title='bbox 1068 5552 1190 5620; x_wconf 82' lang='lat' dir='ltr'><strong>margine</strong></span> <span class='ocrx_word' id='word_1_507' title='bbox 1209 5568 1243 5605; x_wconf 82' lang='lat' dir='ltr'><strong>ex</strong></span> <span class='ocrx_word' id='word_1_508' title='bbox 1261 5549 1470 5618; x_wconf 83' lang='lat' dir='ltr'><strong>,spiritualibue‘</strong></span> <span class='ocrx_word' id='word_1_509' title='bbox 1488 5551 1521 5602; x_wconf 92' lang='lat' dir='ltr'><strong>A.</strong></span> <span class='ocrx_word' id='word_1_510' title='bbox 1549 5549 1721 5616; x_wconf 67' lang='lat' dir='ltr'><strong>tqqustinus·</strong></span> <span class='ocrx_word' id='word_1_511' title='bbox 1740 5551 1772 5600; x_wconf 97' lang='lat' dir='ltr'><strong>A.</strong></span> <span class='ocrx_word' id='word_1_512' title='bbox 1801 5550 1825 5613; x_wconf 80' lang='lat' dir='ltr'><strong>u)</strong></span> <span class='ocrx_word' id='word_1_513' title='bbox 1846 5546 1937 5614; x_wconf 90' lang='lat' dir='ltr'><strong>suppl.</strong></span> 
     </span>
     <span class='ocr_line' id='line_1_46' title="bbox 428 5635 1851 5721; baseline -0.008 -23"><span class='ocrx_word' id='word_1_514' title='bbox 428 5639 583 5721; x_wconf 73' lang='lat' dir='ltr'><strong>nwgine</strong></span> <span class='ocrx_word' id='word_1_515' title='bbox 608 5647 644 5698; x_wconf 90' lang='lat' dir='ltr'><strong>A.</strong></span> <span class='ocrx_word' id='word_1_516' title='bbox 674 5644 698 5708; x_wconf 73' lang='lat'><strong>¹²)</strong></span> <span class='ocrx_word' id='word_1_517' title='bbox 718 5640 839 5708; x_wconf 87' lang='lat' dir='ltr'><strong>‚eisdem‘</strong></span> <span class='ocrx_word' id='word_1_518' title='bbox 857 5643 891 5694; x_wconf 92' lang='lat' dir='ltr'><strong>A.</strong></span> <span class='ocrx_word' id='word_1_519' title='bbox 915 5647 933 5708; x_wconf 83' lang='lat'><strong>¹)</strong></span> <span class='ocrx_word' id='word_1_520' title='bbox 953 5640 1127 5707; x_wconf 85' lang='lat' dir='ltr'><strong>‚exstiterint‘</strong></span> <span class='ocrx_word' id='word_1_521' title='bbox 1145 5641 1177 5691; x_wconf 93' lang='lat' dir='ltr'><strong>A.</strong></span> <span class='ocrx_word' id='word_1_522' title='bbox 1200 5640 1218 5705; x_wconf 83' lang='lat'><strong>¹)</strong></span> <span class='ocrx_word' id='word_1_523' title='bbox 1237 5637 1360 5705; x_wconf 90' lang='lat' dir='ltr'><strong>sequitur</strong></span> <span class='ocrx_word' id='word_1_524' title='bbox 1379 5635 1532 5703; x_wconf 86' lang='lat' dir='ltr'><strong>,habenda‘,</strong></span> <span class='ocrx_word' id='word_1_525' title='bbox 1552 5635 1600 5690; x_wconf 90' lang='lat' dir='ltr'><strong>sed</strong></span> <span class='ocrx_word' id='word_1_526' title='bbox 1620 5635 1798 5690; x_wconf 87' lang='lat' dir='ltr'><strong>cancellatum</strong></span> <span class='ocrx_word' id='word_1_527' title='bbox 1817 5635 1851 5687; x_wconf 91' lang='lat' dir='ltr'><strong>A.</strong></span> 
     </span>
    </p>
   </div>
   <div class='ocr_carea' id='block_1_4' title="bbox 0 0 2596 7046">
    <p class='ocr_par' dir='ltr' id='par_1_4' title="bbox 0 0 2596 7046">
     <span class='ocr_line' id='line_1_47' title="bbox 0 0 2596 7046; baseline 0 0"><span class='ocrx_word' id='word_1_528' title='bbox 0 0 2596 7046; x_wconf 95' lang='lat' dir='ltr'><strong> </strong></span> 
     </span>
    </p>
   </div>
  </div>
 </body>
</html>
