5184 7050
657 847 721 913 256

657 1053 751 1118 428.
779 1051 975 1132 Tylrnuuaus
995 1052 1066 1132 dc·)
1091 1054 1247 1127 Rosscrne‚
1270 1052 1373 1116 laicos
1390 1053 1572 1118 &comesis
1588 1053 1729 1128 ctiocesu,
1742 1057 1882 1136 receptor
1893 1052 2068 1131 Joboum's,
2094 1053 2182 1133 regis

656 1155 838 1233 Bobeniioc,
862 1158 897 1221 iu
920 1156 1072 1222 comitutu
1094 1156 1369 1237 Loccorbarpcasi,
1393 1162 1423 1222 et
1446 1157 1626 1238 Motbitdis,
1657 1159 1725 1223 cios
1756 1177 1845 1236 recor,
1876 1157 2074 1242 supplicato,
2099 1175 2178 1237 qao-

658 1264 750 1325 tcous
772 1260 834 1325 sibi
856 1260 1010 1326 absolutio
1027 1260 1128 1344 pieac
1151 1261 1317 1324 irretortis
1340 1261 1476 1325 articulo
1499 1262 1697 1327 concedatur.
1721 1263 1808 1339 ,nac
1831 1264 1869 1328 R.
1894 1313 1901 1329 .
1926 1313 1933 1326 .
1960 1313 1965 1326 .
1992 1312 2000 1326 .
2026 1263 2069 1326 D.
2097 1259 2178 1323 aas.

1059 1365 1150 1430 aione
1173 1365 1278 1431 XVII
1294 1363 1358 1431 bol.
1384 1364 1568 1431 Novembris
1592 1387 1621 1430 o.
1644 1366 1760 1430 tercio‘.

1607 1556 1769 1638 nacae,
1796 1559 1882 1624 1344
1907 1557 2052 1623 ocare
2076 1560 2133 1622 rc.

764 1772 912 1826 Clementis
931 1772 968 1826 Vl
987 1772 1013 1826 S.
1034 1772 1103 1840 llllu
1123 1776 1161 1838 17)
1180 1773 1199 1825 l'.
1218 1772 1271 1827 ⁶22¹.
1290 1802 1323 1810 —
1352 1778 1375 1838 ιλ)
1394 1769 1599 1840 ,Tliylcmauus‘
1616 1772 1642 1828 S.

1314 2035 1518 2044 ———

664 2330 760 2396 429.
785 2328 955 2408 Bodoslco,
981 2329 1090 2394 obboti
1112 2330 1297 2394 riconostcrii
1318 2330 1354 2395 ic
1375 2329 1495 2404 laudo,
1526 2335 1556 2395 ct
1584 2328 1813 2395 successoribus
1834 2329 1902 2394 eius
1923 2329 2119 2407 conceditur,
2144 2334 2182 2392 ut

1098 2434 1246 2515 insigniis
1271 2433 1509 2517 pontificobbus
1531 2434 1580 2498 nti
1601 2434 1738 2498 ‘calcaret

1610 2626 1772 2701 Aoiaionc,
1795 2628 1882 2690 1344
1907 2625 2051 2690 Octobris
2075 2628 2131 2691 25.

724 2518 748 2570 X

724 2587 749 2640 X

706 2657 764 2710 .X.

769 2835 806 2898 l).
830 2833 851 2897 f.
875 2834 1022 2913 Bouslao,
1045 2835 1151 2898 abbati
1175 2835 1357 2898 monasterii
1381 2835 1483 2899 sancti
1506 2834 1662 2899 Iohannis
1685 2834 1830 2916 Baptiste
1854 2833 1885 2898 in
1908 2833 2026 2912 Insula,
2051 2833 2178 2898 ordinis

664 2937 765 3001 sancti
787 2936 963 3015 Benedicti,
986 2939 1155 3019 l‘mgensis
1179 2938 1325 3016 dioceSIs,
1349 2956 1373 3002 s.
1398 2943 1458 3003 etc.
1496 2939 1542 3003 Ut
1565 2937 1675 3020 pulcra
1697 2943 1730 3002 et
1753 2938 1866 3003 devota
1895 2936 1961 3003 filis
1989 2936 2178 3002 Jerusalem

664 3040 810 3105 fidelibus
833 3047 867 3105 et
888 3042 1068 3107 infidelibus
1098 3048 1251 3124 appareat
1283 3043 1435 3107 terribilis
1465 3047 1501 3106 ut
1531 3050 1705 3108 castrorum
1727 3043 1813 3107 acies
1836 3042 1989 3121 ordinata,
2023 3041 2177 3107 militaris

664 3145 800 3210 ecclesia
823 3146 918 3209 variis
941 3147 1108 3228 insignitur
1130 3147 1231 3211 titulis
1255 3147 1453 3228 dignitatum,
1490 3166 1547 3228 pier
1576 3166 1654 3228 quies
1684 3152 1834 3228 tanquam
1864 3153 1975 3211 oruata
2000 3145 2177 3212 monilibus

664 3255 698 3314 et
720 3250 953 3314 circumamicta
974 3252 1129 3315 varietate
1151 3258 1350 3316 venustatem
1373 3251 1494 3333 profert
1516 3253 1667 3315 virtutum
1697 3250 1867 3316 illustrium
1898 3250 2033 3317 ecclesie
2060 3252 2176 3315 trium-

664 3354 801 3437 plantis,
826 3360 859 3418 et
881 3355 964 3436 quod
987 3356 1113 3420 tandem
1145 3357 1176 3420 in
1198 3376 1233 3420 ro
1256 3356 1394 3435 habebit,
1430 3357 1461 3420 in
1492 3374 1549 3437 spe
1578 3374 1690 3438 gerere
1720 3374 1755 3420 se
1785 3355 1964 3435 ostendens,
2002 3357 2175 3420 ueritatem

664 3459 783 3524 indicat
806 3479 862 3541 per
885 3458 1033 3542 tignrsm3
1059 3465 1272 3543 propterque
1296 3461 1389 3527 sedes
1412 3460 1595 3543 apostolica,
1620 3465 1721 3525 uiator
1743 3459 1947 3526 ecclesiarum
1978 3461 2117 3525 omnium
2143 3466 2177 3524 et

665 3564 823 3645 magistra,
847 3571 969 3629 ceteras
992 3565 1143 3629 ecclosias
1165 3571 1315 3647 tmquam
1338 3565 1589 3630 adolescentulas
1606 3585 1679 3630 suas
1695 3567 1847 3631 honorum
1867 3566 2011 3649 insigniis
2033 3565 2177 3630 libenter

664 3669 797 3733 adornat
827 3689 883 3750 pro
913 3672 1034 3736 ineritis
1065 3671 1268 3752 singularum,
1303 3690 1443 3751 sperans,
1479 3677 1514 3734 ut
1548 3671 1594 3734 sic
1627 3676 1738 3735 ornate
1768 3675 1856 3735 tanto
1886 3688 1921 3734 se
1951 3670 2175 3735 immaculatus

665 3774 814 3838 studeant
829 3774 1016 3857 diligencius
1031 3776 1210 3854 observare,
1234 3781 1351 3857 quanto
1368 3776 1555 3856 propensius
1570 3780 1719 3839 tenentur
1739 3775 1871 3857 dibgere
1887 3774 1984 3839 decus
2008 3776 2176 3856 proprium

664 3882 698 3940 et
720 3876 875 3942 docorem.
900 3877 979 3944 Cuin
1002 3880 1107 3960 igitur,
1131 3880 1215 3944 sicut
1236 3885 1270 3943 tu
1294 3885 1328 3943 et
1350 3880 1400 3943 dd.
1425 3878 1455 3943 ll.
1481 3885 1652 3943 conventus
1675 3880 1857 3944 monasterii
1879 3880 1926 3943 tui
1960 3879 2052 3943 nobis
2076 3879 2176 3961 signi-

665 3981 760 4046 licum
784 3984 928 4061 cumstiS,
952 3986 1054 4064 ipsum
1077 3985 1302 4048 inonasterinin
1321 3985 1404 4048 inter
1419 3983 1481 4047 alia
1495 3983 1686 4048 monasteria
1700 3983 1841 4064 parcium
1858 3982 1982 4047 illarum
2005 3983 2049 4047 sit
2064 3982 2173 4047 nobile

665 4091 699 4151 et
721 4087 852 4169 insigne,
876 4106 933 4151 nos
956 4087 1099 4151 volentes
1121 4092 1219 4169 tcum)
1244 4106 1414 4168 personam
1437 4093 1523 4151 tuam
1545 4088 1610 4152 tuis
1633 4086 1854 4169 multiplicium
1876 4088 2028 4152 virtutum
2048 4088 2175 4152 meritis

665 4190 864 4272 exigentibus
887 4210 979 4271 spiram
1003 4191 1226 4255 monasterium
1249 4191 1353 4272 ipsum
1368 4191 1549 4273 apostolicis
1565 4191 1679 4274 graciis
1696 4192 1855 4270 decorare,
1879 4192 1942 4256 tuis
1965 4197 1999 4256 et
2014 4192 2174 4258 dictorum

665 4300 837 4360 conuentus
853 4296 1141 4378 supplicaciouibus
1161 4295 1311 4375 inclinati,
1327 4295 1385 4359 tibi
1402 4300 1434 4358 et
1450 4295 1686 4359 successoribus
1701 4295 1774 4370 tuis,
1791 4295 1957 4360 abbatibus
1982 4296 2084 4377 ipsius
2106 4316 2176 4362 ino-

666 4400 806 4479 nasten'i,
830 4401 883 4483 qui
907 4407 1000 4464 erunt
1022 4419 1079 4482 pro
1101 4405 1254 4482 tompore,
1288 4405 1325 4463 ut
1347 4406 1382 4464 tu
1405 4406 1438 4464 et
1460 4399 1506 4464 illi
1529 4400 1632 4477 mitra,
1663 4399 1766 4478 allido,
1802 4398 1951 4464 sandaliis
1975 4406 2009 4464 et
2030 4400 2103 4466 aliis
2127 4403 2174 4467 in·

666 4504 775 4586 sIgniis
798 4504 1030 4585 pontificalibus
1061 4504 1107 4568 uti
1138 4510 1170 4568 et
1193 4524 1263 4568 oiim
1287 4505 1365 4586 ipsis
1388 4504 1562 4568 solenniter
1591 4503 1752 4568 celebrere
1783 4523 1819 4568 sc
1842 4504 1874 4568 in
1896 4505 1998 4586 ipsius
2020 4506 2175 4572 solenniis

667 4628 788 4673 necnon
812 4609 843 4672 in
866 4626 974 4672 mensa
997 4607 1252 4672 benediccionem
1267 4608 1429 4673 solennem
1451 4609 1567 4688 facere,
1589 4607 1667 4672 locis
1687 4613 1801 4685 tamen,
1825 4607 1912 4672 horis
1928 4612 1961 4673 et
1975 4610 2175 4691 temporibus

667 4713 789 4777 adhoc
812 4715 905 4795 aptis
930 4713 1029 4776 libero
1053 4712 1194 4790 celestis,
1219 4713 1386 4777 dunnnodo
1416 4713 1449 4777 in
1478 4711 1701 4776 benediccione
1731 4712 1801 4793 ipsa
1826 4712 1942 4794 aliquis
1964 4713 2100 4778 antistes
2124 4713 2174 4778 sel

668 4816 790 4897 legatus
814 4815 899 4881 sedis
923 4815 1063 4881 ciusdem
1088 4835 1149 4881 non
1172 4817 1214 4880 sit
1236 4836 1377 4898 presens,
1412 4817 1601 4881 strictoritatc
1631 4815 1805 4899 apostolica
1835 4816 1874 4880 de
1904 4816 2038 4898 speciali
2068 4820 2174 4899 gracia

669 4921 878 5004 indulgentius.
903 4920 987 4985 Nulli
1012 4939 1087 5003 ergo
1111 4927 1170 4984 etc.
1195 4925 1302 4986 nostre
1327 4922 1540 4986 concessionis
1563 4920 1734 5002 infringere
1757 4925 1817 4984 etc.
1852 4921 1891 4986 D.
1914 4921 2073 4987 Aninione¹
2095 4922 2173 4988 VIII

668 5024 730 5089 kal.
755 5025 941 5103 Novembris
964 5044 992 5089 a.
1015 5026 1124 5088 tercio.

676 5204 681 5210 ι
773 5228 920 5283 Clementis
940 5229 976 5284 VI
996 5232 1029 5282 Α.
1048 5230 1116 5299 llos
1134 5236 1189 5295 (79)
1203 5232 1219 5284 l'.
1236 5232 1303 5298 los',
1317 5230 1351 5285 dc
1365 5230 1478 5286 indultIs
1492 5239 1542 5286 ete.
1557 5249 1601 5300 qu.
1616 5238 1674 5285 4:
1686 5231 1719 5285 V.
1734 5237 1782 5284 lbb
1800 5230 1817 5284 f.
1833 5237 1881 5286 lor
1894 5248 1922 5286 n.
1935 5238 2036 5286 6911-
2050 5237 2075 5299 ⁸)
2084 5233 2174 5302 suppl.

669 5318 697 5372 iu
716 5332 799 5385 marg.
818 5319 851 5370 Α.
