5184 7050
688 839 749 903 122

677 1049 710 1108 et
732 1045 854 1126 viginti,
879 1063 898 1108 a
921 1045 1123 1108 monasteriis
1146 1063 1220 1108 xero
1244 1050 1276 1110 et
1299 1044 1445 1109 ecelesiis
1468 1046 1541 1109 aliis
1565 1064 1602 1110 ac
1624 1046 1820 1128 prioratibus
1844 1044 2043 1109 secularibus
2067 1045 2117 1109 vel
2139 1063 2184 1109 re

676 1146 852 1228 gularibus,
876 1146 1067 1212 habentibus
1091 1148 1258 1230 collegium
1283 1148 1450 1213 duodecim
1472 1149 1523 1213 vel
1547 1149 1685 1230 plurium
1709 1167 1924 1230 personarum,
1949 1149 2036 1213 ultra
2053 1157 2184 1225 centum,

677 1252 717 1316 ab
741 1252 932 1316 habentibus
955 1270 1029 1316 vero
1052 1253 1156 1316 minus
1180 1252 1349 1335 collegium
1371 1259 1404 1318 et
1426 1253 1624 1335 quibuslibet
1647 1255 1720 1318 aliis
1743 1253 1897 1330 ecclesiis,
1934 1253 2131 1334 prioratibus
2153 1260 2183 1317 et

677 1355 756 1419 locis
779 1356 864 1420 ultra
887 1355 1080 1436 octuaginta,
1105 1357 1245 1437 episcopi
1262 1357 1363 1421 eciam
1379 1358 1419 1422 ab
1435 1356 1555 1423 eisdem
1579 1357 1737 1447 ecclesiia,
1757 1357 1970 1435 monasteriis,
1995 1356 2185 1438 prioratibus

678 1465 774 1542 atque
797 1458 876 1524 locis
900 1459 984 1523 ultra
1008 1461 1202 1542 octuaginta,
1235 1461 1369 1526 abbates
1392 1461 1477 1527 ultra
1500 1463 1676 1544 sexaginta,
1711 1461 1925 1526 archidiaconi
1949 1461 2036 1525 ultra
2058 1462 2185 1542 triginta

677 1563 908 1629 Turonensium
938 1565 1063 1646 argenti
1093 1564 1232 1628 valorem
1257 1583 1319 1629 non
1342 1566 1501 1648 recipiant
1524 1565 1752 1649 quoquomodo.
1797 1565 1833 1629 ln
1856 1564 2024 1630 hlamauie
2052 1583 2184 1647 quoque,

678 1668 801 1751 hughe,
824 1666 971 1751 Vugarie,
1006 1669 1146 1746 Boemie,
1181 1668 1322 1746 Polonie,
1356 1669 1532 1752 Noruegie,
1557 1671 1665 1750 Dacie,
1690 1670 1800 1736 Scocie
1822 1675 1856 1734 et
1879 1668 1993 1736 Suecie
2016 1668 2126 1750 regnis
2149 1687 2182 1731 ac

676 1772 782 1851 terris,
805 1772 976 1854 provinciis
999 1774 1033 1836 et
1054 1772 1200 1853 partibus
1235 1772 1356 1837 eisdem
1389 1772 1610 1839 adiacentibus
1642 1773 1873 1855 archiepiscopi
1897 1778 1930 1837 et
1952 1772 2096 1854 episcopi
2120 1771 2185 1836 alii·

677 1894 739 1958 que
761 1876 877 1958 prelati
908 1882 941 1941 et
962 1895 1098 1958 persone
1121 1877 1347 1957 ecclesiastice,
1379 1897 1448 1942 cum
1472 1884 1508 1943 ut
1531 1875 1729 1961 premittitur
1756 1877 1969 1959 personaliter
2000 1876 2184 1954 visitabunt,

678 1980 774 2046 iidem
796 1980 1038 2062 archiepiscopi,
1062 1981 1163 2046 eciam
1179 1981 1206 2045 si
1221 1982 1375 2063 primates
1398 1982 1547 2061 existant,
1564 2002 1583 2047 a
1602 1984 1670 2048 suis
1693 1983 1743 2047 vel
1766 1980 2038 2064 suffraganeorum
2062 1997 2185 2044 suorum

678 2083 823 2148 ecclesiis
854 2083 1091 2149 cathedralibus
1113 2090 1146 2149 et
1169 2086 1314 2165 personis
1337 2104 1446 2150 earnm
1469 2105 1525 2167 pro
1548 2089 1777 2168 procuracione
1807 2087 1901 2152 unius
1932 2086 2031 2165 diei0)
2067 2083 2185 2150 sivein

679 2187 869 2252 victualibus
892 2188 959 2251 sire
982 2207 1001 2252 a
1023 2188 1205 2253 uolentibus
1227 2189 1260 2252 in
1282 2191 1418 2270 pecnnia
1444 2190 1528 2254 ultra
1549 2194 1763 2255 trecentorum
1786 2195 1820 2255 et
1840 2191 1964 2274 viginti,
1988 2208 2007 2253 a
2031 2192 2186 2270 monaste·

677 2292 735 2356 riis
764 2311 839 2357 vero
863 2298 896 2356 et
917 2292 990 2355 aliis
1020 2293 1165 2358 ecclesiis
1188 2298 1221 2357 et
1243 2295 1438 2375 prioratibus
1461 2295 1659 2360 secularibus
1683 2295 1731 2358 rel
1755 2294 1965 2376 regularibus,
1997 2292 2187 2358 habentibus

678 2395 845 2479 collegium
867 2396 1034 2460 duodecim
1057 2396 1107 2463 uel
1129 2398 1268 2481 plurium
1291 2417 1506 2480 personarum,
1541 2400 1626 2464 ultra
1648 2398 1855 2463 ducentorum
1884 2402 1918 2462 et
1944 2398 2123 2480 sexaginta,
2150 2396 2185 2460 ab

677 2500 751 2565 aliis
767 2519 841 2565 vero
856 2501 1068 2580 monasteriis,
1085 2502 1230 2567 ecclesiis
1245 2523 1302 2568 seu
1318 2503 1513 2584 prioratibus
1526 2501 1551 2583 ·¹)
1573 2504 1678 2567 minus
1701 2502 1869 2585 collegium
1892 2499 2087 2566 habentibus
2103 2499 2188 2564 aliis-

677 2623 739 2685 que
769 2604 924 2691 ecclesiis,
954 2606 1148 2688 prioratibus
1178 2612 1212 2670 et
1241 2606 1319 2672 locis
1341 2607 1427 2671 ultra
1450 2606 1657 2671 ducentorum
1679 2610 1712 2670 et
1734 2606 1857 2687 viginti,
1880 2604 2022 2686 episcopi
2045 2603 2148 2667 eciam
2169 2621 2186 2665 a

677 2707 917 2774 cathedralibus
939 2710 1085 2774 ecclesiis
1113 2710 1198 2774 ultra
1227 2709 1434 2775 ducentorum
1465 2717 1498 2775 et
1523 2711 1645 2793 viginti,
1681 2709 1925 2775 amonasteriis
1953 2725 2029 2799 uero
2060 2713 2094 2772 et
2117 2707 2186 2771 aliis

677 2811 822 2877 eeclesiis
853 2816 887 2876 et
916 2814 1121 2895 prioratibus,
1152 2815 1351 2880 secularibus
1382 2821 1415 2879 et
1443 2815 1653 2897 regularibus
1688 2815 1879 2880 habentibus
1910 2811 2080 2893 cohegium
2114 2810 2187 2874 ‹luo-

677 2915 779 2980 decim
805 2915 855 2980 rel
877 2916 1016 2998 plurium
1038 2936 1255 3001 personarum,
1287 2918 1372 2982 ultra
1395 2924 1519 2983 centurn
1543 2925 1576 2984 et
1599 2919 1792 3001 octuaginta,
1827 2918 1867 2982 ab
1897 2915 2093 2981 habentibus
2114 2934 2187 2979 vero

677 3021 781 3085 miuus
818 3021 985 3103 collegium
1022 3025 1056 3085 et
1090 3022 1285 3104 quibuslibet
1322 3023 1394 3087 aliis
1431 3021 1586 3101 ecclesiis,
1624 3023 1819 3104 prioratibus
1855 3025 1951 3102 atque
1988 3019 2069 3084 locis
2108 3020 2187 3084 ultra

678 3130 805 3189 centum
828 3131 862 3190 et
884 3127 1125 3209 quinquaginta,
1157 3128 1290 3191 abbates
1321 3128 1452 3209 insuper
1474 3146 1493 3192 a
1515 3128 1717 3192 monasteriis
1746 3126 1798 3191 vel
1826 3123 2022 3208 prioratibus
2055 3142 2116 3189 seu
2139 3140 2186 3186 ec-

677 3228 784 3294 clesiis
806 3229 1000 3295 habentibus
1023 3230 1190 3313 collegium
1213 3230 1379 3294 duodecim
1403 3231 1451 3296 vel
1474 3232 1613 3313 plurium
1644 3249 1848 3314 personarum
1871 3229 1956 3294 ultra
1979 3234 2118 3308 centum,
2148 3228 2185 3291 ab

677 3333 869 3400 habentibus
892 3354 965 3400 vero
988 3335 1092 3400 minus
1116 3335 1282 3416 collegium
1307 3335 1521 3413 aeccclesiis
1544 3335 1739 3417 prioratibus
1755 3339 1786 3400 et
1803 3334 1876 3398 aliis
1898 3333 1978 3398 locis
1992 3332 2188 3414 quibuslibet

676 3438 761 3504 ultra
784 3440 979 3521 octuaginta,
1003 3439 1218 3505 archidiaconi
1238 3457 1314 3504 vero
1338 3437 1423 3503 ultra
1446 3439 1668 3520 quadraginta,
1692 3437 1960 3523 archipresbyteri
1977 3437 2079 3501 eciam
2102 3435 2185 3499 ultra

676 3544 785 3609 decem
803 3546 1035 3610 'turonensium
1057 3545 1181 3627 argenti
1205 3544 1345 3609 valorem
1367 3546 1509 3626 recipere
1532 3563 1594 3608 non
1610 3549 1812 3626 presumant,
1837 3546 1863 3609 si
1879 3562 1955 3609 vero
1971 3534 2069 3608 iidem
2085 3541 2184 3606 archi-

678 3649 831 3730 episcopi,
856 3649 999 3730 episcopi
1022 3655 1055 3714 et
1077 3650 1194 3731 prelati
1218 3668 1255 3713 ac
1278 3668 1413 3731 persone
1436 3648 1654 3713 ecclesiastice
1681 3668 1719 3713 ex
1743 3648 1909 3731 privilegio
1933 3646 2110 3729 apostolico
2132 3664 2187 3728 per

677 3753 758 3816 alios
780 3754 912 3818 visitare
935 3758 968 3817 et
990 3754 1235 3834 procuraciones
1256 3754 1401 3835 recipere
1425 3752 1553 3817 valeant
1576 3754 1608 3817 in
1630 3754 1767 3835 pecnnia
1789 3750 2069 3829 numeratadicti
2085 3752 2185 3816 archi-

676 3857 827 3939 cpiscopi,
851 3858 950 3922 eciam
973 3858 1001 3921 si
1023 3858 1177 3939 primates
1200 3858 1350 3936 existant,
1381 3858 1420 3921 ab
1443 3856 1625 3922 huiusmodi
1648 3856 1803 3935 eeclesiis,
1826 3856 2039 3934 monasteriis,
2063 3856 2184 3937 priora·

676 3961 762 4025 tibus
785 3966 883 4043 atque
906 3962 984 4026 locis
1006 3961 1092 4024 ultra
1115 3966 1252 4039 centnm,
1275 3963 1418 4044 episcopi
1441 3962 1526 4027 ultra
1549 3962 1720 4044 octoginta,
1744 3961 1878 4025 abbates
1908 3960 1994 4024 ultra
2009 3961 2183 4043 sexaginta,

676 4064 892 4129 archidiaconi
915 4066 1000 4130 ultra
1024 4066 1155 4148 triginta
1174 4067 1405 4131 'turonensium
1430 4066 1552 4147 argenti
1569 4066 1708 4131 valorem
1724 4084 1781 4146 pro
1797 4065 2025 4147 procuracione
2041 4066 2184 4147 qualibet

676 4169 771 4234 unius
794 4170 859 4235 diei
888 4171 1030 4253 recipere
1061 4189 1122 4235 uon
1152 4177 1347 4251 presumant.
1394 4170 1431 4234 ln
1454 4169 1595 4236 Castelle
1618 4189 1753 4252 quoqne,
1784 4169 1944 4251 Legionis,
1968 4170 2131 4252 Aragonie
2153 4176 2184 4234 et

677 4274 858 4356 Portugalie
888 4275 995 4357 regnis
1026 4293 1064 4340 ac
1087 4274 1244 4351 dominiis,
1279 4276 1376 4340 terris
1399 4280 1431 4339 et
1454 4276 1626 4356 provinciis
1660 4293 1769 4357 rogum
1793 4262 1943 4352 Castelle,
1966 4273 2129 4355 dragouie
2151 4281 2182 4338 et

677 4378 860 4460 Portugalie
882 4382 915 4443 et
938 4379 1083 4460 partibus
1106 4379 1328 4443 adiacentibus
1344 4385 1377 4443 et
1393 4379 1505 4443 vicinis
1528 4379 1659 4457 eisdem,
1683 4383 1816 4461 excepto
1840 4365 1988 4444 Sardinia
2003 4382 2037 4442 et
2053 4376 2182 4443 Corsica

675 4501 781 4563 regno,
805 4483 1046 4565 archiepiscopi,
1071 4484 1211 4565 episcopi
1235 4490 1268 4548 et
1291 4484 1409 4565 prelati
1433 4502 1470 4546 ac
1492 4501 1627 4564 persone
1650 4483 1878 4561 ecclesiastice,
1902 4500 1974 4546 curn
1996 4487 2033 4545 ut
2055 4484 2184 4565 premit·

675 4587 754 4651 titur
783 4588 969 4666 visitabunt,
1000 4587 1096 4652 iidem
1128 4589 1359 4671 archiepiscopi
1383 4608 1402 4652 a
1426 4588 1492 4652 suis
1523 4594 1557 4653 et
1578 4586 1849 4669 suffraganeorum
1879 4604 2009 4651 suorum
2039 4586 2183 4653 ecclesiis

676 4691 914 4756 cathedralibus
944 4711 1000 4772 pro
1031 4695 1258 4775 procuracione
1289 4694 1383 4758 unius
1413 4693 1476 4757 diei
1500 4693 1568 4758 sive
1592 4694 1623 4756 iu
1647 4691 1839 4756 victualibus
1869 4692 1937 4756 sive
1960 4709 1980 4755 a
2003 4691 2183 4773 volentibus

677 4797 707 4859 iu
730 4797 866 4877 pecunia
889 4796 974 4860 ultra
997 4804 1122 4861 centum
1146 4804 1179 4862 et
1201 4798 1442 4879 qninquaginta,
1466 4816 1485 4860 a
1507 4796 1707 4860 monasteriis
1730 4814 1804 4859 vero
1828 4801 1861 4859 et
1884 4794 2029 4860 ecclesiis
2052 4796 2128 4860 aliis
2149 4812 2184 4858 ac

675 4900 869 4980 prioratibus
891 4901 1088 4965 secularibus
1105 4902 1154 4967 vel
1170 4901 1381 4984 regularibus
1403 4901 1595 4965 habentibus
1612 4899 1779 4981 collegium
1795 4899 1962 4964 duodecim
1977 4899 2028 4963 vel
2043 4899 2183 4982 plurium

675 5022 890 5084 personarum,
914 5004 999 5069 ultra
1023 5010 1148 5068 centum
1165 5010 1198 5068 ct
1214 5005 1335 5087 viginti,
1360 5004 1400 5068 ab
1424 5004 1615 5068 habentibus
1638 5022 1712 5068 uero
1735 5002 1840 5067 minus
1863 5002 2031 5085 collegium
2047 5004 2182 5085 aliisque

674 5109 828 5185 aecclesiis,
861 5110 1057 5191 prioratibus
1092 5115 1189 5191 atque
1222 5109 1302 5173 locis
1326 5109 1411 5173 ultra
1435 5114 1570 5185 centum,
1602 5108 1742 5189 episcopi
1775 5108 1876 5171 eciam
1899 5126 1919 5171 a
1943 5107 2182 5173 cathedralibus

675 5212 820 5275 «ecclesiis
836 5212 920 5277 ultra
936 5219 1070 5292 eentum,
1085 5232 1103 5276 a
1119 5213 1324 5277 monasteriis
1341 5232 1414 5277 vero
1431 5232 1468 5276 ac
1486 5212 1679 5294 prioratibus
1696 5211 1895 5277 secularibus
1907 5211 1958 5276 vel
1972 5212 2182 5295 regularibus,

674 5315 863 5380 habentibus
887 5316 1054 5398 collegium
1077 5317 1243 5381 duodecim
1260 5317 1310 5380 uel
1330 5316 1469 5396 plurium
1485 5334 1701 5397 personarum,
1719 5315 1802 5377 ultra
1818 5313 1990 5397 octoginta,
2008 5316 2048 5381 ab
2064 5316 2181 5381 haben·

673 5419 759 5483 tibus
782 5439 855 5484 vero
877 5421 981 5485 miuus
1004 5421 1172 5503 collegium
1194 5420 1330 5502 aliisque
1352 5421 1507 5499 ecclesiis,
1530 5419 1725 5501 prioratibus
1741 5424 1774 5482 et
1796 5419 1875 5483 locis
1900 5419 1985 5484 ultra
2008 5421 2180 5503 sexaginta,

674 5523 806 5588 abbates
836 5525 936 5589 eciam
961 5544 980 5588 a
1001 5526 1205 5590 monasteriis
1227 5526 1277 5588 vel
1301 5524 1497 5605 prioratibus
1527 5524 1719 5589 habentibus
1750 5523 1917 5603 collegium
1940 5523 2110 5589 duodecim
2132 5521 2179 5587 rel

674 5626 811 5706 plurium
835 5647 1040 5708 personarum
1068 5629 1152 5718 ultra
1176 5629 1416 5710 quinquaginta,
1448 5628 1487 5691 ab
1511 5627 1702 5691 habentibus
1733 5646 1806 5691 vero
1830 5628 1934 5691 minus
1961 5628 2130 5710 collegium
2151 5631 2187 5690 et

674 5731 869 5811 qrrilmslibet
892 5733 1046 5811 ecclesiis,
1071 5732 1263 5813 prioratibus
1280 5738 1313 5794 et
1329 5732 1406 5796 lucis
1430 5733 1513 5796 ultra
1531 5731 1752 5813 iqrrruhuginta,
1777 5732 1992 5796 archidiaconi
2009 5751 2084 5797 raro
2100 5731 2186 5796 ultra
