5184 7050
1868 832 1934 898 493
1973 846 1977 852 “

420 1043 515 1110 839.
540 1040 698 1122 Mrrpistro
721 1037 888 1104 Bernorelo
917 1037 955 1102 de
985 1037 1216 1121 Nooodornpno,
1250 1037 1354 1120 lecum
1384 1038 1512 1117 dauon,
1544 1037 1710 1122 capellano
1736 1061 1854 1124 papae,
1878 1041 1934 1123 qui

418 1146 519 1212 dmin
538 1144 661 1229 palatii
682 1143 848 1227 apostolici
877 1163 1049 1208 causarum
1079 1142 1207 1208 auditor
1236 1143 1354 1223 scutit,
1380 1142 1568 1228 providetur
1598 1142 1641 1208 ad
1670 1143 1933 1227 supplicationem

422 1248 598 1324 Guelielmi,
635 1253 767 1314 saumae
804 1249 933 1314 Mariae
966 1248 1000 1313 in
1036 1247 1201 1315 Cosmediu
1233 1246 1361 1313 diaconi
1397 1247 1587 1324 cardinalis,
1621 1247 1710 1313 entus
1747 1247 1934 1332 capellanus

420 1360 453 1421 et
474 1354 604 1420 auditor
625 1357 683 1430 est,
706 1351 744 1417 dc
760 1351 963 1437 parrochiali
985 1351 1118 1417 cocheio
1148 1351 1235 1417 beati
1256 1352 1397 1417 Martini
1418 1351 1456 1418 de
1478 1354 1609 1432 Bracae,
1640 1357 1782 1433 vacante,
1814 1351 1933 1418 Iadic-

419 1460 530 1525 nensis
558 1457 702 1539 amnis,
733 1476 795 1521 nou
823 1447 966 1522 obstante
994 1460 1031 1520 ut
1059 1457 1095 1521 iu
1123 1478 1154 1521 n.
1185 1457 1259 1524 838.
1295 1458 1347 1537 ,D.
1378 1455 1537 1521 Aninione
1560 1457 1646 1520 XVI
1670 1457 1735 1521 lcal.
1763 1457 1943 1523 Fumant·

875 1582 905 1628 o.
928 1561 1057 1644 quinto}
1080 1560 1197 1625 Ibruso
1219 1563 1255 1624 ut
1275 1559 1313 1624 in
1334 1581 1365 1626 n.
1390 1562 1465 1626 178.

467 1703 586 1771 Gratis.
1370 1700 1533 1781 Atiniam,
1549 1701 1637 1767 1347
1657 1699 1814 1770 Ianouarii
1836 1701 1887 1765 17.

529 1893 678 1950 Clementis
696 1892 735 1947 VI
753 1893 785 1946 Δ.
804 1892 855 1963 Vll
878 1895 933 1962 (86)
952 1890 971 1946 i.
990 1898 1049 1960 207,
1069 1890 1103 1946 da
1121 1891 1263 1946 beneficiis
1281 1890 1441 1948 ammaum
1460 1908 1505 1962 qu.
1526 1896 1588 1946 7:
1600 1891 1632 1945 V.
1654 1895 1702 1945 173
1720 1889 1739 1946 i.
1760 1887 1930 1945 179''n.'nst.

1078 2176 1283 2185 ———-.

422 2508 519 2575 84⁰.
541 2506 700 2580 Alterius,
730 2503 921 2569 secretarius
951 2500 1128 2568 wullentis
1153 2502 1370 2588 principissae
1400 2502 1545 2567 mantuae
1571 2501 1781 2586 Elisabetl,·)
1805 2503 1933 2584 rapinae

427 2608 641 2697 Uuqariae‚⁵)
662 2608 834 2693 supplicat,
856 2612 1011 2690 quatenus
1034 2607 1140 2690 nepoti
1161 2627 1217 2671 suo
1241 2606 1376 2673 Nicoloo
1399 2608 1530 2672 Henrici
1563 2606 1601 2672 ale
1623 2606 1790 2689 &ripam
1827 2606 1932 2671 Vrati·

420 2716 593 2784 slooieusis
623 2714 766 2793 diocesis,
800 2712 838 2777 de
866 2713 1054 2777 canonicatu
1078 2711 1274 2794 Bosuensi,⁰)
1305 2711 1391 2777 alias
1421 2712 1459 2777 de
1482 2712 1606 2794 Dualo,
1627 2711 1686 2777 sut
1715 2712 1931 2796 expectatione

421 2821 604 2905 dipnitatis,
632 2821 825 2904 personatus
847 2837 904 2881 scu
925 2817 1027 2900 officii
1048 2838 1118 2882 crun
1138 2816 1186 2882 uel
1207 2816 1276 2882 siue
1299 2836 1377 2882 cura
1394 2816 1610 2901 provideatur.
1642 2816 1733 2893 ,Fiat
1755 2817 1793 2881 n
1819 2816 1933 2881 liciam

420 2927 464 2992 de
486 2925 642 3008 stipatam
666 2927 698 2989 Ii
698 2971 834 2989 .....
858 2924 938 2987 Item
960 2942 1093 2987 euomcn
1114 2921 1192 2988 dicti
1213 2920 1345 2986 Nicoloi
1373 2920 1546 3003 dianernini
1567 2920 1603 2985 iu
1618 2919 1770 3006 portibus
1792 2918 1932 2985 cornrnit·

642 3033 715 3094 tere.
739 3027 815 3092 Fiat
837 3028 876 3091 It.
900 3027 943 3090 D.
966 3025 1124 3091 Aninionc
1153 3026 1237 3092 VIII
1255 3023 1319 3091 tal.
1345 3024 1519 3090 Februarii
1541 3046 1571 3089 a.
1594 3024 1724 3107 quincto!

1361 3188 1524 3296 Auiuionc,
1547 3219 1633 3282 1347
1655 3215 1812 3301 Ianuarii
1834 3217 1888 3282 25.

530 3410 678 3465 Clementis
696 3409 734 3463 VI
752 3408 778 3462 S.
797 3408 849 3477 Ἧι
870 3412 926 3476 (10)
945 3408 963 3462 f.
982 3415 1023 3463 34.
1043 3438 1075 3446 —
1102 3409 1126 3475 ΙΙ)
1148 3406 1329 3475 ‚Helissbeth‘
1349 3406 1375 3460 S.
1404 3407 1427 3473 b)
1446 3406 1606 3476 ,Huugarie‘
1627 3405 1653 3461 S.
1681 3411 1703 3471 ⁰)
1722 3404 1876 3473 ,Rosnensi‘
1895 3404 1932 3471 S.,

421 3497 533 3555 emend.
553 3497 587 3553 ab
606 3495 720 3553 editore.

422 4020 852 4101 &relictarumque
879 4018 1049 4100 (lupariae,
1079 4020 1249 4104 supplicat,
1280 4025 1435 4103 quatenus
1459 4020 1613 4086 Ladislao
1636 4021 1674 4085 oe
1703 4020 1837 4086 Vilirnou
1856 4040 1931 4105 pro-

421 4128 573 4193 uideatur
601 4126 640 4190 de
665 4124 902 4191 canonicatibus
931 4130 961 4188 et
985 4124 1188 4209 praeberetis,
1219 4146 1295 4208 quos
1325 4125 1474 4201 Jacobus,
1498 4125 1705 4209 praepositus
1734 4124 1932 4203 Bacdiensis,

829 4229 954 4308 obtinet,
978 4234 1008 4293 et
1029 4230 1085 4312 qui
1106 4228 1192 4294 dreoi
1213 4252 1330 4296 uacare
1351 4235 1531 4314 sperantur.

1365 4386 1525 4460 Asinam,
1549 4364 1635 4452 rste
1657 4389 1820 4455 acnuam.
1835 4389 1888 4453 re.

531 4577 695 4660 Supplicat
717 4578 748 4644 S.
780 4579 817 4643 V.
848 4579 964 4644 devota
992 4577 1059 4643 filia
1088 4583 1195 4646 vestra
1224 4577 1402 4656 Elizabeth,
1434 4579 1544 4661 regina
1574 4579 1746 4662 Hungarie,
1767 4588 1934 4664 quatenus

421 4684 487 4749 sibi
512 4683 543 4747 in
566 4701 733 4764 personam
756 4682 864 4749 dilecti
888 4685 937 4748 sui
961 4684 1105 4765 magistri
1128 4682 1269 4749 Ladislai
1292 4683 1332 4747 de
1355 4682 1562 4765 Wilyelm0w‚
1596 4684 1765 4767 Pragensis
1788 4686 1934 4765 diocesis,

423 4788 644 4856 informatoris
667 4787 800 4851 illustris
824 4787 977 4869 principis
1000 4787 1118 4852 domini
1141 4787 1232 4851 ducis
1255 4787 1420 4869 Stephani,
1452 4786 1552 4852 incliti
1583 4790 1649 4854 nati
1673 4790 1733 4868 sui,
1763 4785 1942 4872 specialem

420 4894 565 4978 graciam
595 4892 756 4969 iacientes,
788 4892 1019 4973 preposituram
1050 4892 1185 4957 ecclesie
1208 4890 1405 4970 Bachiensis‚
1431 4892 1518 4957 unite
1543 4891 1718 4973 Colocensi,
1746 4913 1784 4958 ac
1807 4894 1934 4962 canoni-

421 5004 533 5063 catum
556 5001 588 5060 et
611 4996 801 5078 prebendam
825 4997 908 5062 dicte
924 4996 1111 5061 Bachiensis
1127 5016 1249 5061 necnon
1272 4998 1475 5061 canonicatus
1491 5002 1524 5061 et
1539 4998 1718 5080 prebendas
1737 4997 1933 5077 Titullensia

421 5101 609 5168 Colocensis
631 5100 776 5179 diocesis,
801 5120 838 5165 uc
861 5102 1084 5182 Zagrabiensis
1107 5107 1141 5166 et
1164 5101 1517 5183 Quinqueecclesiensis
1541 5102 1757 5183 ecclesiarum,
1780 5122 1874 5185 quam
1897 5122 1934 5167 ac

420 5223 508 5288 quos
531 5210 563 5269 et
585 5224 662 5287 quas
684 5204 834 5284 lacobus,
857 5206 1039 5289 prepositus
1070 5207 1268 5284 Bachiensia
1299 5206 1332 5272 iu
1362 5205 1456 5271 dictis
1487 5206 1631 5273 ecclesiis
1662 5208 1792 5287 obtinet,
1817 5227 1878 5289 que
1902 5211 1934 5272 et

422 5327 509 5392 qnos
532 5314 564 5373 et
595 5328 673 5391 quas
702 5328 817 5375 saciare
846 5311 877 5374 in
908 5311 996 5376 brevi
1027 5317 1175 5394 speretur
1203 5330 1261 5393 per
1289 5310 1519 5393 professionem
1548 5330 1730 5393 expressam
1759 5312 1943 5378 faciendam·

420 5434 486 5499 per
508 5412 626 5478 dictum
647 5413 802 5480 Iacobum
825 5415 946 5480 ordinis
969 5416 1071 5481 sancti
1101 5415 1192 5481 Pauli
1223 5416 1316 5497 primi
1345 5415 1510 5495 heremite,
1541 5435 1634 5499 quem
1665 5417 1807 5482 ordinem
1830 5416 1934 5482 dictus

420 5517 567 5585 lacobus
590 5518 713 5582 noviter
736 5519 768 5583 in
791 5521 935 5601 partibus
958 5527 1008 5585 est
1031 5522 1202 5602 ingressus
1234 5520 1456 5585 conferendam
1486 5526 1520 5585 et
1544 5520 1750 5585 conferendas
1773 5526 1807 5586 et
1829 5522 1934 5587 conie-

422 5621 546 5688 rendos
569 5622 653 5688 dioto
676 5622 825 5689 Ladislao
849 5644 918 5689 cum
942 5626 1087 5690 omnibus
1110 5625 1233 5690 iuribus
1255 5631 1288 5689 et
1311 5626 1517 5707 pertinenciis
1541 5627 1607 5690 suis
1622 5626 1788 5692 donaciani
1807 5631 1933 5708 aposto·

417 5729 487 5794 lice
511 5725 682 5808 dignemini
714 5745 885 5805 reserpere,
917 5730 1146 5811 quamprimum
1178 5729 1281 5794 dictas
1312 5730 1453 5795 lacobus
1483 5730 1642 5812 prefatum
1672 5731 1813 5795 ordinem
1836 5729 1934 5795 fuerit
