5184 7050
1870 794 1938 863 529

422 999 632 1064 observanoia
656 999 921 1082 quamplurimum
944 1001 1053 1066 extitit
1075 1000 1352 1080 commendandus,
1370 1006 1403 1066 et
1418 1002 1474 1084 qui
1490 1002 1592 1068 eciam
1608 1008 1673 1069 tam
1687 1004 1769 1069 bone
1784 1005 1934 1070 memorie

422 1102 549 1168 domino
571 1105 708 1185 genitori
733 1123 790 1170 suo
813 1124 908 1186 quarn
932 1105 992 1170 sibi
1012 1124 1071 1188 per
1085 1105 1266 1187 quindecim
1281 1125 1381 1172 annos
1399 1112 1432 1171 et
1448 1107 1584 1190 amplius
1599 1105 1737 1173 fideliter
1752 1107 1934 1188 deservivit,

421 1207 595 1290 specialem
617 1210 756 1291 graciam
779 1209 934 1276 iacientes
957 1210 1070 1289 eidem,
1095 1216 1131 1275 nt
1153 1211 1222 1294 ipse
1245 1211 1285 1276 ed
1308 1211 1428 1278 dictum
1452 1231 1559 1295 regem
1583 1213 1813 1279 condecencius
1829 1199 1933 1279 ualeat

421 1331 576 1390 remeare,
613 1313 747 1380 eundem
781 1315 911 1380 natrem
946 1314 1203 1381 Bartholomeum
1238 1335 1302 1381 una
1336 1336 1406 1382 cunr
1441 1317 1614 1400 capellanis
1652 1317 1768 1383 vestris
1804 1318 1934 1385 honoris

422 1417 595 1499 dignemini
620 1436 805 1502 aggregare,
830 1439 902 1484 oum
925 1420 1138 1499 libertatibus,
1161 1419 1336 1487 honoribus
1359 1427 1391 1486 et
1414 1422 1590 1505 privilegiis
1612 1423 1782 1488 consuetis

526 1522 599 1589 Fiat
615 1522 651 1588 li.
676 1524 719 1589 Et
742 1543 772 1606 q.
795 1529 818 1588 t.
843 1542 868 1589 s.
893 1543 921 1588 a.
945 1525 966 1589 l.
990 1525 1062 1591 Fiat
1084 1524 1120 1589 R.
1156 1524 1195 1589 D.
1220 1525 1377 1592 Auinione
1399 1527 1445 1594 XI
1468 1527 1533 1594 kal.
1557 1527 1752 1610 Septembris
1775 1546 1804 1593 a.
1828 1532 1928 1595 sexto.

528 1643 677 1699 Clementia
694 1642 732 1699 vl
750 1642 777 1698 S.
795 1643 862 1713 vlit
882 1647 938 1712 (lt)
957 1646 976 1699 i.
995 1652 1037 1700 22.

423 1837 516 1905 908.
553 1837 694 1918 (broten,
730 1840 944 1903 Romanorum
978 1859 1044 1915 rec,
1077 1838 1247 1923 scrppticat,
1271 1845 1425 1921 prratenus
1460 1838 1635 1925 capellanis
1657 1844 1688 1904 et
1710 1839 1832 1907 clericis
1854 1843 1933 1917 suis,

415 1942 640 2024 praesentibus
655 1945 686 2006 et
700 1943 839 2023 sitieris,
861 1948 1020 2026 perpetua,
1036 1942 1085 2009 vel
1099 1944 1214 2010 saitem
1237 1943 1331 2010 donea
1353 1945 1421 2029 ipse
1443 1945 1543 2010 eitam
1566 1945 1704 2021 duxerit,
1723 1945 1931 2030 priuiiepium

570 2047 608 2112 de
631 2069 692 2112 raon
712 2047 877 2113 residendo
900 2052 931 2113 et
945 2049 1112 2130 fructibus
1133 2049 1168 2113 in
1190 2049 1336 2116 absentia
1355 2048 1568 2134 percipiendis
1591 2050 1788 2115 concedatur.

1378 2161 1542 2239 Acirtione,
1565 2164 1652 2228 1347
1673 2162 1813 2245 Aupusti
1833 2168 1887 2230 22.

531 2275 629 2339 Pater
661 2274 885 2340 Sanctissimel
932 2275 1023 2340 Licet
1057 2293 1114 2356 per
1143 2275 1278 2356 favores,
1310 2276 1426 2359 quibus
1458 2275 1551 2341 sedes
1575 2275 1752 2359 apostolica
1773 2277 1934 2345 Romanos

419 2397 552 2444 cesares
575 2396 631 2443 seu
654 2397 747 2463 reges
770 2381 922 2463 prosequi
946 2380 1119 2459 consuevit,
1137 2379 1293 2463 capellani
1317 2387 1350 2446 et
1372 2381 1480 2446 clerici
1503 2379 1684 2461 eorundem,
1701 2382 1769 2447 suis
1790 2382 1934 2448 serviciis

419 2484 617 2563 insistentes,
649 2502 757 2549 onmes
791 2485 923 2563 fructus,
956 2485 1101 2551 redditus
1136 2492 1168 2550 et
1202 2491 1376 2568 proventus
1414 2503 1672 2568 quorumeunque
1708 2485 1933 2552 beneficiorum

418 2607 562 2668 suorum,
587 2590 688 2653 eciam
711 2589 738 2654 si
762 2595 883 2668 curato,
908 2589 1079 2672 dignitates
1102 2596 1158 2657 aut
1191 2596 1383 2673 personatus
1418 2591 1518 2656 eciam
1550 2591 1689 2656 maiores
1723 2596 1797 2672 post
1829 2591 1934 2672 ponti·

418 2692 532 2758 iieales
561 2694 594 2757 in
624 2693 860 2759 cathedralibus
891 2699 923 2758 et
953 2695 1146 2777 principales
1176 2696 1208 2760 in
1240 2695 1419 2778 collegiatis
1449 2695 1593 2760 ecclesiis
1627 2697 1777 2776 existant,
1800 2714 1869 2760 cum
1894 2714 1933 2760 ea

417 2798 616 2880 integritate,
641 2797 808 2864 cotidianis
836 2798 1118 2865 distribucionibus
1141 2800 1295 2865 duntaxat
1324 2800 1478 2882 exceptis,
1501 2805 1656 2883 perpetuo
1688 2801 1855 2884 percipere
1879 2799 1933 2864 de·

418 2903 530 2978 beant,
562 2922 632 2967 curn
664 2923 725 2984 (pua
749 2902 820 2968 illos
843 2904 1054 2985 perciperent,
1078 2905 1104 2969 si
1128 2904 1160 2968 in
1183 2904 1304 2969 eisdem
1327 2904 1490 2969 beneficiis
1514 2904 1723 2986 personaliter
1744 2904 1933 2983 residerent,

419 3013 454 3072 et
481 3008 524 3072 ad
554 3007 757 3072 residendum
781 3007 813 3072 in
837 3008 884 3073 eis
907 3008 1034 3073 minime
1057 3013 1235 3088 teneantur,
1263 3008 1359 3091 idque
1383 3010 1487 3075 adbuc
1511 3010 1542 3075 in
1564 3009 1784 3074 nonmdlorum
1808 3009 1934 3073 christi-

417 3131 552 3176 anorum
574 3130 684 3195 regum
707 3110 881 3193 capellanis
912 3118 945 3176 et
978 3112 1102 3177 clericis
1136 3112 1341 3178 observetur:
1372 3117 1481 3179 tamen
1514 3113 1589 3196 quia
1622 3118 1756 3194 propter
1788 3113 1933 3179 diversas

417 3216 609 3282 suessiones
647 3220 680 3280 et
717 3215 875 3296 procellas
911 3217 1037 3298 imperii
1081 3217 1276 3282 consuetudo
1313 3217 1432 3282 favoris
1470 3217 1650 3282 huiusmodi
1688 3217 1808 3282 aboleri
1848 3219 1933 3300 cepit

417 3321 556 3387 forsitan
579 3318 664 3401 apud
687 3320 813 3398 multos,
837 3339 874 3384 oc
897 3320 1121 3386 devotissimus
1148 3321 1170 3387 f.
1192 3341 1221 3385 v.
1250 3322 1398 3400 Karalus,
1429 3322 1641 3387 Romanorum
1668 3341 1733 3401 rex,
1764 3321 1932 3404 privilegia

417 3409 548 3506 imperii
579 3443 675 3506 super
705 3423 767 3488 biis
798 3430 831 3488 et
862 3424 944 3502 aliis,
975 3424 1059 3490 sicut
1084 3426 1115 3491 S.
1139 3425 1177 3491 V.
1202 3427 1298 3505 novit,
1321 3426 1565 3509 presencialiter
1587 3426 1705 3491 habere
1727 3445 1790 3492 non
1814 3429 1930 3508 potest,

417 3532 535 3597 devote
570 3529 729 3611 supplicat
763 3531 867 3596 dictus
901 3549 967 3609 rex,
1002 3535 1159 3612 qrratenus
1194 3532 1254 3596 sibi
1283 3533 1473 3615 premissum
1498 3532 1682 3598 renovando
1712 3532 1854 3598 favorem
1876 3537 1933 3598 aut

417 3636 536 3703 saltem
571 3634 740 3717 specialem
774 3636 912 3717 graciam
947 3634 1101 3715 iaciendo,
1137 3636 1309 3719 dignemini
1344 3636 1488 3719 predicta
1520 3636 1695 3718 capellanis
1734 3642 1767 3702 et
1807 3637 1931 3702 clericis

416 3742 497 3819 suis,
521 3740 725 3822 presentibus
748 3746 781 3804 et
803 3740 929 3819 futuris,
953 3744 1118 3823 perpetuo,
1142 3740 1193 3805 vel
1216 3740 1329 3805 saltem
1352 3740 1452 3806 donec
1469 3741 1552 3807 idern
1566 3760 1623 3806 rex
1639 3741 1735 3806 vitam
1751 3741 1878 3805 duxerit
1896 3742 1928 3806 in

417 3845 578 3923 humanis,
594 3845 771 3926 graciosius
793 3844 969 3928 indulgere,
990 3864 1060 3909 cum
1082 3845 1228 3911 omnibus
1244 3844 1396 3912 clausulis
1412 3851 1446 3910 et
1460 3863 1523 3910 non
1539 3846 1739 3911 obstantibus
1755 3846 1930 3928 oportunis

526 3948 600 4013 Fiat
622 3948 661 4014 ad
685 3949 782 4014 vitam
806 3968 897 4014 suam
928 3949 968 4014 dc
991 3950 1075 4014 veris
1099 3948 1275 4032 capellanis
1298 3953 1332 4015 et
1355 3949 1479 4016 clericis
1502 3951 1569 4016 suis
1593 3949 1855 4015 commensalibus
1878 3949 1929 4015 vel

416 4052 584 4136 obsequiis
608 4053 675 4118 suis
709 4053 931 4120 insistentibus
975 4054 1012 4118 R.
1036 4054 1080 4119 Et
1102 4072 1132 4134 q.
1156 4057 1179 4117 t.
1203 4071 1227 4118 s.
1252 4072 1280 4118 a.
1306 4054 1325 4118 l.
1370 4054 1444 4118 Fiat
1465 4054 1502 4118 R.
1550 4055 1588 4118 D.
1611 4054 1769 4120 :luinione
1791 4054 1925 4122 Xllral.

416 4158 619 4243 Septembris
641 4178 670 4223 a.
694 4162 794 4224 sexto.

525 4279 675 4334 Clementis
693 4279 731 4333 VI
750 4278 775 4333 S.
796 4279 862 4348 Vlse
882 4280 938 4347 (lt)
956 4280 976 4334 f.
994 4285 1037 4334 22.

416 4475 514 4543 9⁰9.
539 4472 661 4554 Carula,
684 4473 752 4556 repr?
775 4475 989 4539 Rornanorum
1011 4477 1041 4538 et
1062 4471 1243 4552 Bobemiae,
1266 4471 1456 4556 induipetur,
1478 4477 1524 4549 nt,
1547 4472 1701 4557 quamdiu
1721 4471 1847 4552 uicerit,
1866 4473 1932 4537 ueri

415 4577 633 4663 cupedenses
655 4578 761 4644 clerici
783 4576 1012 4653 comperientes,
1035 4577 1103 4642 eires
1132 4576 1286 4659 obsequiis
1315 4576 1504 4658 insistentes,
1534 4581 1719 4661 praesentes
1753 4579 1783 4640 et
1808 4578 1930 4655 sutrrri,

408 4687 549 4765 fructus
571 4682 785 4767 beneficicrum
807 4704 946 4758 suerrum,
969 4704 1050 4765 quae
1072 4682 1106 4746 in
1128 4681 1358 4765 prribnscunpue
1376 4682 1513 4747 ecclesiis
1528 4682 1666 4746 obtinent
1680 4680 1728 4746 eet
1742 4680 1929 4761 obtinebunt,

415 4789 517 4853 dmm
540 4788 570 4853 si
592 4793 706 4853 curata
729 4793 786 4854 aret
808 4788 989 4870 dignitates,
1007 4790 1199 4873 personatus
1221 4784 1269 4850 vei
1291 4785 1402 4870 officia
1423 4790 1453 4851 et
1474 4787 1571 4853 etiarn
1593 4786 1623 4851 si
1645 4785 1819 4868 dipnitates
1839 4784 1931 4869 ipsae

416 4894 559 4959 maures
585 4898 660 4978 post
687 4893 888 4977 pontificales
918 4894 952 4957 in
981 4890 1216 4958 cathedralibus
1246 4894 1276 4955 et
1304 4890 1503 4975 principales
1534 4891 1567 4955 in
1597 4889 1770 4972 coitepiatis
1793 4886 1931 4955 eactniis

414 5002 572 5080 existant,
588 5020 658 5065 cum
673 5021 713 5064 ea
728 4999 909 5079 intepritate
925 4998 1090 5082 percipere
1105 4996 1242 5081 possint,
1257 4996 1458 5079 quotidianis
1472 4994 1744 5061 distributionibus
1760 4993 1931 5059 dumtaxat

414 5106 569 5189 exceptis,
594 5126 632 5169 uc
654 5106 684 5168 si
705 5105 739 5166 in
761 5103 805 5167 eis
826 5101 1038 5185 personaliter
1060 5101 1241 5179 residerent,
1265 5105 1295 5165 et
1318 5101 1361 5166 ad
1382 5101 1582 5167 residendum
1605 5102 1638 5165 in
1660 5100 1776 5166 eisdem
1802 5100 1931 5196 minime

413 5215 597 5278 teneantur.
622 5209 673 5289 ,D.
697 5208 854 5274 Aninione
877 5209 930 5273 XI
953 5207 1018 5272 kat.
1042 5206 1232 5291 Septembris
1263 5229 1294 5272 a.
1325 5211 1432 5272 sento!
1456 5244 1499 5255 -
1522 5210 1563 5273 In
1584 5229 1609 5272 e.
1633 5227 1673 5271 rn.
1698 5204 1931 5289 archiepiscopo

413 5315 578 5398 Prapensi
600 5318 630 5379 et
652 5313 761 5378 abban
782 5311 967 5376 manasterii
988 5314 1120 5376 sanctae
1145 5311 1323 5389 Genouesae
1346 5310 1541 5375 Parisiensis
1565 5330 1603 5376 ac
1625 5308 1782 5377 sacristae
1801 5308 1930 5375 Aninio-

791 5418 896 5482 nensis
919 5415 1132 5482 acciniarum.
1177 5416 1294 5481 Forma
1317 5419 1353 5479 nt
1374 5416 1410 5480 in
1430 5436 1462 5480 n.
1486 5418 1559 5481 705.

1374 5527 1535 5607 drumm,
1562 5530 1646 5593 1347
1668 5527 1808 5609 Aupusti
1828 5531 1881 5594 22.

523 5644 675 5703 Clementis
692 5644 730 5699 v1
749 5648 782 5698 A.
801 5643 866 5710 Vltt
884 5647 942 5708 (97)
964 5642 982 5695 i.
1002 5646 1018 5693 3
1037 5657 1061 5693 ιι.
1083 5646 1123 5706 70,
1142 5637 1177 5693 de
1195 5638 1330 5695 fructibus
1349 5637 1536 5708 percipiendis
1555 5655 1599 5707 qu.
1619 5645 1643 5706 2,
1661 5638 1771 5693 rubrica
1790 5637 1865 5704 sola3
1882 5637 1928 5693 lit·

409 5744 492 5791 terne
511 5732 541 5786 in
560 5734 592 5787 V.
612 5735 664 5787 184
681 5730 700 5785 i.
720 5738 752 5787 32
772 5747 798 5784 n.
819 5736 849 5785 71
873 5728 958 5800 (sict).

1787 5834 1821 5871 ns
