5184 7050
1866 816 1929 882 337

419 1018 515 1084 567.
540 1016 682 1101 Corolia,
704 1019 846 1085 mcrcbio
870 1023 1042 1098 Moreaicc,
1065 1022 1236 1106 supplicat,
1261 1027 1416 1106 1111111111
1438 1023 1532 1088 certis
1549 1022 1777 1104 familiaribus
1800 1024 1867 1088 sais
1890 1025 1928 1088 de

925 1125 1058 1189 dicacis
1079 1125 1197 1207 pretiis
1214 1126 1433 1211 provideatur.

1346 1316 1619 1393 Aoiaioac‚1345
1643 1317 1828 1384 Novembris
1851 1323 1880 1385 5.

527 1521 693 1604 Supplicat
726 1524 756 1589 S.
792 1524 830 1588 V.
865 1522 1088 1589 devotissimus
1119 1525 1139 1590 l.
1171 1545 1199 1590 v.
1232 1525 1379 1603 Karalus,
1412 1527 1495 1607 regis
1525 1527 1655 1591 Boeurie
1688 1528 1927 1608 primogenitus,

419 1625 565 1691 marchio
588 1627 743 1706 Morauie,
767 1634 926 1709 quatenus
949 1628 1009 1693 sibi
1034 1629 1205 1712 specialem
1228 1631 1369 1713 graciam
1400 1630 1564 1707 facientes,
1596 1631 1808 1713 infrascriptis
1839 1631 1930 1697 iami-

420 1729 558 1795 liaribus
580 1737 614 1796 91
637 1731 764 1797 dilectis
788 1733 855 1796 suis
879 1731 918 1795 de
941 1731 1131 1816 subscriptis
1154 1734 1270 1815 graciis
1294 1734 1465 1815 dignemini
1488 1734 1665 1815 providere,
1690 1735 1855 1801 videlicet:

527 1854 638 1920 Ottoni
661 1853 823 1920 Francisci
848 1854 888 1919 de
910 1854 1050 1932 Brunna,
1067 1853 1183 1919 (clerico
1199 1855 1420 1920 Olomucensis
1437 1855 1583 1930 rliecesis,
1600 1855 1640 1920 de
1656 1856 1809 1920 lvrenelicio
1826 1857 1927 1921 ecclc-

419 1959 564 2037 siastico,
596 1964 730 2023 vacante
760 1959 811 2022 191
840 1964 1003 2035 vacaturo,
1034 1978 1106 2022 cum
1137 1978 1213 2024 cnra
1242 1959 1291 2023 vol
1324 1960 1393 2024 sine
1423 1979 1509 2037 cina,
1541 1960 1642 2023 eciam
1666 1960 1692 2024 si
1716 1959 1856 2039 dignitas
1878 1961 1928 2024 vel

417 2067 614 2145 personatus
631 2066 688 2127 aut
702 2060 840 2127 officium
864 2061 992 2139 existat,
1016 2064 1184 2142 spectante
1207 2064 1415 2128 communiter
1438 2062 1485 2126 vel
1511 2063 1636 2127 divisim
1660 2063 1699 2126 ad
1724 2063 1928 2128 collacionem

419 2166 471 2230 vel
488 2167 764 2248 presentacionem
782 2184 838 2229 seu
855 2165 1000 2245 quamvis
1023 2165 1119 2229 aliam
1143 2166 1387 2247 disposicionem
1404 2167 1567 2230 abbatisse
1583 2170 1615 2229 et
1632 2170 1805 2230 convontus
1822 2185 1928 2230 mona-

418 2270 513 2335 sterii
526 2270 812 2348 Tbusnowicensis,
825 2268 945 2333 ordinis
958 2269 1191 2347 Cistercionsis,
1206 2269 1428 2335 Olomucensis
1445 2271 1590 2348 diocesis,
1604 2288 1706 2351 usque
1723 2271 1761 2333 ad
1775 2289 1927 2334 surrnnam

420 2374 477 2439 Lx
502 2374 703 2439 marcharum
726 2372 849 2455 argenti
873 2392 942 2436 cum
967 2392 1043 2436 erma
1067 2378 1099 2437 et
1123 2373 1178 2437 Xlx
1202 2375 1271 2439 sine
1294 2395 1381 2452 cura,
1406 2393 1476 2438 cum
1508 2375 1749 2453 reservacionis,
1781 2380 1928 2456 accepta-

419 2479 532 2556 cionis,
556 2477 767 2555 inhibitionis,
792 2475 922 2553 decreti,
947 2475 1098 2541 anteferri
1122 2482 1155 2541 ct
1179 2477 1251 2542 aliis
1274 2477 1427 2544 clausulis
1451 2484 1483 2545 91
1506 2497 1567 2542 non
1598 2478 1801 2543 obstantibus
1835 2497 1926 2559 opor-

421 2584 511 2648 tunis
535 2587 568 2647 et
591 2582 824 2647 executoribus.

527 2669 601 2752 l'iat
624 2705 725 2768 usquc
749 2686 788 2750 ad
813 2703 966 2749 summam
989 2685 1121 2767 triginta
1145 2704 1215 2749 9111
1239 2703 1325 2763 cura,
1349 2685 1461 2767 viginti
1486 2685 1554 2749 sinc
1577 2705 1652 2750 cura
1675 2686 1711 2750 a.

527 2790 677 2856 Michacli
701 2789 867 2867 1111111113,
892 2788 1007 2853 clerico
1030 2788 1221 2873 Pragensi,⁸)
1252 2789 1292 2852 de
1323 2789 1476 2853 benoticie
1499 2790 1717 2855 <ecclesiastico
1750 2809 1820 2855 1111
1853 2811 1929 2855 cura

419 2896 470 2960 vel
496 2897 567 2960 sine
590 2914 676 2975 cura,
701 2900 835 2958 vacante
858 2893 908 2957 vel
931 2897 1094 2970 vacatura,
1119 2897 1285 2975 spectante
1309 2895 1516 2957 conmuniter
1538 2894 1588 2980 191
1620 2894 1744 2959 divisim
1769 2895 1808 2958 ad
1833 2895 1928 2959 colla-

419 2999 544 3065 cionem
567 2999 693 3063 abbatis
716 3003 749 3062 et
772 3000 946 3061 convontus
963 2995 1189 3075 Caecllicensis,
1206 2997 1327 3061 ordinis
1344 2995 1577 3071 Cisterriensis,
1594 2997 1763 3075 Pragensis
1780 2999 1926 3077 diocesis,

417 3102 586 3186 usquead
610 3120 763 3168 summam
786 3101 971 3182 predictam,
995 3102 1236 3179 nonobstante,
1261 3102 1346 3182 quiid
1376 3101 1597 3164 ‹canianicatmn
1620 3106 1652 3164 et
1673 3100 1868 3181 prebendam
1893 3103 1925 3165 11

419 3208 557 3274 ecclesia
587 3206 734 3272 Omnium
765 3206 951 3271 Sanctorum
984 3205 1014 3268 in
1046 3211 1151 3269 castro
1183 3205 1334 3288 l’regonsi
1359 3206 1500 3269 noscitur
1522 3205 1675 3283 obtinere,
1699 3211 1731 3269 91
1754 3226 1824 3270 omn
1850 3205 1923 3270 aliis

421 3332 484 3378 non
507 3312 710 3377 obstantibus
733 3317 765 3375 91
789 3308 943 3374 clausulis
966 3310 1130 3390 oportunis
1153 3314 1186 3373 et
1209 3309 1433 3374 (exsecutoribus
1458 3315 1492 3374 ut
1515 3328 1621 3391 supra.

525 3435 599 3500 Fiat
621 3438 656 3498 ut
679 3451 776 3515 supra
799 3431 836 3496 R.

524 3557 619 3622 Patro
643 3556 684 3620 de
707 3556 806 3633 Luna,
830 3554 1015 3637 presbytero
1039 3553 1209 3632 Pragcnsis
1232 3553 1378 3633 diocesis,
1395 3554 1436 3620 dc
1452 3555 1637 3619 cranonicatu
1659 3555 1793 3619 ecclesie
1809 3554 1928 3620 Wrati-

419 3661 594 3727 sianiensis
618 3679 687 3724 curn
710 3658 931 3723 reservacione
954 3657 1124 3737 prebende,
1148 3656 1265 3720 ibidem
1286 3658 1431 3721 vacantis
1447 3658 1496 3721 191
1514 3664 1675 3736 vacaturo,
1692 3677 1753 3722 non
1769 3660 1927 3737 obstante,

420 3766 506 3848 quod
530 3766 561 3828 in
584 3764 730 3847 predicta
760 3763 909 3830 Omnium
941 3762 1126 3828 Sanctorum
1158 3762 1379 3825 canrunicatmn
1406 3768 1439 3826 91
1472 3763 1665 3843 prebendam
1689 3763 1775 3827 etin
1799 3763 1928 3827 (119111-

420 3872 509 3935 censi
533 3869 677 3935 ecclesiis
701 3868 920 3932 canonicatum
943 3867 1002 3929 sub
1026 3866 1252 3947 expectaciono
1275 3866 1437 3946 prebende
1454 3885 1490 3930 ac
1506 3866 1737 3946 parrochialem
1761 3867 1928 3932 ecclesiam

419 3976 451 4039 in
477 3975 652 4053 wadnam,
675 3972 845 4055 Pragcnsis
869 3970 1015 4048 diocesis
1038 3970 1179 4033 noscitur
1202 3969 1356 4049 obtinere,
1380 3989 1450 4033 cum
1475 3971 1548 4034 aliis
1578 3990 1640 4034 non
1671 3971 1870 4035 obstantibus
1894 3977 1927 4034 ct

419 4078 575 4143 clausulis
598 4078 765 4159 oportunis
788 4082 821 4140 91
843 4074 1067 4140 executoribus
1090 4078 1126 4137 ut
1149 4091 1257 4156 supra.

525 4200 598 4264 Fiat
620 4199 658 4263 R.

525 4321 710 4386 Luddonico
734 4319 773 4383 de
796 4320 914 4397 Anaso,
937 4316 1053 4382 clerico
1076 4318 1277 4384 Patauicnsis
1301 4317 1447 4394 diocesis,
1473 4319 1512 4382 de
1536 4317 1688 4383 beneficio
1712 4318 1928 4384 ecclesiastice

417 4444 493 4491 curn
516 4445 593 4491 cura
617 4425 666 4490 vel
689 4425 758 4488 sine
782 4443 868 4502 cura,
891 4427 1025 4487 vacante
1047 4423 1096 4486 vel
1121 4427 1281 4499 vacaturo,
1307 4428 1473 4504 spectante
1496 4424 1704 4488 communiter
1730 4422 1778 4487 vel
1802 4423 1928 4487 divisim

417 4529 462 4594 ad
493 4528 699 4594 collacionem
730 4527 780 4592 vel
810 4527 1085 4609 presentacionem
1116 4545 1172 4591 son
1204 4525 1301 4590 aliam
1332 4526 1576 4608 disposicionem
1607 4527 1769 4592 abbatisse
1799 4532 1928 4591 91101-

415 4637 535 4698 191113
557 4633 743 4698 monasterii
767 4631 977 4711 Oslauicnsis
1003 4631 1225 4696 Cistereiensis
1249 4631 1378 4710 ordinis
1407 4631 1626 4697 Olomuconsis
1657 4631 1802 4710 diocesis,
1826 4650 1928 4713 usquc

416 4737 461 4803 ad
483 4756 637 4802 sunnnam
660 4736 847 4820 predictam,
871 4755 941 4800 cum
964 4736 1184 4801 reservacionc
1207 4741 1240 4799 et
1263 4735 1335 4800 aliis
1359 4735 1512 4804 clausulis
1535 4744 1568 4801 et
1591 4755 1652 4801 non
1676 4736 1875 4800 obstantibus
1893 4741 1928 4799 ut

415 4860 518 4925 supra
541 4845 574 4905 91
597 4840 829 4905 executoribus.

524 4961 597 5026 Fiat
620 4966 775 5043 utsupra
798 4961 835 5050 R.

525 5081 671 5148 Conrado
695 5083 834 5148 Conradi
857 5084 896 5147 dc
915 5083 1083 5161 llosteten,
1101 5084 1215 5149 clerico
1233 5085 1445 5165 tagastensis
1461 5085 1608 5161 diensis,
1627 5084 1665 5146 de
1682 5082 1833 5148 inerelicin
1858 5102 1929 5148 cum

415 5208 496 5254 cura
527 5188 577 5252 vel
608 5188 677 5252 sine
707 5206 792 5265 cura,
828 5192 960 5251 vacante
985 5189 1033 5252 191
1059 5192 1218 5266 vacaturo,
1242 5194 1409 5270 spectante
1433 5189 1642 5253 conmmniter
1665 5189 1714 5252 rel
1739 5187 1863 5252 divisim
1887 5187 1928 5250 ad

415 5292 624 5360 collacionem
647 5291 698 5356 vel
720 5292 994 5372 presentacionem
1019 5311 1075 5357 seu
1099 5292 1192 5356 aliam
1224 5291 1468 5376 disposicionem
1499 5293 1662 5357 abbatisse
1692 5299 1725 5356 et
1756 5297 1929 5358 conventus

415 5396 604 5464 monasterii
635 5396 718 5460 Aule
747 5401 856 5460 sancte
888 5396 991 5460 Maria
1021 5397 1052 5459 in
1085 5397 1225 5479 Antiqua
1247 5398 1389 5477 Brunna,
1414 5396 1634 5462 Olornucensis
1657 5395 1802 5475 diocesis,
1828 5413 1929 5476 nsque

412 5503 456 5570 ad
480 5519 636 5565 summam
658 5500 843 5581 predictam,
868 5520 938 5565 cnm
961 5501 1182 5564 reservacione
1205 5507 1237 5564 91
1260 5501 1333 5566 aliis
1356 5502 1508 5566 clausulis
1531 5506 1564 5565 et
1587 5520 1648 5565 non
1672 5500 1872 5565 obstantibus
1895 5504 1928 5562 et

412 5605 642 5674 executoribus
665 5612 701 5670 ut
724 5623 830 5686 supra.

522 5727 596 5793 Fiat
619 5733 655 5792 ut
678 5745 776 5808 supra
798 5726 835 5791 a.
