5184 7050
378 508 497 573 xisse
521 528 560 573 ac
583 510 645 590 ipsi
668 509 865 591 permultos
889 526 988 573 annos
1015 506 1218 590 postmodum
1241 507 1368 574 insimul
1391 512 1428 572 ut
1450 508 1600 591 coniuges
1623 507 1809 574 habitarunt
1830 515 1925 593 teque

378 618 438 676 et
462 614 578 695 plures
600 614 680 678 alios
703 613 820 677 liberos
844 619 1059 695 procrearunt,
1084 614 1228 695 quamvis
1251 613 1357 677 dictus
1380 617 1473 694 pater
1488 618 1573 693 tuus,
1596 630 1748 693 processu
1770 614 1923 695 temporis

377 736 580 782 senescere
603 718 760 799 incipieus
783 723 817 782 et
839 719 971 798 cupiens
994 717 1026 780 in
1050 716 1191 781 clericali
1214 721 1301 781 statu
1333 717 1457 781 domino
1481 715 1638 796 famulari,
1663 717 1702 782 de
1726 736 1882 783 consensu
1897 717 1926 800 d)

379 824 438 883 ot
462 819 633 885 voluntate
665 821 749 885 dicte
779 822 889 886 matris
912 828 967 887 tue
983 822 1008 902 θ)
1032 839 1066 885 se
1089 821 1203 886 fecerit
1226 823 1259 885 in
1281 821 1509 886 subdiaconum
1540 821 1689 901 ordinari,
1713 827 1811 904 tuque
1840 827 1928 906 post-

378 923 550 1002 modum,
585 925 695 1005 quite
719 926 873 990 credebas
903 929 998 1008 prout
1028 926 1134 990 credis
1157 925 1225 990 iore
1248 925 1288 988 de
1312 925 1453 1007 legitimo
1483 927 1683 990 matrimonio
1714 931 1924 1006 procreatum,

383 1046 523 1092 omnes
546 1029 684 1093 minores
706 1029 836 1094 ordines
860 1030 1030 1110 suscepisti
1054 1035 1087 1094 et
1110 1029 1225 1094 deindo
1249 1030 1385 1110 quadam
1409 1030 1533 1094 macula
1552 1031 1586 1094 in
1600 1030 1694 1095 oculo
1714 1036 1770 1096 tuo
1794 1032 1923 1096 sinistro

386 1138 482 1195 orta
505 1132 740 1213 preposituram
771 1133 894 1216 capelle
916 1135 1004 1215 regie
1028 1132 1177 1199 Omnium
1206 1133 1395 1199 Sanctorum
1419 1133 1451 1197 in
1474 1139 1579 1199 castro
1603 1134 1692 1217 regio
1716 1135 1868 1218 Pragensi
1892 1141 1927 1201 et

395 1237 441 1300 in
476 1236 678 1315 Melnicensi,
712 1238 881 1319 Pragensis
916 1238 1063 1315 diocesis,
1099 1238 1319 1302 canonicatum
1350 1242 1383 1303 et
1413 1239 1607 1319 prebendam
1642 1258 1679 1303 ac
1710 1240 1742 1303 iu
1772 1240 1926 1322 Prageusi

395 1340 561 1405 ecelesiis
584 1360 642 1422 per
664 1341 857 1407 eleccionem
880 1342 932 1405 dd.
948 1339 979 1406 li.
1003 1342 1138 1422 capituli
1161 1341 1304 1406 eiusdem
1327 1341 1464 1406 ecclesie
1488 1344 1707 1408 canonicatum
1730 1344 1821 1409 fuisti
1844 1345 1923 1409 alias

396 1445 566 1508 canonice
600 1450 767 1510 assecutus
796 1452 893 1528 teque
923 1446 1029 1511 iecisti
1060 1445 1102 1509 ad
1125 1463 1234 1509 omnes
1264 1462 1371 1509 sacros
1393 1446 1521 1510 ordines
1551 1447 1739 1529 promoveri,
1774 1448 1921 1530 quodque

396 1549 614 1631 postmodum
648 1550 776 1632 quidam
811 1550 954 1614 medicus
985 1549 1126 1613 existens
1157 1548 1312 1626 Parisius‚
1346 1549 1401 1630 qui
1431 1550 1490 1615 tibi
1521 1552 1710 1633 promiserat
1742 1552 1922 1618 huiusmodi

398 1654 567 1718 maculam
584 1653 624 1717 de
639 1655 709 1735 ipso
733 1654 823 1718 oculo
845 1673 1019 1733 removere,
1043 1653 1170 1718 oculum
1193 1654 1298 1736 ipsum
1320 1653 1489 1733 destruxit,
1513 1673 1550 1718 ac
1566 1655 1681 1720 deinde
1704 1657 1925 1722 canonicatum

402 1758 470 1822 sub
494 1759 726 1839 expectacionc
748 1758 910 1841 prebende
933 1758 1069 1824 ecclesie
1085 1757 1362 1823 Wratislauiensis
1385 1776 1443 1839 per
1462 1765 1587 1824 nostras
1609 1759 1735 1825 litteras
1758 1765 1925 1827 assecutus

401 1862 512 1926 fuisti.
538 1864 655 1927 Verum
680 1862 764 1945 quia,
787 1868 882 1944 prout
905 1863 1015 1926 eadem
1039 1863 1157 1945 peticio
1181 1862 1403 1945 subiungebat,
1426 1866 1461 1926 tu
1485 1863 1623 1944 dubitas,
1647 1869 1682 1929 ut
1705 1882 1744 1928 ex
1767 1883 1815 1945 eo,
1839 1865 1922 1947 quod

405 1966 571 2048 prolatum
602 1967 834 2032 matrimonium
864 1967 948 2031 inter
970 1965 1131 2049 predictos
1162 1971 1287 2048 patrem
1310 1973 1343 2031 et
1365 1972 1498 2032 matrem
1523 1973 1596 2032 tuos
1620 1973 1816 2034 contractum
1839 1970 1924 2034 clan-

412 2069 574 2153 destine-s)
599 2075 635 2135 nt
650 2071 811 2153 prefertur
832 2091 895 2136 non
910 2077 1020 2154 posset
1042 2071 1135 2152 plene
1158 2070 1297 2151 probari,
1321 2071 1490 2152 presertim
1514 2090 1584 2135 cum
1608 2070 1711 2136 dictus
1734 2078 1826 2153 pater
1848 2080 1924 2139 tuus

413 2193 448 2238 se
471 2175 586 2240 iecerit
610 2181 645 2240 ut
667 2177 863 2257 premittitur
892 2176 923 2239 in
947 2174 1173 2239 subdiaconum
1205 2174 1356 2253 ordinari,
1390 2179 1424 2239 ot
1446 2181 1616 2257 propterea
1646 2181 1757 2256 posset
1785 2177 1843 2242 tibi
1867 2178 1924 2242 im-

414 2286 578 2361 posterum
608 2280 743 2344 forsitan
773 2281 865 2356 obici,
900 2279 983 2360 quod
1015 2284 1050 2342 tu
1073 2297 1136 2344 non
1167 2296 1256 2342 esses
1286 2278 1326 2342 de
1349 2277 1491 2360 legitimo
1521 2278 1612 2343 thoro
1643 2285 1748 2360 actua,
1782 2280 1858 2347 licet
1887 2288 1923 2346 tu

414 2383 526 2448 credas
558 2386 750 2472 contrarium
781 2403 995 2461 essetecum,
1031 2384 1121 2448 nobis
1151 2381 1315 2447 humiliter
1345 2382 1584 2464 supplicastis),
1616 2387 1651 2446 ut
1672 2385 1840 2465 providere
1863 2386 1922 2451 tibi

414 2495 447 2554 et
470 2489 570 2554 statui
592 2495 649 2554 tuo
672 2488 854 2572 superbiis
878 2488 918 2552 ad
935 2487 1093 2552 cautelam
1118 2488 1157 2552 de
1172 2492 1329 2569 oportune
1353 2486 1601 2567 dispensacionis
1624 2486 1778 2553 beneficio
1802 2489 1924 2554 miseri-

414 2592 553 2657 corditer
576 2593 790 2675 dignaremur.
813 2591 879 2656 Nos
902 2592 1000 2673 igitur
1022 2591 1165 2657 volentes
1188 2609 1356 2673 personam
1378 2596 1466 2655 tuam
1488 2592 1716 2673 premissorum
1738 2594 1923 2657 meritorum

415 2697 531 2762 intuitu
563 2697 696 2779 speciali
726 2696 835 2778 gracia
866 2698 1015 2779 prosequi
1039 2695 1212 2772 etiamne,
1246 2694 1428 2759 huiusmodi
1459 2694 1748 2775 supplicacionibus
1778 2698 1922 2762 inclinati

413 2809 528 2880 tecurrr,
553 2803 579 2865 si
603 2801 757 2884 indigeas
782 2819 879 2881 super
901 2801 1030 2865 defectu
1054 2799 1218 2878 natalium,
1243 2800 1270 2863 si
1293 2817 1389 2880 quem
1403 2799 1543 2882 pateris,
1576 2799 1659 2881 quod
1683 2819 1720 2865 eo
1744 2807 1777 2865 et
1798 2802 1924 2867 macula

414 2913 447 2971 rt
469 2905 543 2971 aliis
566 2906 711 2971 omnibus
735 2905 900 2986 premissis
916 2909 949 2969 et
964 2904 1203 2986 quibuscunque
1227 2902 1510 2968 constitucionibus
1533 2902 1717 2984 apostolicis
1740 2922 1777 2968 ac
1793 2907 1924 2971 statutis

414 3017 446 3076 et
469 3009 753 3077 consuetudinibus
776 3026 1034 3090 quarumcunque
1065 3006 1273 3072 ecclesiarum
1295 3006 1463 3072 contrariis
1492 3024 1693 3088 nequaquam
1724 3009 1923 3074 obstantibus

413 3115 518 3195 possis
540 3114 573 3178 iu
596 3114 754 3195 susceptis
785 3113 948 3177 ordinibus
974 3112 1156 3175 ministrare
1180 3130 1217 3175 ac
1239 3108 1395 3175 beneficia
1426 3110 1648 3176 ecclesiastica
1679 3132 1865 3196 quecunque
1888 3132 1922 3177 se

413 3219 590 3283 adinvicem
613 3218 847 3300 compaciencia
862 3217 898 3297 ¹¹),
930 3218 1032 3280 eciam
1055 3217 1081 3280 si
1106 3215 1313 3280 canonicatus
1337 3219 1371 3278 et
1392 3214 1554 3297 prebende
1577 3235 1614 3280 ac
1637 3215 1820 3298 dignitates,
1850 3236 1922 3298 pcr-

413 3328 546 3389 sonatus
569 3323 620 3388 vol
643 3323 749 3389 officia
772 3342 843 3386 cum
866 3341 944 3386 cura
965 3320 1017 3384 rel
1040 3320 1109 3384 sine
1133 3339 1209 3391 cura
1233 3324 1267 3383 et
1289 3320 1322 3382 in
1345 3318 1490 3382 ecclesiis
1513 3318 1749 3384 cathedralibus
1772 3321 1921 3400 existant,

413 3428 439 3491 si
462 3428 522 3491 tibi
546 3427 626 3491 alias
650 3427 799 3491 canonice
830 3426 1041 3503 conferantur,
1073 3424 1173 3488 libere
1196 3423 1339 3504 recipere
1362 3428 1394 3486 ct
1417 3442 1479 3487 uua
1509 3442 1579 3486 cum
1602 3423 1740 3489 obtentis
1770 3425 1922 3507 predictis

414 3533 565 3597 canonice
594 3532 682 3596 licite
712 3533 851 3595 retinere
881 3549 1004 3595 necnon
1033 3530 1164 3594 obtenta
1187 3533 1221 3593 et
1243 3528 1415 3593 obtinenda
1445 3527 1606 3593 dimittere
1629 3533 1663 3592 et
1685 3536 1866 3612 permutare
1889 3534 1923 3594 et

413 3637 478 3701 alia
501 3638 646 3719 recipere
669 3637 802 3715 tociens,
829 3635 980 3716 quociens
1003 3634 1062 3699 tibi
1085 3632 1243 3715 placuerit
1265 3640 1297 3697 et
1320 3632 1481 3697 ridebitur
1503 3633 1664 3714 expedire,
1689 3653 1726 3698 ac
1749 3633 1789 3699 ad
1811 3652 1920 3698 omnes

411 3747 504 3805 actus
526 3739 685 3823 legitimos
708 3745 742 3803 et
764 3743 866 3804 status
897 3739 1132 3803 ecclesiasticos
1154 3757 1192 3802 ac
1214 3737 1390 3801 mundanos
1421 3737 1554 3817 perinde
1581 3738 1706 3803 admitti
1728 3739 1848 3818 valeas,
1883 3759 1920 3803 nc

411 3846 440 3910 si
464 3863 553 3909 esses
576 3848 671 3926 prout
693 3843 797 3908 credis
821 3844 860 3907 dc
884 3843 1024 3924 legitimo
1048 3841 1138 3906 thoro
1162 3848 1257 3906 uatus
1280 3860 1316 3904 ac
1340 3842 1456 3906 dictam
1479 3839 1635 3905 maculam
1657 3861 1719 3905 non
1742 3844 1918 3922 habuisses

408 3949 603 4013 auctoritate
626 3946 801 4029 apostolica
817 3947 856 4011 de
872 3946 1022 4028 specialis
1045 3947 1126 4010 dono
1149 3948 1255 4027 gracie
1278 3945 1507 4026 dispensamus
1533 3944 1619 4009 Nulli
1635 3964 1710 4028 orgo
1727 3953 1786 4012 etc.
1810 3954 1918 4012 nostre

409 4052 666 4134 dispensacionis
689 4051 862 4133 infringere
885 4056 944 4114 etc.
970 4051 1007 4114 D.
1032 4050 1190 4115 Auiuionc
1213 4048 1277 4114 Xll
1299 4048 1362 4113 kal.
1388 4049 1467 4113 Maii
1491 4068 1518 4113 a.
1544 4050 1692 4115 secundo.

515 4294 665 4349 Clementis
678 4296 716 4348 Vl
728 4296 761 4347 A.
774 4295 830 4364 llsd
843 4300 897 4360 (76)
910 4294 928 4348 f.
942 4294 1011 4359 2882
1025 4292 1058 4346 do
1071 4290 1194 4357 indultis,
1207 4289 1357 4360 privilegiis
1377 4297 1404 4345 et
1422 4289 1675 4359 dispensationibus
1688 4308 1733 4361 qu.
1745 4299 1761 4346 9
1773 4311 1808 4345 ;
1818 4293 1851 4348 V.
1866 4301 1915 4348 159

406 4383 429 4437 f.
455 4388 507 4435 414
531 4366 558 4435 n.
584 4388 660 4437 1735.
684 4413 717 4423 -
742 4387 770 4447 υ)
789 4382 946 4450 suppletum
972 4396 1056 4448 supra
1080 4381 1113 4431 A.
1141 4378 1164 4442 ¹r)
1182 4393 1251 4430 corr.
1276 4393 1312 4431 ex
1336 4378 1424 4443 ‚nobis
1448 4381 1545 4446 nuper‘
1564 4379 1597 4431 A.
1624 4383 1645 4445 c)
1669 4378 1865 4445 ,clamdestiue‘
1884 4383 1918 4435 A.

403 4472 438 4533 d)
458 4486 527 4524 corr.
546 4486 581 4523 ex
599 4474 754 4537 ‚concensu‘
773 4471 807 4523 A.
834 4475 856 4536 r)
877 4469 1035 4536 suppletum
1059 4467 1086 4519 in
1106 4466 1227 4533 margine
1246 4467 1279 4517 A.
1308 4466 1327 4533 s)
1346 4464 1540 4531 ‚clamdestine‘
1559 4467 1591 4518 A.
1620 4471 1644 4530 s)
1661 4482 1731 4521 corr.
1749 4466 1778 4520 in
1797 4469 1918 4536 margine

405 4576 445 4614 ex
464 4556 651 4627 ,sirpplicanti‘
669 4558 701 4609 A.
730 4558 754 4623 ¹¹)
773 4572 841 4609 corr.
861 4556 889 4607 in
908 4571 991 4622 marg.
1015 4571 1049 4607 ox
1068 4552 1301 4620 ,compassiencia‘
1319 4555 1354 4606 A.
