5184 7050
543 830 608 899 334

544 1037 637 1103 552.
662 1037 784 1118 Parcas,
803 1036 997 1121 patriarcba
1018 1036 1305 1117 Jerosolimeaaaa,
1341 1037 1511 1121 supplicat,
1543 1042 1697 1119 qautenus
1723 1039 1833 1118 fratri
1855 1038 2005 1118 Hcorico,
2029 1038 2061 1102 in

539 1142 760 1226 praepositam
782 1140 968 1206 awraasterii
991 1141 1206 1224 Sderosicnsis
1229 1141 1332 1221 electo,
1351 1141 1569 1225 parrochialis
1591 1142 1721 1207 ecelesia
1750 1144 1793 1207 ἐπ’
1807 1144 1945 1209 Maesta
1966 1162 2062 1224 usque

865 1245 908 1309 od
930 1245 1229 1328 apostolicaesedis
1251 1245 1479 1330 beneplacitam
1502 1246 1741 1311 commodetur.

1484 1489 1648 1566 Autumno,
1673 1489 1963 1556 roccamaura
1986 1491 2018 1557 5.

653 1752 817 1834 Significat
843 1753 874 1817 S.
898 1751 935 1815 V.
960 1752 1074 1815 devota
1104 1757 1251 1815 creatura
1274 1756 1381 1815 vestra
1411 1752 1535 1829 Petrus,
1570 1751 1749 1834 patriarcha
1782 1750 2064 1819 herusolimitanus

548 1863 581 1922 et
604 1861 765 1940 protector
788 1856 870 1920 sacri
894 1855 1031 1935 sepulcri
1056 1856 1203 1920 dominici
1220 1854 1479 1933 Jerosolimitani,
1503 1855 1622 1920 ordinis
1645 1855 1746 1920 sancti
1770 1856 1950 1938 Augustini,
1976 1856 2063 1938 quod

548 1967 682 2026 vacante
705 1960 907 2041 prepositura
930 1960 1111 2023 monasterii
1135 1959 1355 2025 Sderadiensis
1378 1977 1477 2040 prope
1490 1960 1633 2040 Pragam,
1666 1958 1808 2023 ciusdem
1831 1958 1961 2038 ordinis,
1986 1978 2063 2025 con·

551 2071 643 2129 sueta
667 2084 723 2145 per
746 2066 912 2129 canonicos
935 2064 1077 2128 eiusdem
1101 2063 1260 2145 sepulchri
1293 2063 1474 2144 gubernari,
1499 2062 1640 2126 canonici
1664 2067 1697 2126 et
1720 2061 1892 2143 capitulam
1916 2063 2064 2129 eiusdem

552 2170 734 2235 monasterii
766 2169 895 2233 fratrem
926 2168 1108 2246 chricum,
1140 2167 1307 2249 plebanum
1331 2166 1468 2231 ecclesie
1491 2165 1585 2250 [in]·)
1608 2167 1805 2246 Mesirzieca,
1839 2166 2064 2233 Olomuoensis

552 2275 697 2353 diocesis,
722 2274 862 2338 eiusdem
886 2272 1045 2354 sepulchri
1070 2273 1263 2350 canonicum,
1287 2272 1495 2335 communiter
1517 2270 1690 2352 elegerunt,
1726 2290 1788 2352 que
1810 2270 1929 2337 eleccio
1953 2273 2065 2338 extitit

554 2380 656 2465 eidem
681 2377 860 2460 partriarcha
891 2378 1088 2459 postmodum
1122 2380 1316 2457 presentata,
1351 2381 1392 2454 et,
1427 2376 1501 2457 quia
1530 2376 1630 2456 ipsam
1662 2376 1781 2439 invenit
1804 2376 1954 2439 canomcc
1977 2375 2062 2440 eele-

550 2485 684 2561 hratom,
719 2503 788 2547 carin
822 2483 1011 2546 tauctoritate
1045 2501 1103 2545 sua
1137 2478 1333 2545 confirmavit
1367 2481 1533 2563 ipsumque
1567 2479 1698 2543 fratrem
1731 2479 1906 2546 Henricum
1941 2480 2063 2544 ibidem

555 2588 690 2671 prefecit
712 2588 743 2651 in
767 2588 963 2669 prepositum
993 2592 1026 2650 et
1046 2590 1217 2668 pastorem.
1256 2584 1383 2662 Tamen,
1406 2584 1502 2649 Pater
1525 2583 1739 2661 sanctissime,
1764 2582 1867 2668 [quia]
1877 2580 1907 2669 1’)
1929 2590 2065 2665 propter

553 2692 753 2756 vacacionem
777 2690 918 2755 eiusdem
941 2690 1104 2767 diutinam,
1135 2688 1248 2753 malam
1278 2688 1586 2753 administrationem
1617 2689 1848 2770 prepositorum
1871 2688 1982 2770 ipsine,
2006 2689 2064 2770 qui

554 2796 682 2861 iuuerunt
705 2816 762 2877 pro
785 2800 937 2876 ternpore,
961 2801 994 2858 et
1016 2793 1181 2858 nonnullas
1203 2793 1282 2857 alias
1307 2793 1489 2872 discordias,
1514 2811 1576 2874 que
1599 2791 1717 2856 ibidem
1738 2793 1822 2856 inter
1843 2792 1960 2857 fratres
1983 2792 2063 2857 dicti

554 2901 736 2964 monasterii
758 2900 910 2963 lraactenus
934 2900 1117 2975 extiterunt,
1141 2917 1202 2980 que
1219 2902 1349 2979 propter
1371 2897 1546 2978 prodictam
1569 2897 1759 2961 eleccionem
1783 2896 1960 2961 omnimode
1986 2902 2066 2959 sunt

555 3005 667 3085 sopite,
692 3004 808 3067 dictum
833 3003 1056 3067 monasterium
1080 3006 1112 3065 et
1135 3003 1204 3066 eius
1226 3004 1309 3066 bona
1331 3006 1405 3066 sunt
1428 3002 1458 3066 in
1482 3021 1536 3066 sex
1559 3002 1686 3066 milibus
1708 3000 1898 3066 florenorum
1920 3005 1954 3064 et
1978 2999 2065 3064 ultra

556 3109 652 3172 certis
676 3107 886 3172 creditoribus
909 3108 948 3170 ad
973 3125 1100 3170 usuram
1123 3106 1272 3186 obligata,
1296 3108 1363 3185 et0)
1386 3106 1426 3170 ad
1442 3105 1638 3170 evadendum
1661 3104 1802 3170 ultimam
1825 3103 2063 3170 desolacionem

554 3212 735 3275 monasterii
760 3210 933 3291 supradicti
967 3215 1138 3274 conuentus
1158 3210 1300 3275 eiusdem
1320 3211 1503 3274 monasterii
1533 3211 1623 3291 quasi
1656 3211 1761 3275 omnia
1786 3210 1869 3274 bona
1891 3210 2064 3274 censueris

555 3319 588 3379 et
612 3314 808 3378 reddituario
831 3314 931 3395 ipsius
955 3312 1074 3376 eisdem
1097 3312 1307 3377 creditoribus
1323 3314 1496 3395 assignavit
1511 3332 1568 3394 per
1593 3333 1648 3379 eos
1662 3315 1800 3379 tenenda
1822 3317 1855 3376 et
1871 3312 2066 3394 possidenda

556 3438 593 3481 ac
617 3437 656 3481 aix
679 3418 726 3481 eis
749 3418 871 3481 fructus
894 3421 927 3480 et
949 3435 1063 3480 census
1085 3417 1229 3494 leuando,
1253 3417 1353 3481 donec
1377 3418 1424 3481 eis
1447 3417 1486 3482 de
1502 3418 1680 3482 huiusmodi
1704 3418 1908 3499 pecuniarum
1930 3418 2065 3482 summis

560 3524 602 3586 sit
625 3521 822 3604 integraliter
845 3523 1051 3599 satisfactum,
1076 3528 1108 3585 et
1130 3541 1168 3586 ex
1191 3521 1250 3586 hoc
1274 3524 1343 3604 ipse
1366 3524 1545 3604 prepositus
1562 3521 1734 3587 secuudum
1756 3521 1806 3586 sui
1821 3526 1925 3586 status
1947 3521 2066 3607 decen-

557 3628 636 3691 ciam
660 3634 692 3690 et
715 3628 783 3690 sine
807 3626 941 3707 predicti
965 3627 1083 3691 ordinis
1107 3627 1274 3707 obprobrio
1299 3628 1338 3691 de
1361 3626 1498 3691 residuis
1522 3627 1663 3691 eiusdem
1678 3627 1859 3690 morrasterii
1882 3625 2066 3691 redditibus

555 3750 618 3794 uon
642 3735 748 3812 potest
771 3730 931 3794 commode
955 3731 1128 3795 sustentari
1151 3751 1208 3794 nec
1224 3730 1474 3811 hospitalitatem
1497 3750 1534 3795 ac
1556 3732 1619 3794 alia
1642 3732 1701 3794 sibi
1725 3730 1941 3796 incumbentia
1964 3749 2067 3796 onera

557 3841 765 3915 supportare:
791 3835 949 3915 supplicat
972 3836 1075 3899 dictus
1099 3834 1289 3916 patriarcha,
1315 3841 1471 3916 quatenus
1502 3835 1675 3917 predictam
1705 3836 1870 3901 ecclesiam
1902 3835 2067 3918 parmchi-

560 3938 641 4001 alem
666 3941 696 4001 in
721 3939 916 4016 blesiruiecz,
940 3940 1260 4019 ‹pumrdictuslrater
1283 3939 1440 4003 Hernicus
1463 3946 1499 4003 ut
1516 3940 1710 4020 premittitur
1732 3946 1874 4022 tempore
1897 3940 1982 4005 dicte
2005 3958 2068 4004 sue

558 4043 727 4106 eleccionis
750 4044 922 4120 obtinebat,
947 4051 980 4107 et
1002 4064 1060 4125 per
1083 4044 1353 4107 confirmacionem
1377 4064 1464 4108 suram
1480 4044 1659 4108 huiusmodi
1682 4044 1723 4108 ad
1740 4063 1870 4125 presens
1886 4050 2067 4123 vacantem,

561 4147 714 4226 cuiusque
738 4146 867 4211 collacio
891 4149 930 4211 ad
948 4149 1142 4229 prepositum
1166 4148 1308 4211 eiusdem
1339 4149 1519 4212 roonasterii
1552 4150 1712 4229 pertinere
1743 4148 1927 4226 dinoscitur,
1958 4148 2067 4212 eidem

561 4250 650 4313 fratri
674 4251 822 4328 ilenrico,
848 4258 882 4314 ut
906 4252 1047 4333 predicta
1067 4253 1127 4316 sibi
1143 4253 1361 4316 incumbendo
1376 4272 1472 4316 onera
1487 4252 1679 4316 cornruodius
1699 4258 1886 4334 supportare
1908 4259 1942 4316 et
1956 4252 2069 4334 hospi-

558 4356 699 4420 talitates
722 4363 831 4419 tenere
855 4357 967 4433 valeat,
994 4376 1092 4436 risque
1109 4357 1148 4420 ad
1164 4357 1338 4436 apiostolice
1354 4356 1439 4420 seclis
1458 4356 1690 4437 beneplacitum
1714 4357 1883 4438 dignemini
1907 4375 2070 4421 commen-

560 4460 645 4539 dare,
669 4481 738 4524 cum
762 4461 906 4525 ouuribus
929 4480 989 4524 non
1014 4461 1213 4524 obstantibus
1237 4467 1270 4524 et
1293 4460 1445 4525 clausulis
1468 4461 1641 4542 oportunis

664 4617 734 4680 Fiat
758 4617 794 4680 R.
833 4618 875 4681 Et
897 4638 926 4698 q.
950 4623 971 4680 t.
996 4639 1019 4681 s.
1045 4638 1072 4681 a.
1097 4617 1116 4679 l.
1155 4616 1227 4680 Fiat
1250 4616 1285 4679 R.
1325 4617 1363 4680 l).
1387 4617 1543 4681 huiuione
1574 4636 1643 4682 non.
1679 4617 1865 4682 Novembris
1887 4636 1914 4681 a.
1940 4624 2069 4699 quarto.

667 4910 814 4963 Clementis
834 4910 869 4961 VI
889 4909 915 4962 S.
936 4910 996 4961 lisa
1020 4914 1058 4977 (8)
1078 4909 1095 4962 f.
1115 4918 1156 4963 ss.
1177 4941 1207 4948 —
1235 4923 1258 4975 η
1277 4909 1358 4964 deest
1376 4912 1403 4963 iu
1422 4911 1457 4976 S,
1477 4908 1633 4977 suppletum
1652 4910 1686 4962 ab
1700 4910 1813 4964 editore.
1841 4910 1865 4975 b)
1884 4910 1965 4967 deest
1983 4913 2013 4967 in
2032 4913 2072 4981 8.,

563 4998 654 5065 suppl.
673 4997 706 5049 ab
726 4997 839 5050 editore.
867 5006 888 5062 ς)
909 4995 975 5062 ,sed‘
995 4996 1021 5048 S.
