5184 7050
1972 799 2034 865 271

523 1005 663 1064 solenter
694 1000 745 1064 vel
776 1000 958 1084 ignoranter
993 1001 1189 1083 confingeret
1223 1004 1423 1084 attemptari:
1460 1021 1516 1068 nes
1552 1005 1695 1070 volentes
1728 1005 2035 1086 tibipremissorum

523 1105 711 1168 meritorum
735 1109 861 1169 tuorum
884 1105 1002 1169 intuitu
1025 1106 1161 1186 graciam
1186 1105 1291 1171 lacere
1315 1107 1494 1188 specialem,
1526 1109 1702 1191 predictam
1731 1109 1961 1191 parrochialem
1984 1129 2036 1176 ec·

522 1207 656 1273 61661661
690 1209 736 1272 616
769 1215 936 1273 tacentem
968 1227 1038 1272 cum
1069 1210 1212 1274 omuibus
1243 1211 1366 1275 iuribus
1397 1217 1430 1275 et
1453 1212 1659 1293 pertinenciis
1689 1214 1756 1278 auis
1779 1214 1955 1295 apostolica
1976 1215 2035 1279 tibi

522 1313 716 1377 summitate
749 1313 940 1378 conterimus
971 1317 1004 1376 et
1034 1313 1073 1377 de
1103 1313 1161 1377 illa
1183 1315 1283 1378 eciam
1307 1315 1518 1397 providemus
1553 1317 1761 1383 decernentes
1791 1324 1833 1396 te,
1866 1325 2034 1402 postquam

522 1417 635 1499 rigore
658 1418 818 1497 presentis
848 1418 954 1499 gracie
985 1418 1069 1482 dicte
1100 1419 1307 1500 parrochialis
1337 1419 1472 1484 ecclesie
1494 1420 1593 1485 fueris
1617 1424 1850 1504 possessionem
1873 1423 2035 1506 pacificam

522 1527 702 1599 assecutus,
727 1522 767 1585 de
783 1521 906 1603 prefato
922 1523 1114 1587 rnonasterio
1131 1523 1340 1604 Montissyon,
1364 1525 1455 1589 cuius
1472 1526 1583 1589 existis
1600 1527 1778 1605 canonicus
1802 1527 1842 1592 ad
1857 1526 2033 1609 predictum

522 1626 753 1689 monasterium
777 1625 971 1691 Gradicense
1001 1628 1192 1692 auctoritate
1223 1627 1335 1692 eadem
1364 1628 1620 1693 transferendum
1646 1631 1734 1694 etin
1758 1631 2034 1713 eorecipiendum

522 1730 552 1792 in
577 1730 762 1793 canonicum
785 1735 819 1794 et
841 1731 873 1795 iu
896 1731 1025 1794 fratrem
1049 1737 1082 1795 et
1104 1732 1229 1796 sincera
1250 1732 1282 1795 16
1306 1732 1430 1796 11661166
1459 1734 1591 1797 66111616
1620 1735 1843 1799 tractandum.
1862 1785 1870 1799 .
1889 1754 1940 1813 ..3
1972 1754 2034 1801 666

523 1834 726 1898 obstantibus
750 1884 757 1897 .
782 1884 789 1900 .
815 1884 822 1898 .
847 1884 854 1898 .
879 1854 935 1898 seu
959 1835 1042 1916 quod
1066 1835 1094 1899 d.
1120 1835 1710 1916 11111161161611111611Β1661661616,
1734 1838 2033 1921 66666166611161611

524 1940 710 2004 monasterii
735 1939 951 2016 GredicensiS,
976 1939 1151 2019 predictam
1174 1940 1341 2005 ecclesiam
1365 1940 1404 2006 de
1426 1940 1512 2006 facto
1532 1941 1675 2007 detinere
1698 1943 1817 2007 dicitur
1839 1947 2033 2025 occupatam.

525 2043 563 2105 D.
588 2044 748 2108 Aninione
770 2043 897 2108 XVllll
921 2042 983 2107 kal.
1007 2043 1153 2108 ianuarii
1176 2064 1204 2108 6.
1229 2044 1338 2110 tercio.

628 2199 665 2263 In
689 2219 715 2263 e.
739 2219 780 2264 m.
804 2220 832 2264 v.
857 2200 878 2265 f.
903 2249 910 2263 .
935 2250 942 2264 .
966 2200 1116 2282 episcopo
1141 2198 1328 2264 (tarnatensi
1352 2204 1385 2265 et
1408 2200 1459 2264 dd.
1482 2199 1514 2265 ff.
1539 2250 1546 2264 .
1571 2250 1578 2264 .
1603 2202 1756 2267 Lucensis
1783 2222 1850 2268 66.
1875 2204 2033 2267 ,111666-

523 2304 655 2382 6166616,
680 2304 900 2370 Olomucensis
916 2307 949 2367 et
965 2304 1135 2385 Progensis
1151 2304 1334 2382 diocesium,
1357 2305 1619 2370 monasteriorum
1638 2307 1805 2371 abbatibus
1829 2326 1853 2372 s.
1871 2311 1921 2371 etc
1924 2356 2030 2371 .....

523 2409 562 2471 1).
590 2412 627 2471 61
656 2427 680 2471 a.

629 2605 779 2660 Clementia
798 2607 835 2659 VI
855 2607 887 2660 Α.
906 2606 975 2675 11116
1000 2607 1125 2674 (11116)
1150 2607 1169 2660 1.
1188 2607 1257 2673 325¹,
1284 2606 1319 2660 de
1344 2606 1485 2662 beneficiis
1512 2606 1672 2662 1666611666
1684 2624 1729 2675 qu.
1749 2607 1855 2660 8·.:V.
1878 2607 2029 2662 1611261

523 2710 549 2747 m
570 2699 632 2748 443.
651 2693 703 2748 Ed.
722 2694 808 2748 CDM.
825 2693 877 2747 Vll
895 2709 921 2747 6.
942 2699 1001 2762 669,
1020 2694 1106 2748 RBM.
1125 2692 1162 2748 lV
1180 2710 1207 2748 n.
1227 2699 1302 2748 1486.

522 3401 616 3467 459.
637 3400 855 3476 Theodericus,
872 3400 972 3465 abhus
986 3401 1172 3464 monasterii
1187 3401 1304 3463 Portae
1318 3398 1549 3483 Apostolorum,
1565 3398 1735 3483 supplicat,
1750 3405 1908 3482 quotenus
1923 3422 2031 3466 nmmu-

523 3505 657 3569 sterium
679 3503 971 3569 sanctimonialium
994 3505 1029 3568 iu
1054 3502 1177 3587 Teplicr
1199 3503 1242 3569 ed
1252 3503 1430 3587 pristinum
1448 3506 1569 3568 statum
1584 3502 1766 3583 reducatur,
1788 3504 1851 3569 sibi
1871 3509 1901 3570 et
1922 3527 2029 3571 monu-

523 3610 620 3673 sterio
642 3629 700 3673 sno
722 3612 953 3673 mnseroatores
976 3609 1184 3673 conceduntur
1206 3613 1235 3671 et
1259 3628 1329 3672 cum
1357 3612 1463 3672 serore
1492 3610 1682 3688 Morporctu
1711 3608 1919 3690 dispensetur,
1941 3614 1977 3673 ut
1997 3611 2033 3674 iu

523 3712 634 3776 ordine
656 3712 763 3776 suncti
785 3712 948 3777 Benedicti
970 3718 1000 3777 et
1022 3714 1172 3793 repintine
1194 3712 1272 3775 dicti
1293 3712 1477 3777 monosterii
1503 3711 1694 3795 Teplicensis
1712 3732 1900 3794 permanere
1909 3714 2033 3796 possit,·

522 3816 686 3900 supplicet
708 3818 814 3891 etium,
837 3821 993 3899 quaternus
1014 3816 1086 3895 sibi,
1105 3817 1275 3900 patrisne
1299 3815 1426 3880 Alderto
1449 3816 1487 3880 de
1509 3816 1600 3897 Kryr
1615 3819 1644 3880 ct
1652 3817 1761 3895 fratri
1783 3816 1920 3883 Henru'co
1940 3817 2027 3882 ubso-

900 3920 979 3984 lutio
996 3920 1096 4004 plenu
1118 3921 1152 3986 in
1174 3922 1285 3984 mortis
1308 3919 1443 3984 ordiendo
1465 3919 1664 3985 coucedatur.

1429 4116 1592 4195 Aciuione,
1617 4121 1701 4184 1344
1724 4119 1907 4185 Decembris
1933 4122 1983 4185 15.

625 4338 792 4419 Supplicat
814 4340 844 4404 S.
870 4339 906 4403 l'.
931 4338 1064 4401 clevatus
1087 4343 1194 4401 vester·
1209 4341 1316 4401 616161
1331 4337 1430 4402 frater
1445 4335 1649 4412 Theodricus,
1673 4334 1800 4400 humilis
1815 4336 1912 4400 abbas
1924 4355 2030 4400 mona-

522 4445 612 4508 sterii
638 4442 732 4506 rone
755 4442 989 4524 Apostolorum,
1013 4442 1133 4505 culinis
1157 4443 1256 4506 666611
1280 4440 1456 4517 Benedicti,
1480 4439 1647 4521 Pragensis
1671 4439 1815 4518 diocesia,
1843 4439 1936 4521 quod,
1960 4460 2030 4504 curn

523 4547 778 4629 preposituram
801 4547 960 4627 Tepplicz,
992 4546 1276 4610 sanctimonialium
1311 4545 1429 4608 ordinis
1453 4549 1485 4607 et
1509 4543 1643 4608 diocesis
1675 4543 1897 4625 predictorum,
1930 4545 1972 4608 sit
1998 4549 2031 4609 et

522 4653 620 4718 luerit
639 4651 822 4714 nrouasterii
838 4652 972 4732 predicti
997 4651 1091 4714 Porto
1107 4650 1330 4730 ⁴lpostolorum
1355 4653 1387 4712 et
1410 4668 1536 4729 semper
1554 4668 1573 4711 6
1588 4653 1741 4729 tempore,
1765 4649 1854 4712 cuius
1881 4648 2029 4712 contrarii

522 4756 674 4820 memoria
696 4753 855 4820 hominnm
880 4776 941 4819 666
965 4756 1081 4831 resistit,
1114 4775 1171 4835 1161
1193 4755 1338 4819 6111161616
1367 4758 1400 4817 61
1422 4752 1538 4816 fratres
1561 4751 1703 4816 eiusdem
1727 4752 1846 4816 ordinis
1869 4760 2029 4818 6116666-

522 4861 610 4926 ¹sterii
635 4860 728 4924 solita
751 4860 848 4924 fuerit
871 4860 1049 4940 gubernari,
1081 4878 1163 4923 6666
1194 4865 1299 4922 661616
1331 4857 1467 4921 dilectus
1497 4856 1581 4920 tilius
1612 4860 1719 4920 vester
1746 4905 1753 4919 .
1778 4907 1784 4920 .
1810 4875 1865 4920 rex
1899 4858 2029 4922 Boemie

522 4966 559 5028 de
582 4983 664 5028 novo
688 4963 822 5028 contulit
845 4964 939 5026 etde
962 4962 1045 5026 16616
1069 4962 1201 5026 calide-m
1224 4962 1456 5042 preposituram
1480 4959 1604 5023 cuidam
1628 4960 1719 5024 militi
1743 4979 1829 5024 mere
1853 4960 1943 5037 laico,
1967 4981 2028 5025 666

522 5070 550 5132 16
576 5067 733 5132 modicum
756 5066 965 5147 preludicium
989 5074 1021 5130 et
1044 5085 1212 5146 gretvamen
1237 5066 1379 5130 eiusdem
1402 5065 1584 5129 monasterii
1608 5069 1642 5129 et
1656 5065 1688 5128 in
1708 5064 1889 5129 scandalum
1901 5066 2029 5143 ordinis,

522 5179 552 5236 et
577 5191 635 5252 per
657 5171 716 5234 boo
739 5171 922 5234 16116666166
937 5176 969 5233 et
981 5170 1180 5251 indisciplina
1205 5169 1338 5233 invaluit
1359 5188 1419 5232 666
1441 5168 1547 5249 aliqua
1563 5168 1719 5247 61666616,
1743 5188 1804 5250 que
1828 5175 1901 5233 ante
1916 5170 2030 5234 fuerat.

522 5278 708 5340 observatur
731 5294 790 5338 uec
813 5275 920 5355 616166
945 5294 1079 5356 persona
1102 5274 1252 5356 religiosa
1287 5273 1403 5337 ibidem
1434 5272 1597 5350 inhabitat,
1633 5274 1804 5354 dignemini
1825 5273 1975 5337 mandare
1999 5279 2031 5337 et

522 5397 561 5441 ex
585 5384 673 5441 certa
696 5379 833 5441 sciencia
856 5378 950 5441 alicui
974 5378 1071 5459 probo
1095 5377 1171 5453 rire,
1207 5382 1243 5439 61
1265 5377 1380 5440 dictam
1405 5376 1637 5457 preposituram
1660 5377 1700 5440 ad
1724 5382 1840 5441 statmn
1864 5377 2030 5458 pristinum

522 5488 553 5546 et
585 5482 726 5545 debitum
760 5482 876 5545 habeat
906 5482 1069 5558 reducere,
1104 5500 1174 5544 cum
1209 5499 1270 5544 non
1304 5480 1504 5544 obstantibus
1538 5486 1572 5543 ct
1602 5480 1752 5545 clausulis
1786 5481 1958 5561 oportunis,
1994 5488 2029 5544 ut

522 5589 551 5650 in
574 5586 687 5650 forma.

622 5690 695 5754 Fiat
717 5690 754 5753 R.
