5184 7050
1991 849 2055 916 317

539 1057 794 1136 prorumperent,
828 1057 862 1117 et
892 1054 1056 1134 cupientes
1086 1051 1299 1136 dispendiosis
1333 1054 1482 1136 periculis
1511 1055 1692 1120 huiusmodi
1726 1054 1897 1121 salubriter
1919 1062 2053 1139 paterne

540 1156 756 1223 solicitudinis
777 1158 893 1223 studiis
915 1158 1048 1239 obviari,
1082 1177 1175 1243 reges
1205 1158 1291 1241 ipsos
1320 1177 1379 1241 per
1406 1164 1533 1224 nostras
1563 1159 1768 1226 exhortamur
1797 1160 1924 1227 litteras
1947 1166 1981 1226 et
2002 1180 2053 1227 ro-

539 1279 662 1344 gamus,
695 1267 732 1327 ut
759 1261 801 1328 ad
828 1262 898 1328 vias
926 1262 1075 1346 pacificas
1104 1263 1230 1328 omissis
1259 1263 1384 1330 bellicis
1410 1264 1580 1330 insultibus
1613 1281 1649 1330 se
1678 1264 1848 1348 disponant
1878 1271 1922 1344 et,
1952 1270 1990 1330 ut
2011 1265 2052 1331 ad

541 1366 632 1449 pacis
654 1372 766 1431 mutue
788 1367 986 1433 concordiam
1009 1367 1171 1433 intereos
1194 1367 1328 1434 invicem
1358 1367 1598 1448 reformandam,
1635 1368 1719 1435 circa
1744 1388 1839 1452 quam
1861 1369 2053 1434 intendimus

543 1471 748 1553 interponere
770 1471 882 1537 sedule
903 1477 1014 1556 partes
1036 1476 1171 1552 nostras,
1193 1473 1319 1552 melius,
1342 1472 1452 1538 utilius
1468 1477 1502 1537 et
1516 1474 1660 1555 quiecins
1680 1473 1802 1538 intendi
1824 1473 1931 1538 divina
1946 1473 2054 1558 gracia

541 1573 739 1659 suffragante
761 1575 877 1656 valeat,
900 1582 1032 1659 treugas
1054 1576 1163 1642 ineant
1192 1577 1276 1642 inter
1303 1595 1339 1642 se
1361 1594 1463 1658 nsque
1486 1576 1526 1641 ad
1549 1576 1628 1642 certi
1659 1576 1867 1660 competentis
1895 1577 2052 1662 temporis

544 1679 689 1762 spacium
712 1680 891 1759 duraturas,
913 1680 1135 1746 nichilominus
1158 1699 1234 1746 suos
1256 1681 1505 1747 ambassiatores
1528 1686 1562 1746 11
1576 1681 1709 1746 nuncios
1730 1698 1828 1764 snper
1849 1682 1912 1747 hiis
1935 1680 2054 1748 1111111-

544 1788 639 1849 enter
660 1784 834 1851 instructos
864 1790 898 1850 et
926 1784 1041 1851 idonea
1069 1789 1230 1867 potestate
1259 1783 1405 1851 suffultos
1435 1784 1475 1848 ad
1505 1788 1645 1849 nostram
1667 1784 1875 1867 presenciam,
1907 1786 1969 1850 nisi
1990 1804 2053 1868 pax

542 1889 614 1970 ipsa
635 1888 802 1955 reformari
825 1895 935 1973 posset
958 1889 1121 1954 commode
1143 1889 1177 1954 in
1198 1888 1263 1954 illis
1284 1888 1439 1971 partibus,
1463 1889 1690 1954 transmissuri.
1725 1889 1769 1954 Et
1791 1890 1866 1975 quia
1887 1890 2053 1974 negocium

543 1992 727 2059 huiusmodi
749 1993 917 2060 admodum
940 1994 1059 2059 insidet
1082 1993 1169 2059 cordi
1191 1998 1309 2071 nostro,
1334 1993 1363 2057 d.
1376 1992 1398 2059 1.
1413 1995 1599 2077 magistrum
1620 1994 1824 2061 Guillelmum
1841 1995 1880 2061 de
1895 1993 2052 2074 Posteris,

543 2097 743 2181 prepositum
766 2098 903 2164 ecclesie
925 2097 1154 2177 Possoniensis‚
1178 2096 1405 2181 strigoniensis
1421 2098 1567 2178 diocesis,
1591 2097 1788 2182 capellanum
1809 2105 2054 2182 1111111111-

542 2201 658 2267 stolice
672 2201 759 2268 sedis
774 2202 934 2282 nuncium,
947 2203 1096 2282 1111111,
1110 2202 1273 2268 carissime
1287 2200 1343 2282 fili,
1355 2207 1389 2267 et
1400 2203 1541 2286 ipsorum
1552 2221 1661 2287 regum
1673 2204 1872 2286 presenciam
1882 2208 2054 2287 partesque

543 2305 618 2372 illas
649 2306 846 2389 providimus
875 2313 1046 2392 propterea
1075 2306 1259 2390 specialiter
1288 2306 1518 2373 destinandum.
1538 2307 1631 2388 Sane,
1654 2305 1699 2373 fili
1729 2307 1945 2388 dilectissime,
1979 2308 2055 2390 quia

542 2411 710 2476 commoda
730 2411 782 2477 vel
804 2410 1003 2478 incommoda
1024 2430 1135 2495 regum
1158 2412 1308 2495 ipsorum,
1331 2411 1415 2476 sicut
1430 2411 1654 2492 intelleximus,
1670 2416 1703 2476 te
1722 2413 1917 2497 contingunt,
1933 2413 2053 2496 magni-

540 2513 710 2581 ficenciam
731 2521 819 2581 tuam
842 2516 963 2599 regiam
985 2534 1133 2600 rogamus
1156 2516 1316 2581 attencius
1339 2521 1373 2581 et
1394 2516 1427 2580 in
1443 2516 1567 2582 domino
1590 2516 1804 2595 exhortamur,
1828 2522 1994 2598 quatenus,
2017 2522 2054 2582 ut

542 2620 606 2702 ipsi
629 2638 649 2684 a
672 2621 895 2704 congressibus
916 2621 1086 2686 hostilibus
1116 2625 1149 2686 et
1178 2618 1404 2687 offensionibus
1434 2621 1553 2687 mutuis
1583 2621 1711 2704 penitus
1741 2620 1924 2687 abstineant
1953 2625 1987 2687 et
2013 2621 2053 2686 ad

541 2724 631 2789 riam
652 2722 817 2806 pacificam
839 2725 930 2791 iuxta
952 2726 1071 2791 monita
1100 2729 1210 2789 nostra
1238 2723 1381 2789 salubria
1404 2723 1614 2791 effectualiter
1636 2743 1672 2791 sc
1695 2724 1873 2809 disponant,
1907 2725 2053 2791 laborare

542 2828 700 2894 studiosis
723 2828 988 2907 solicitudinibus,
1011 2835 1047 2894 ut
1065 2828 1173 2913 gaudii
1196 2829 1349 2894 merearis
1364 2846 1436 2894 esse
1450 2830 1621 2912 particeps,
1645 2829 1728 2912 quod
1743 2828 1902 2913 promittit
1923 2829 2053 2913 sapiens

541 2933 731 2999 ineuntibus
754 2934 842 3017 pacis
864 2933 1006 3014 consilia,
1029 2952 1091 2998 non
1113 2938 1296 3017 postponas.
1324 2933 1363 2999 l).
1386 2939 1423 2999 ut
1444 2952 1469 2998 1.
1502 2933 1674 3019 [11111111
1696 2932 1755 3000 XV
1776 2932 1841 2999 kal.
1864 2933 2052 2999 Novembris

543 3034 773 3122 11111011

647 3226 799 3282 Clementis
816 3227 906 3281 v1v.
926 3233 975 3283 139
994 3231 1074 3297 (secr.
1093 3244 1117 3282 a
1135 3226 1185 3293 IV)
1203 3243 1230 3281 n.
1249 3231 1308 3281 631.
1333 3225 1384 3281 Ed
1403 3226 1523 3282 Theiner
1540 3225 1605 3281 ΜΗ.
1623 3226 1637 3280 1
1654 3242 1682 3281 1.
1702 3232 1776 3283 1911.
1799 3256 1834 3268 -
1859 3226 1883 3294 ·)
1905 3226 2053 3295 ,periculis‘

541 3314 575 3370 V.
596 3346 631 3355 -
650 3316 672 3382 ¹)
692 3320 760 3370 1³46
777 3314 940 3370 Novembris
960 3322 999 3368 11.
1018 3316 1039 3382 ¹)
1057 3320 1087 3369 11
1104 3314 1133 3368 11
1150 3314 1186 3368 V.
1206 3320 1255 3369 139
1273 3330 1299 3369 1.
1319 3319 1378 3368 626.

1270 3618 1397 3625 ——.

542 3944 636 4008 530.
661 3939 829 4021 Casimiro,
852 3941 920 4022 rapi
942 3939 1102 4021 11111111,
1124 3940 1283 4022 scribitur,
1308 3942 1412 4025 ipsias
1441 3943 1674 4008 cassationem
1699 3963 1795 4026 super
1816 3942 1975 4027 impositis
1991 3965 2053 4028 per

542 4066 618 4112 1111
639 4044 781 4111 canaba
803 4044 841 4110 dc
857 4045 1108 4130 participatione
1130 4066 1199 4110 cum
1221 4045 1379 4111 Ludouico
1401 4046 1440 4111 de
1461 4046 1611 4112 Bouario
1638 4051 1769 4128 protam
1792 4048 1911 4129 foisse,
1937 4052 1968 4113 ct
1988 4069 2052 4113 mo-

1093 4154 1194 4230 netur,
1216 4154 1253 4213 at
1274 4169 1345 4215 cam
1368 4155 1488 4216 caecat.
2104 4172 2107 4176 ’

1492 4287 1655 4369 1111111111,
1678 4291 1765 4355 1346
1790 4287 1932 4355 Octobris
1955 4293 2006 4356 18.

648 4496 684 4561 C.
708 4496 740 4560 in
763 4495 821 4562 Ch.
845 4495 866 4561 1.
890 4496 1062 4575 Kazimiro,
1084 4497 1152 4579 regi
1168 4497 1299 4562 Polonie
1321 4496 1447 4562 illustri.
1478 4496 1606 4579 Regalis
1626 4502 1681 4563 tue
1697 4496 1935 4580 magnificencie
1957 4498 2050 4563 binas

540 4602 723 4684 recepimus
745 4599 870 4665 litteras
897 4601 980 4665 inter
1009 4605 1119 4666 cetera
1142 4602 1350 4679 continentes,
1373 4606 1417 4681 te,
1439 4600 1486 4666 1111
1516 4601 1689 4678 carissime,
1721 4602 1909 4683 quibusdam
1940 4602 2051 4668 amicis

541 4706 608 4770 tuis
631 4703 673 4769 de
694 4703 837 4769 Romana
860 4705 948 4770 curia
970 4706 1194 4771 nunciantibus
1217 4706 1410 4788 percepisse,
1445 4706 1529 4789 quod
1552 4706 1651 4788 aliqui
1672 4706 1720 4770 tui
1744 4705 1841 4772 emuli
1863 4707 1904 4771 ad
1926 4707 1974 4772 tui
1996 4706 2051 4772 de

540 4809 736 4875 traceionem
758 4813 792 4874 et
813 4808 976 4873 infamiam
999 4810 1031 4873 in
1055 4809 1166 4874 eadem
1189 4810 1277 4875 curia
1293 4811 1499 4890 seminarant,
1525 4817 1558 4875 te
1582 4829 1653 4875 cum
1676 4810 1828 4877 Latwinis
1852 4811 2050 4887 scismaticis,

540 4932 597 4980 eos
620 4917 733 4978 contra
755 4911 943 4978 christianos
966 4914 1114 4992 iuvando,
1137 4932 1175 4979 ac
1197 4914 1361 4981 Ludouico
1384 4914 1424 4980 de
1446 4913 1596 4993 Bauaria,
1613 4915 1782 4998 dampnato
1796 4934 1856 4998 per
1871 4915 2049 4994 ecclesiam,

539 5016 709 5083 tractando
732 5017 928 5099 parentelam
951 5037 1021 5083 cum
1046 5020 1124 5100 ipso,
1149 5017 1425 5084 confederaciones
1456 5024 1489 5083 et
1508 5019 1667 5085 amicicias
1697 5017 1813 5084 iecisse
1843 5025 1876 5084 et
1905 5019 2050 5105 iniisse·)

540 5123 699 5187 adversus
733 5121 901 5188 ecclesiam
936 5129 1077 5189 sanctam
1111 5123 1173 5201 dei,
1208 5142 1302 5205 quarn
1329 5124 1369 5187 ob
1392 5142 1458 5187 rem
1481 5128 1514 5187 te
1536 5128 1654 5205 tueque
1678 5123 1869 5203 devocionis,
1893 5142 1986 5205 quam
2011 5125 2051 5189 ad

538 5228 713 5292 Romanam
736 5228 821 5309 geris
844 5228 1020 5306 ecclesiam,
1044 5227 1225 5310 superbiis
1248 5228 1430 5293 excusando
1453 5246 1511 5310 per
1533 5228 1662 5294 easdem
1684 5228 1811 5294 litteras
1838 5228 2048 5309 descripsisti,

538 5331 625 5414 qnod
648 5336 780 5413 propter
802 5350 945 5415 guerras,
969 5350 1050 5414 quas
1073 5336 1183 5397 contra
1212 5337 1245 5396 te
1268 5351 1305 5396 ac
1328 5335 1431 5397 terras
1454 5337 1488 5398 et
1510 5333 1655 5400 subditos
1685 5338 1759 5399 tuos
1785 5352 1812 5399 c.
1837 5333 1869 5397 in
1893 5331 1949 5398 ch.
1973 5332 1996 5398 1.
2020 5352 2049 5398 1.

537 5434 715 5513 lohannes,
751 5434 835 5521 [rex]
842 5433 870 5516 b)
900 5437 1030 5501 Boemie
1045 5435 1191 5513 illustris,
1207 5436 1306 5501 movit
1320 5435 1511 5501 tenibiliter
1532 5442 1565 5500 et
1579 5440 1736 5518 potenter,
1759 5441 1796 5501 tn
1812 5435 2051 5501 consideranter

539 5538 724 5617 attendens,
748 5539 833 5619 quod
855 5540 1010 5620 predictis
1032 5540 1223 5604 scismaticis
1244 5558 1378 5621 guerras
1401 5540 1554 5604 adversus
1577 5546 1620 5619 te,
1644 5541 1727 5605 sicut
1749 5539 1869 5606 habent
1891 5539 1931 5604 de
1952 5558 2050 5618 more,

537 5643 743 5708 moventibus
765 5643 916 5707 resistere
951 5644 1112 5708 commode
1145 5662 1207 5708 non
1240 5649 1370 5725 poteras
1403 5642 1574 5708 hostilitati
1609 5650 1641 5709 et
1670 5644 1818 5726 potencie
1849 5643 1926 5709 dicti
1953 5644 2048 5726 regis,

535 5755 671 5832 treugas
694 5745 801 5811 iecisti
825 5766 895 5811 cum
919 5747 997 5829 ipsis
1021 5748 1221 5827 scismaticis,
1238 5753 1271 5814 11
1283 5747 1516 5828 nichilominus,
1537 5749 1621 5836 quod
1638 5800 1646 5821 ,
1664 5800 1670 5813 .
1688 5752 1796 5815 natam
1819 5753 1906 5825 tuam
1922 5744 2048 5834 [libold
