5184 7050
1874 875 1935 938 241

445 1073 521 1138 395.
543 1070 712 1139 Johotmes
734 1071 771 1136 dc
795 1071 933 1138 Maroiio
955 1073 1127 1156 supplicat,
1149 1079 1306 1156 quatenus
1328 1075 1389 1139 sibi
1419 1078 1626 1141 canonicatus
1658 1100 1727 1142 cuin
1757 1080 1942 1161 praebenda

446 1174 578 1240 udaias
602 1176 777 1251 lammis,
799 1197 878 1257 quos
895 1177 1047 1260 possidet,
1070 1180 1293 1260 conficerentur
1316 1183 1373 1243 aaut
1396 1180 1434 1243 de
1464 1200 1540 1244 uoco
1570 1186 1788 1262 conferantur,
1812 1188 1842 1246 ot
1863 1205 1941 1266 qua

445 1283 518 1344 kaus
539 1277 604 1343 sibi
626 1278 666 1343 dc
687 1299 763 1344 ieaoo
778 1280 817 1343 de
831 1280 1022 1344 canonicatu
1044 1286 1074 1345 et
1092 1281 1278 1365 praebenda
1300 1281 1451 1348 ccclesiae
1472 1285 1577 1348 saucti
1598 1284 1759 1352 Johauuis
1780 1288 1815 1351 iu
1834 1289 1942 1368 Burpo

965 1385 1175 1450 Lauduueusi
1192 1385 1410 1468 provideatur.
2020 1381 2024 1388 ’

1439 1524 1601 1603 Aoiuiouc,
1627 1529 1712 1593 1344
1735 1530 1820 1594 Maii
1841 1532 1892 1594 ll.

532 1767 702 1851 Sigmilicat
724 1768 755 1834 S.
780 1768 816 1833 V.
841 1768 975 1833 devotus
999 1774 1106 1833 vester
1128 1768 1291 1833 lohannes
1315 1769 1354 1832 de
1378 1768 1731 1848 Ma1·0lio,dominorum
1749 1771 1883 1837 Francia
1907 1780 1940 1837 et

443 1871 558 1936 Beemie
592 1891 704 1954 regum
738 1872 883 1951 clariana,
918 1871 1002 1954 qued
1036 1873 1066 1938 S.
1103 1871 1213 1937 eadem
1249 1873 1310 1937 sibi
1346 1874 1387 1938 ad
1422 1873 1690 1956 supplicacionem
1720 1875 1796 1941 dieti
1821 1877 1938 1943 domini

442 1976 512 2057 regis
547 1976 682 2041 Boemie
715 1977 860 2042 kalendis
894 1976 983 2054 Julii,
1018 1975 1221 2059 pontificatus
1254 1978 1354 2042 vestri
1390 1996 1471 2041 anno
1502 1979 1613 2059 primo,
1625 1978 1648 2059 1)
1681 1979 1720 2044 de
1751 1982 1939 2045 canonicatu

443 2079 565 2144 ecclesie
589 2080 757 2145 Remensis
779 2087 812 2146 et
834 2079 997 2162 prebenda
1020 2082 1098 2145 inibi
1120 2086 1256 2147 vacarrte
1272 2081 1322 2146 vel
1337 2086 1493 2147 vacatura
1508 2081 1585 2146 fecit
1601 2084 1773 2164 specialem
1789 2085 1937 2166 graciam,

442 2187 520 2250 euius
553 2186 664 2268 gracie
698 2186 806 2268 rigore
839 2186 909 2267 ipse
943 2187 1164 2250 canonicatum
1198 2191 1231 2249 et
1261 2185 1426 2250 dimidiam
1449 2186 1644 2266 prebendam
1667 2189 1769 2270 ipsius
1792 2189 1937 2269 ecclesie,

442 2295 596 2354 vacantem
619 2308 678 2372 per
700 2289 819 2354 obitum
843 2290 1001 2371 quendam
1024 2289 1175 2355 Balduini
1199 2290 1276 2355 dicti
1300 2290 1466 2368 Laroeuel,
1489 2291 1543 2371 qni
1567 2291 1675 2356 Remis
1697 2298 1770 2373 post
1793 2298 1937 2358 sanctuni

442 2393 530 2459 Pasas
553 2394 762 2474 novissime·)
793 2399 990 2458 transactum
1020 2394 1105 2458 diem
1137 2412 1229 2458 snum
1256 2394 1372 2459 elausit
1395 2400 1580 2474 extremum,
1604 2397 1783 2476 acceptavit
1806 2397 1938 2462 etfacit

441 2499 491 2563 sibi
513 2517 573 2581 per
596 2497 733 2562 alterurn
755 2502 956 2563 executorem
980 2498 1064 2563 diste
1088 2517 1146 2562 sue
1168 2500 1276 2581 gracie
1299 2498 1458 2580 provideri
1489 2499 1529 2562 de
1562 2498 1699 2578 eisdem,
1734 2519 1842 2565 rernm
1866 2520 1936 2566 cum

441 2600 565 2682 dubitet,
588 2620 630 2668 ne
652 2600 806 2668 beneficia
828 2602 906 2666 dicti
939 2602 1089 2667 Balduini
1122 2609 1231 2667 essent
1265 2603 1450 2685 specialiter
1471 2607 1644 2683 reservata,
1669 2604 1828 2688 supplicat
1851 2606 1934 2670 idem

440 2704 604 2785 JobanneS,
628 2712 786 2788 quatenus
809 2705 911 2772 dictas
935 2708 1191 2789 acceptationem
1215 2713 1248 2770 et
1270 2707 1482 2789 provisionem
1507 2713 1595 2772 ratas
1619 2714 1651 2772 et
1680 2714 1788 2791 gratam
1819 2709 1936 2775 habere

440 2809 603 2892 dignemini
626 2813 777 2894 ipsasque
800 2812 993 2876 auctoritate
1015 2811 1192 2892 apostolica
1215 2816 1247 2875 et
1270 2830 1310 2876 ex
1333 2816 1421 2875 certa
1444 2812 1582 2876 sciencia
1616 2812 1801 2878 confirmare
1832 2815 1935 2896 eique,

441 2915 581 2981 siluerit
603 2933 745 2994 necesse,
770 2915 872 2980 dictas
896 2916 1116 2980 carrenicatum
1140 2921 1173 2979 et
1196 2914 1356 2980 dimidiam
1384 2916 1577 2997 prebendam
1608 2917 1849 2996 sacerdotalem,
1874 2938 1935 3000 que
1961 2908 1963 2912 ’

441 3020 641 3084 residenciam
665 3019 846 3084 continuam
868 3019 1012 3100 requirit,
1036 3019 1082 3084 sic
1105 3026 1140 3084 nt
1162 3020 1339 3101 predicitur
1360 3020 1410 3084 vel
1434 3020 1514 3084 alias
1545 3022 1750 3102 quovismodo
1773 3028 1934 3102 vacantes,

441 3124 461 3187 si
482 3143 543 3188 non
566 3124 663 3189 luerit
686 3124 780 3188 alteri
811 3124 842 3187 in
874 3123 994 3187 eisdem
1025 3125 1074 3188 ius
1105 3124 1137 3187 in
1168 3144 1202 3187 re
1230 3124 1414 3205 specialiter
1436 3125 1605 3206 quesitum,
1629 3125 1810 3207 dignemini,
1834 3127 1935 3190 eciam

441 3227 461 3290 si
482 3224 598 3308 dietih)
631 3229 837 3292 canonicatus
868 3231 901 3291 et
930 3228 1061 3292 dimidia
1091 3228 1286 3310 prebenda0)
1317 3228 1420 3293 forent
1450 3228 1642 3310 generaliter
1671 3228 1722 3292 vel
1753 3230 1937 3310 speduliter

441 3334 595 3410 reservati,
631 3352 701 3396 cum
740 3333 963 3413 acceptae-ione
1001 3337 1034 3396 et
1068 3332 1219 3396 clausulis
1257 3332 1448 3396 necessariis
1487 3330 1629 3395 conferre
1666 3338 1699 3396 et
1737 3333 1776 3397 de
1814 3333 1934 3397 eisdem

441 3435 607 3516 pervidere,
642 3455 703 3500 nen
737 3437 884 3501 obstante
917 3437 1026 3518 gracia
1059 3436 1203 3518 predicta
1238 3442 1270 3500 et
1305 3436 1492 3500 canonicatu
1531 3442 1564 3500 et
1600 3437 1762 3519 prebenda
1799 3436 1934 3502 ecclesie

441 3542 531 3605 sancti
564 3541 722 3606 lobannis
757 3541 789 3606 in
821 3542 928 3624 Burgo
962 3541 1176 3620 Lauduuensi,
1211 3560 1290 3622 quos
1324 3541 1407 3605 idem
1430 3541 1593 3605 lohannes
1615 3543 1757 3606 noscitur
1780 3542 1934 3620 obtinere,
1988 3608 1994 3621 ,

442 3660 552 3710 neruen
575 3645 661 3727 quod
684 3645 724 3709 ad
748 3644 958 3728 capellaniam
981 3646 1084 3710 saneti
1106 3646 1195 3710 Petri
1219 3645 1258 3708 de
1275 3644 1417 3710 Caillons
1434 3646 1476 3708 sit
1491 3649 1693 3726 presentatus
1709 3650 1742 3708 et
1757 3645 1933 3727 capellania

443 3746 538 3815 (astri
561 3750 602 3814 de
625 3750 831 3831 Briquessart
854 3751 915 3814 sibi
938 3749 1034 3813 luerit
1057 3750 1173 3815 collata
1194 3767 1253 3831 per
1275 3749 1435 3813 deminum
1456 3748 1567 3814 ducem
1582 3748 1784 3828 Narmannie,
1801 3769 1934 3830 quarum

444 3853 557 3930 quidem
583 3852 831 3936 capellaniarum
854 3854 992 3917 nondum
1005 3852 1031 3934 ἃ)
1055 3854 1289 3934 possessionem
1313 3858 1362 3917 est
1385 3853 1531 3935 adeptus.

535 3986 741 4050 Providenms
757 3986 818 4050 sibi
834 3986 1116 4067 quomodocunque
1131 3987 1224 4048 vacet
1239 3983 1300 4061 hie,
1314 3984 1341 4047 si
1357 4002 1418 4047 non
1434 3982 1531 4047 fuerit
1548 3982 1641 4046 alteri
1657 3983 1707 4047 ins
1723 3984 1882 4064 quesitum
1895 3983 1931 4048 n.

535 4116 615 4180 ltenr
647 4115 808 4197 supplicat
838 4116 941 4180 sidoni
973 4116 1002 4181 S.
1036 4116 1083 4192 V,
1111 4121 1266 4196 quatenns
1290 4114 1392 4178 eidem
1416 4112 1587 4193 dignemini
1612 4113 1650 4177 de
1674 4131 1754 4176 riano
1778 4113 1817 4176 de
1841 4133 1932 4178 carro·

443 4217 536 4283 nirata
560 4225 592 4284 et
617 4220 778 4301 prebenda
801 4221 935 4285 ecclesie
959 4221 1060 4283 saneti
1083 4219 1239 4284 iohannis
1263 4220 1293 4282 in
1318 4220 1423 4298 Burgo
1453 4217 1667 4294 Lannlunensi,
1691 4235 1770 4298 (pios
1800 4216 1931 4298 liacifiee

444 4323 573 4399 {assidet
595 4328 628 4388 et
651 4330 795 4406 parties
818 4342 916 4389 annos
940 4323 1121 4417 immediate
1144 4326 1324 4387 transactos
1348 4322 1478 4403 pacifice
1501 4321 1653 4402 possedit,
1671 4321 1833 4402 inquibus
1853 4321 1932 4386 nulli

444 4425 488 4491 alii
509 4447 603 4509 quam
627 4428 687 4493 sibi
712 4429 761 4494 ins
785 4434 835 4493 est
865 4428 1034 4510 quesitum,
1058 4428 1228 4505 dignemini
1263 4428 1441 4508 providere,
1476 4445 1537 4489 non
1571 4424 1770 4489 obstantibus
1804 4425 1933 4505 quibus·

446 4548 554 4611 cunque
588 4533 863 4596 resmvacionibus
898 4550 954 4613 per
987 4531 1230 4612 predecessores
1264 4534 1389 4594 vestras
1421 4530 1524 4606 lactis,
1556 4548 1612 4593 sen
1636 4528 1720 4610 qnod
1744 4529 1775 4592 in
1798 4529 1933 4593 ecclesia

448 4629 580 4700 murensi
602 4636 823 4701 canonicatum
848 4636 906 4700 sub
930 4635 1156 4717 cxpectacione
1179 4635 1339 4716 prebende
1363 4635 1505 4699 noscitur
1527 4634 1679 4712 obtinere,
1707 4639 1739 4697 et
1770 4634 1841 4697 aliis
1871 4654 1932 4697 non

448 4737 632 4805 obstantibus
656 4740 859 4823 supradictis.

536 4870 608 4936 Fiat
631 4869 698 4953 lv)
740 4871 821 4935 item
845 4888 873 4951 q.
898 4875 921 4934 t.
945 4888 970 4933 s.
994 4889 1022 4933 a.
1047 4869 1068 4933 l.
1103 4869 1175 4934 Fiat
1197 4868 1233 4933 R.
1270 4870 1308 4933 D.
1333 4868 1489 4932 Aniniene
1513 4868 1540 4931 V
1564 4867 1605 4931 id.
1629 4866 1708 4931 Maii
1731 4886 1759 4930 a.
1785 4866 1932 4931 secundo.

535 5129 685 5184 Clementis
704 5130 741 5183 Vl
760 5128 786 5182 S.
804 5128 859 5199 na
878 5131 916 5198 (4)
936 5129 954 5183 l.
974 5135 1033 5183 344.
1052 5160 1085 5168 —
1112 5136 1135 5192 ¹)
1153 5143 1221 5180 corr.
1241 5143 1275 5179 ex
1295 5125 1475 5192 ,rescissione‘
1494 5126 1520 5180 S.
1548 5126 1572 5192 ¹¹)
1590 5124 1696 5191 ,dictos‘
1720 5125 1746 5177 S.
1775 5136 1796 5188 s)
1816 5141 1932 5178 corr.ex

454 5207 577 5270 dimidium
596 5215 790 5285 prebendam‘3
818 5216 942 5283 sequitur
961 5215 1185 5282 ‚sacerdotalern‘,
1206 5213 1254 5268 sed
1272 5213 1452 5266 caracellatum
1472 5212 1497 5265 S.
1525 5210 1548 5276 d)
1569 5210 1708 5278 ,nundum‘
1727 5214 1753 5264 S.
1774 5242 1806 5251 -
1827 5213 1845 5277 ¹)
1868 5216 1932 5263 13⁴2

454 5293 504 5352 lilii
522 5310 542 5368 1,
561 5303 621 5358 ride
641 5318 716 5359 num.
734 5308 775 5356 2⁷.
813 5305 834 5368 ¹)
852 5303 961 5357 litterae
986 5303 1055 5357 istae
1081 5319 1135 5356 non
1154 5308 1219 5356 suut
1242 5307 1378 5368 repertae.
