5184 7050
650 834 710 899 132

644 1039 888 1120 ‹leputauvus,”·*)
912 1042 977 1100 tam
1002 1057 1020 1100 a
1045 1038 1133 1101 vobis
1147 1040 1184 1116 “l
1208 1041 1241 1099 ct
1264 1037 1343 1118 ipsis
1366 1055 1461 1117 qumn
1485 1036 1524 1099 ab
1542 1039 1582 1115 ¹¹¹¹)
1605 1036 1751 1100 omnibus
1768 1034 2019 1116 archiepiscopis
2035 1039 2068 1098 et
2086 1035 2142 1113 epi·

643 1142 749 1223 scopis
771 1145 805 1205 ει
819 1142 856 1219 '')
880 1140 1025 1222 personis
1048 1138 1121 1204 aliis
1144 1139 1381 1218 ecclesiasticis,
1398 1139 1595 1205 secularibus
1618 1145 1651 1204 et
1673 1138 1873 1221 regularibus
1896 1137 2143 1218 quibuscunque,

644 1246 801 1327 exemptis
824 1248 857 1308 et
879 1262 942 1309 non
965 1243 1129 1325 exemptis,
1154 1243 1186 1307 in
1210 1243 1330 1307 eisdem
1357 1242 1540 1307 civitatibus
1563 1248 1596 1307 ει
1606 1247 1644 1322 ¹¹)
1679 1241 1860 1307 diocesibus
1883 1243 1972 1321 ac’l)
1997 1240 2145 1304 comitatu

643 1348 789 1414 redditus
813 1351 845 1411 et
868 1352 1041 1428 proventus
1064 1347 1300 1413 ecclesiasticos
1323 1351 1360 1410 ιιι
1382 1344 1542 1428 prefertur
1564 1345 1791 1423 obtinentibus,
1807 1345 1841 1424 ιι)
1865 1344 1905 1408 de
1938 1342 2061 1408 eisdem
2082 1343 2149 1407 red·

645 1452 766 1519 ditibus
788 1458 821 1519 et
843 1452 1050 1533 proventibus
1072 1452 1250 1530 dumtaxat,
1274 1457 1479 1532 preterquam
1502 1450 1765 1527 acardinalibus,
1781 1449 1934 1530 magistro
1950 1454 1984 1513 et
1999 1447 2150 1513 fratribus

645 1556 823 1638 prelibatis,
847 1556 916 1621 lieri
946 1556 1067 1637 absque
1091 1557 1207 1620 iniuria
1230 1559 1263 1619 et
1286 1555 1492 1636 oppressione
1523 1560 1731 1635 quacunque,
1747 1558 1780 1617 ει
1805 1552 1890 1634 quod
1911 1570 1969 1617 vos
1987 1552 2020 1634 Α)
2045 1557 2078 1616 ει
2100 1551 2150 1616 alii

645 1660 832 1727 collectores
853 1659 990 1742 predicti
1014 1664 1046 1723 ει
1069 1664 1209 1725 vestrum
1232 1659 1349 1742 singuli
1373 1677 1430 1739 per
1452 1676 1509 1723 vos
1532 1663 1564 1723 ει
1588 1658 1834 1723 subcollecteres
1857 1661 1992 1734 vestros,
2011 1673 2091 1738 quos
2112 1655 2149 1718 ad

645 1763 706 1829 boc
728 1764 884 1830 duxeritis
907 1763 1117 1845 deputandos,
1137 1763 1280 1844 prelatos
1305 1763 1561 1844 archiepiscopus
1584 1767 1618 1826 ει
1639 1763 1806 1843 episcopos
1830 1759 1976 1843 aliasque
1998 1777 2150 1843 personas

652 1867 889 1933 ecclesiasticas
913 1867 1075 1932 seculares
1107 1872 1139 1931 et
1168 1867 1332 1950 regulares
1362 1867 1525 1948 predictas
1555 1866 1596 1930 ad
1627 1865 1819 1931 solucionem
1850 1864 1935 1930 dicte
1966 1863 2090 1929 decime
2119 1862 2154 1926 de

646 1972 792 2036 omnibus
813 1971 992 2036 redditibus
1015 1976 1047 2036 ει
1069 1971 1276 2053 proventibus
1299 1971 1528 2036 ecclesiasticis
1550 1970 1731 2049 eorundem,
1755 1970 1788 2033 in
1815 1969 1936 2034 eisdem
1968 1968 2150 2033 civitatibus

646 2079 680 2139 et
697 2072 727 2156 Β)
752 2074 932 2138 diocesibus
955 2071 1034 2153 ac⁰)
1058 2074 1210 2138 comitatu
1241 2074 1490 2139 consistentibus
1521 2078 1557 2139 nt
1578 2071 1748 2155 prefertur,
1772 2072 1945 2137 secundnm
1969 2072 2098 2136 modum
2120 2076 2150 2135 ot

646 2197 764 2243 morem
788 2197 825 2241 ac
848 2176 1109 2241 consuetudinem
1133 2177 1165 2240 in
1188 2178 1358 2241 exaccione
1381 2182 1414 2241 et
1436 2177 1626 2242 colleccione
1647 2175 1828 2242 huiusmodi
1853 2175 1976 2241 decime
1998 2175 2151 2239 hactenus

645 2284 832 2347 observatos
861 2299 919 2362 ρει·
947 2279 1127 2347 huiusmodi
1157 2281 1320 2345 biennium
1351 2282 1383 2345 in
1413 2281 1557 2345 terminis
1587 2279 1801 2361 infrascriptis
1831 2280 1920 2345 vebis
1947 2297 2006 2345 seu
2030 2278 2150 2343 subcol-

646 2385 818 2452 lectoribus
840 2384 1008 2466 prelibatis
1032 2384 1081 2448 vel
1104 2385 1249 2465 persenis
1280 2384 1364 2462 aliis,
1395 2403 1476 2465 quas
1506 2385 1547 2448 ad
1577 2384 1637 2448 hoc
1667 2384 1908 2465 deputaveritis,
1920 2386 1950 2466 ”l
1973 2383 2151 2449 faciendam

647 2495 681 2555 ει
702 2508 761 2570 ρει
783 2505 838 2552 vos
862 2491 895 2550 et
917 2492 1056 2552 vestrum
1081 2489 1222 2571 singulos
1245 2488 1330 2553 dicto
1354 2490 1421 2570 regi
1444 2507 1501 2552 sen
1524 2489 1679 2568 personis,
1704 2507 1784 2569 quas
1815 2487 1856 2552 ad
1881 2489 1942 2553 boc
1964 2488 2035 2570 ipse
2056 2486 2151 2563 reri)

647 2592 848 2674 deputandas
882 2592 1018 2670 duxerit,
1054 2592 1253 2675 integraliter
1287 2593 1513 2675 assignandam
1547 2593 1605 2657 sub
1639 2591 1740 2657 forma
1764 2597 1796 2657 et
1819 2592 2035 2658 moderamine
2057 2590 2152 2656 infra·

648 2698 777 2779 scriptis
799 2715 857 2777 ρει
880 2714 1047 2760 censuram
1070 2696 1322 2761 ecclesiasticam
1346 2700 1379 2761 et
1402 2697 1502 2760 eciam
1533 2697 1823 2778 sequestracionem
1853 2697 2026 2775 fructuum,
2049 2694 2152 2759 reddi-

647 2807 737 2866 tuum
768 2805 800 2865 ει
830 2805 1041 2881 proventuum
1071 2819 1199 2865 suornm
1230 2801 1527 2880 ecclesiasticorum,
1553 2802 1585 2865 in
1613 2801 1691 2882 ipsis
1713 2797 1948 2880 civitatibus,¹²)
1971 2799 2151 2864 diocesibus

648 2911 681 2970 ει
696 2902 729 2983 ⁰)
764 2905 915 2968 comitatu
949 2904 1205 2982 consistencium,
1241 2905 1267 2968 si
1302 2905 1453 2987 expedire
1487 2905 1641 2985 videritis,
1652 2905 1684 2985 ¹¹)
1717 2904 1936 2986 appellacione
1972 2903 2151 2986 postposita

648 3007 857 3088 compellatis,
881 3008 926 3072 ita
949 3007 1032 3089 quod
1057 3007 1097 3071 ad
1121 3007 1254 3087 lructns,
1277 3008 1425 3073 redditus
1448 3015 1481 3073 et
1500 3015 1674 3090 proventus
1690 3014 1781 3074 extra
1797 3009 1946 3073 civitates
1961 3011 1995 3071 ει
2011 3006 2151 3070 dioceses

649 3130 687 3176 ac
710 3111 894 3177 comitatum
915 3110 1078 3194 predictos
1102 3114 1313 3177 consistentes
1335 3111 1516 3176 huiusmodi
1548 3113 1773 3195 compulsionis
1803 3110 1942 3178 officium
1971 3110 2152 3174 nullatenus

649 3215 832 3281 extendatis
855 3235 913 3280 nec
936 3215 977 3279 ad
1008 3215 1255 3299 compulsionem
1288 3217 1390 3298 ipsam
1399 3215 1421 3297 ¹)
1453 3217 1630 3282 faciendam
1661 3218 1692 3280 in
1717 3215 1823 3297 aliquo
1847 3232 1923 3279 casu
1946 3232 2005 3295 per
2027 3230 2085 3277 vos
2105 3211 2152 3276 vel

649 3320 747 3385 alium
771 3337 827 3384 sen
851 3320 931 3384 alios
954 3320 1109 3385 invocetis
1132 3338 1190 3384 nec
1212 3339 1271 3401 per
1282 3317 1314 3400 L)
1337 3338 1491 3400 personas
1514 3339 1534 3384 a
1554 3321 1642 3385 vobis
1665 3321 1716 3384 vel
1739 3325 1879 3385 vestrum
1902 3318 2011 3399 aliquo
2035 3318 2077 3382 ad
2093 3317 2152 3382 col·

648 3424 820 3489 lectionem
842 3424 1021 3488 huiusmodi
1042 3424 1242 3505 deputandas
1258 3425 1398 3488 invocari
1414 3425 1609 3506 permittatis
1626 3424 1778 3488 auxilium
1796 3422 1829 3503 ²¹)
1851 3422 1972 3486 brachii
1988 3421 2152 3497 secularis,

647 3529 710 3593 nisi
732 3530 947 3609 predictorum
970 3547 1031 3592 non
1054 3528 1249 3593 solvencinm
1272 3530 1471 3594 contumacia
1494 3531 1640 3612 exigente
1664 3528 1751 3593 aliud
1775 3530 1860 3592 circa
1881 3528 1941 3592 hoc
1964 3545 2023 3608 per
2045 3526 2150 3590 sedem

649 3633 782 3697 eandem
817 3630 957 3713 fueriti)
992 3632 1181 3697 ordinatum.
1228 3633 1419 3698 Huiusmodi
1454 3638 1561 3698 autern
1585 3634 1704 3697 solucio
1728 3631 1782 3696 liet
1806 3630 1948 3713 quolibet
1971 3648 2055 3694 anno
2079 3628 2153 3694 dicti

649 3736 768 3801 biennii
792 3738 824 3800 in
845 3737 990 3801 terminis
1014 3737 1243 3818 infrascriptis:
1269 3738 1425 3819 siquidem
1449 3738 1621 3802 solucionis
1644 3736 1826 3801 medietatis
1838 3734 1871 3815 ⁰)
1893 3734 2076 3799 huiusmodi
2099 3734 2151 3798 de·

649 3841 731 3905 cime
754 3840 847 3921 primi
869 3842 941 3905 anni
966 3841 1043 3904 dicti
1066 3841 1184 3906 biennii
1208 3843 1343 3923 primum
1367 3842 1536 3905 terminum
1556 3841 1624 3906 lore
1648 3841 1818 3905 statuimus
1833 3839 1950 3905 festum
1966 3836 2154 3903 Nativitotis

650 3943 778 4008 Domini
799 3945 901 4025 primo
924 3945 1130 4025 venturum,²)
1153 3945 1327 4011 secundum
1350 3964 1424 4009 vero
1442 3947 1611 4009 terminum
1627 3945 1799 4010 solucionis
1813 3943 1996 4008 medietatis
2021 3942 2154 4008 alterius

650 4047 767 4112 festum
790 4047 978 4113 Nativitatis
1007 4049 1094 4112 beati
1125 4049 1282 4114 debannis
1305 4050 1462 4132 Baptista,
1486 4049 1645 4130 profatum
1678 4048 1794 4113 festum
1816 4046 2005 4112 Nativitatis
2027 4046 2154 4112 Domini

649 4152 791 4231 proximo
808 4151 1030 4237 secuturum,³)
1047 4153 1078 4216 in
1094 4152 1196 4217 altero
1213 4170 1294 4216 anno
1312 4153 1343 4216 in
1360 4153 1521 4218 solucione
1536 4153 1682 4234 predicta
1698 4152 1855 4217 similibus
1877 4150 2022 4216 terminis
2048 4151 2154 4216 obser-

649 4254 771 4340 vandis.
789 4253 944 4332 Quocirca
961 4255 1148 4319 discrecioni
1165 4259 1271 4319 vestre
1286 4254 1313 4334 Ρ)
1337 4274 1395 4336 ρει·
1410 4256 1585 4336 apostolica
1602 4257 1721 4337 scripta
1736 4253 1974 4336 mandamaes)
1997 4261 2155 4337 quatenus

649 4376 706 4422 vos
729 4358 779 4422 vel
802 4358 864 4423 duo
888 4364 945 4422 ant
967 4376 1049 4423 unns
1071 4363 1211 4422 vestrum
1225 4357 1256 4438 Β)
1280 4359 1320 4424 ab
1344 4360 1489 4424 omnibus
1512 4365 1544 4423 ει
1567 4360 1701 4442 singulis
1717 4358 1965 4440 archiepiscopis
1989 4355 2066 4441 ets)
2090 4360 2155 4439 epi·

650 4461 755 4543 scopis
778 4480 815 4526 ac
838 4459 952 4542 aliisi)
976 4462 1122 4544 personis
1155 4462 1427 4543 ecclesiasticisU)
1462 4465 1712 4545 quibuscunque,
1741 4464 1887 4528 redditus
1916 4468 1950 4528 ει
1982 4467 2155 4544 proventus

650 4563 884 4630 ecclesiasticos
915 4565 947 4628 in
978 4565 1062 4630 dicto
1093 4564 1286 4647 comitatui)
1317 4567 1544 4647 obtinentibus,
1575 4572 1779 4649 preterquam
1802 4586 1821 4631 a
1844 4566 2070 4645 cardinalibus,
2092 4585 2155 4632 rna·

649 4667 749 4748 gistro
782 4672 815 4731 et
847 4667 1001 4733 fratribus
1035 4670 1239 4752 supradictis
1262 4670 1443 4735 huiusmodi
1471 4670 1624 4735 decimam
1659 4672 1697 4734 do
1728 4672 1873 4735 omnibus
1907 4676 1941 4735 ει
1973 4669 2154 4757 singulisx)

649 4769 827 4836 redditibus
850 4775 883 4835 et
905 4775 1111 4853 proventibus
1134 4774 1361 4839 ecclesiasticis
1385 4775 1463 4856 ipsis
1478 4773 1508 4855 Υ)
1532 4776 1564 4839 in
1596 4776 1748 4840 connitatu
1772 4774 2020 4841 consistentibus
2045 4793 2155 4859 supra·

650 4872 776 4954 dictoZ)
805 4894 863 4955 per
893 4895 948 4940 vos
965 4877 1016 4957 ⁸³)
1046 4896 1103 4942 sou
1135 4877 1382 4942 subcollectores
1418 4883 1550 4956 vestroe,
1561 4877 1609 4957 ΠΒ)
1633 4879 1765 4944 clericos
1788 4884 1905 4956 tamen,
1930 4896 2009 4960 quos
2032 4877 2155 4943 adhoc

650 4977 806 5042 duxeritis
817 4975 866 5058 ο0)
890 4979 1099 5060 deputandos,
1124 4981 1297 5045 secundum
1320 4983 1520 5046 taracionevn
1544 4983 1628 5046 dicto
1652 4982 1783 5061 decime,
1807 4983 1834 5047 si
1858 4982 2032 5047 secundum
2065 4986 2155 5047 tara·

650 5081 771 5146 cionem
786 5080 837 5162 01))
860 5083 993 5147 eandem
1016 5084 1139 5148 solvere
1163 5087 1397 5163 consueverint,
1416 5086 1557 5167 alioquin
1581 5086 1752 5151 secundum
1777 5087 1904 5153 modum
1927 5092 1960 5151 et
1975 5084 2154 5164 moremffl‘)

649 5202 686 5247 ac
708 5187 968 5251 consuetudinem
992 5188 1024 5251 in
1047 5188 1238 5253 colleccione
1261 5195 1294 5253 et
1317 5188 1479 5254 solucione
1493 5188 1539 5266 FF)
1576 5191 1677 5271 ipsius
1711 5189 1832 5253 decime.
1866 5189 2021 5255 hactenus
2048 5191 2154 5256 obser·

650 5294 740 5354 vatos
762 5309 821 5371 per
844 5291 963 5354 dictum
985 5291 1148 5355 biennium
1172 5294 1202 5356 in
1226 5293 1361 5374 prelatis
1385 5295 1538 5372 torminis,
1562 5297 1767 5360 medietatem
1791 5295 1939 5359 videlicet
1961 5295 1994 5358 in
2013 5294 2153 5377 quolibet

650 5395 853 5458 terruinorum
878 5395 1028 5476 ipsorum,
1052 5395 1172 5475 absque
1196 5397 1313 5461 iniuria
1336 5404 1368 5460 ot
1392 5399 1597 5479 oppressione
1617 5418 1805 5480 quacunque
1822 5400 1949 5480 exigere
1964 5400 2153 5480 etrecipere

650 5498 818 5577 studeatis,
829 5499 882 5578 06)
906 5498 1071 5562 universos
1088 5497 1140 5579 un)
1164 5500 1421 5582 archiepiscopos
1445 5507 1475 5566 ιι
1500 5503 1666 5584 episcopos
1689 5523 1726 5565 ac
1740 5502 1770 5582 ¹¹)
1793 5520 1946 5584 personas
1969 5504 2099 5567 easdem
2114 5500 2150 5566 ad

650 5601 842 5664 solucionem
867 5602 1045 5666 huiusmodi
1070 5603 1191 5668 decime
1214 5604 1392 5670 faciendam
1416 5606 1589 5669 secuudum
1613 5608 1801 5686 premissum
1821 5605 1946 5670 rvrodum
1963 5607 2150 5671 auctoritate

651 5712 759 5770 nostra
783 5726 840 5787 per
864 5725 1029 5770 censuram
1050 5708 1301 5772 ecclesiasticam
1318 5716 1350 5773 ιι
1366 5710 1465 5773 eciam
1482 5711 1772 5790 sequestracionem
1789 5710 1957 5787 fructuum,
1973 5710 2149 5775 reddituum
