5184 7050
548 860 609 926 188

543 1070 637 1133 311.
672 1065 836 1139 Nicolaus,
862 1063 957 1146 ¹pilius
978 1062 1147 1143 Joliannis,
1178 1063 1262 1144 repis
1285 1063 1465 1142 Bobemiae,
1496 1062 1666 1146 supplicat,
1690 1066 1846 1145 quatenus
1871 1060 2048 1127 Tlreobaldo

545 1171 703 1253 quondam
733 1169 873 1236 Martini
902 1168 940 1231 cle
961 1168 1174 1248 Lucemburpo
1204 1168 1241 1232 dc
1271 1168 1416 1250 beneficio
1446 1190 1515 1233 curu
1544 1168 1592 1232 rel
1621 1170 1689 1232 sine
1718 1189 1795 1233 cura
1824 1173 1976 1233 vacaturo
2007 1167 2049 1231 ad

693 1273 889 1339 collationem
912 1272 1037 1338 obbatis
1060 1275 1090 1336 et
1112 1276 1278 1338 conventus
1300 1272 1487 1337 monasterii
1509 1272 1546 1335 de
1568 1273 1668 1346 Ponte
1684 1271 1902 1355 provideatur.

1480 1461 1643 1540 Aoiuioue,
1669 1464 1754 1528 1344
1774 1463 1933 1531 Jauuarii
1953 1464 1994 1528 31
2000 1514 2007 1530 .

620 1647 622 1652 ¹
648 1655 812 1739 Supplicat
827 1655 857 1722 S.
875 1655 912 1720 V.
937 1654 1070 1720 devotus
1093 1653 1275 1735 capellanus
1297 1659 1406 1720 vester
1427 1653 1587 1734 NicolauS,
1611 1654 1717 1719 devoti
1733 1655 1754 1720 f.
1770 1674 1800 1719 n.
1815 1654 1901 1737 regis
1920 1654 2049 1720 Boemie
2082 1719 2087 1732 ,

543 1761 637 1842 filius,
669 1765 825 1844 quatenus
848 1758 964 1824 dilecto
988 1757 1103 1824 clerico
1126 1777 1183 1823 suo
1206 1758 1388 1824 Theobaldo
1419 1759 1574 1842 quondam
1605 1758 1734 1824 Martini
1757 1758 1797 1824 de
1819 1757 2049 1842 Lucernburgo,

544 1867 684 1933 Parisios
715 1865 864 1943 studenti,
900 1863 939 1927 de
969 1862 1123 1929 beneficio
1153 1862 1370 1928 ecclesiastica
1401 1882 1472 1928 cunr
1502 1882 1577 1928 cura
1606 1882 1708 1945 usque
1739 1862 1780 1928 ad
1809 1864 1950 1946 triginta,
1982 1864 2049 1928 sine

544 1991 620 2037 cura
649 1989 749 2053 usque
780 1970 820 2033 ad
850 1969 962 2050 viginti
998 1968 1142 2033 marchas
1171 1968 1303 2051 argenti,
1335 1972 1499 2049 spectante
1534 1969 1741 2033 communiter
1773 1968 1825 2033 vel
1860 1968 1985 2034 divisim
2007 1967 2047 2032 ad

545 2075 747 2142 collacionem
763 2078 823 2139 etc.
840 2073 963 2137 abbatis
979 2077 1013 2137 et
1028 2077 1202 2138 conventus
1224 2073 1407 2138 monasterii
1424 2071 1463 2136 de
1479 2073 1579 2138 Ponte
1595 2092 1693 2155 prope
1709 2072 1907 2152 Snoebmam,
1931 2072 2051 2137 ordinis

544 2165 857 2257 Prernonstratensis‚
896 2175 1115 2242 Olornucensis
1149 2177 1294 2257 diocesis,
1328 2181 1460 2242 vacante
1493 2176 1544 2241 vel
1578 2182 1737 2257 vacaturo,
1776 2176 1947 2260 dignemini
1980 2195 2051 2243 cunr

545 2283 767 2367 acceptatione
797 2288 857 2347 etc.
894 2282 1071 2364 providere,
1104 2301 1166 2347 non
1196 2283 1352 2361 obstante,
1383 2281 1467 2363 quod
1497 2282 1714 2347 canonicatum
1744 2282 1802 2346 sub
1826 2282 2051 2365 expectacione

545 2389 706 2471 prebende
729 2389 761 2452 in
784 2386 920 2453 ecclesia
942 2387 1093 2469 pragensi
1122 2387 1264 2451 noscitur
1286 2387 1439 2467 obtinere,
1471 2391 1503 2450 et
1526 2406 1596 2451 curn
1619 2385 1689 2451 aliis
1712 2405 1774 2452 non
1796 2387 1996 2452 obstantibus
2018 2392 2052 2451 et

545 2491 696 2558 clausulis
719 2491 883 2575 oportunis
906 2495 940 2555 et
962 2491 1194 2556 executoribus.

649 2623 721 2687 Fiat
743 2622 810 2705 R.¹)
833 2622 876 2686 Et
899 2642 928 2703 q.
952 2627 974 2686 t.
998 2640 1023 2686 s.
1040 2642 1067 2686 a.
1084 2621 1104 2686 l.
1129 2622 1201 2686 Fiat
1223 2621 1260 2686 R.
1284 2623 1324 2687 D.
1342 2622 1497 2687 Aninione
1521 2621 1553 2687 ΙΙ
1576 2621 1638 2726 kal.
1663 2622 1828 2687 Februarii
1851 2641 1879 2688 a.
1900 2622 2050 2687 secundo.

650 2846 798 2902 Clementis
816 2846 856 2900 VI
873 2846 892 2900 S
909 2846 965 2917 Ilia
985 2849 1024 2915 (4)
1043 2845 1062 2900 i.
1082 2852 1141 2900 lot.
1160 2876 1194 2887 --
1214 2847 1234 2914 ¹)
1253 2846 1346 2901 littera
1363 2846 1418 2901 ista
1435 2862 1491 2900 nan
1510 2852 1552 2901 est
1569 2853 1689 2916 reperta.

545 3423 641 3489 312.
680 3420 854 3506 Episcopus
879 3420 1054 3486 Cilmarsis
1076 3424 1106 3484 et
1122 3422 1328 3503 praepositus
1352 3420 1601 3494 Badissiuensis,
1638 3421 1809 3485 Misneusis
1839 3421 1983 3500 diocesia,
2013 3442 2053 3486 ac

546 3529 684 3592 decanus
710 3525 923 3591 Olamuceusis
952 3525 1156 3590 ecclesiarum
1183 3526 1417 3589 constituuntur
1440 3529 1671 3589 conservatores
1701 3525 1840 3608 episcopi
1862 3529 1892 3589 et
1915 3525 2051 3609 captati

554 3630 812 3697 Vratislaoieusis
840 3651 938 3712 usque
967 3630 1011 3694 ad
1038 3630 1220 3694 triennium.
1266 3630 1318 3702 ‚D.
1351 3628 1508 3693 Aulaione
1537 3628 1601 3695 lal.
1632 3629 1801 3694 Februarii
1834 3651 1864 3694 a.
1895 3631 2051 3695 aecuucla‘

1119 3735 1235 3799 Fornia
1258 3738 1294 3796 ut
1316 3735 1351 3797 iu
1373 3756 1402 3800 u.
1427 3737 1479 3800 93.

1492 3923 1654 3997 Arinioua,
1678 3925 1765 3988 1344
1787 3923 1956 3988 Februarii
1977 3928 2008 3989 1.

579 4258 580 4262 ἵ
652 4185 801 4240 Clementis
819 4184 858 4237 Vl
876 4186 899 4237 A
919 4182 974 4251 llis
994 4185 1048 4252 (73)
1068 4182 1086 4235 f.
1106 4188 1164 4248 334,
1183 4180 1217 4235 de
1237 4181 1448 4235 conservatoriis
1463 4198 1506 4248 qu.
1522 4186 1580 4232 2:
1592 4181 1623 4233 V.
1638 4187 1686 4233 159
1700 4181 1718 4234 i.
1735 4186 1780 4235 171
1796 4199 1822 4236 n.
1835 4187 1894 4236 989.

547 4764 642 4827 313.
664 4758 838 4838 Joliannes,
860 4778 917 4822 rea
931 4757 1110 4836 Bodobrica,
1132 4755 1304 4839 supplicat,
1327 4759 1481 4836 quatenus
1496 4757 1626 4839 Syrnoni
1646 4757 1806 4839 puonolarn
1829 4758 1917 4821 Petri
1939 4757 2053 4823 Vende·

548 4864 663 4946 banep,
694 4863 825 4927 diacono
849 4862 991 4936 distensi,
1025 4858 1165 4946 officium
1186 4858 1409 4925 tabellionatus
1431 4881 1487 4925 seu
1508 4862 1690 4926 notariatus
1713 4866 1908 4942 conferatur.
1953 4864 2050 4941 ,Fiat

650 4966 680 5030 si
700 4967 745 5030 sit
766 4963 929 5051 sufficiens
953 4966 1123 5048 a.1)....
1147 4965 1189 5030 D.
1213 4963 1369 5027 Auiuione
1399 4965 1465 5029 Vll
1482 4965 1525 5031 iil.
1549 4965 1717 5030 Februarii
1739 4987 1770 5031 a.
1792 4965 1947 5030 seeundo‘.

1494 5164 1656 5241 Aoiuione,
1679 5166 1767 5229 1344
1788 5164 1957 5229 Februarii
1980 5166 2011 5231 7.

654 5372 803 5428 Clementis
821 5372 860 5426 Vl
875 5372 961 5442 Slus
975 5372 1126 5440 (l)t.187'.
1144 5403 1176 5412 —
1198 5374 1218 5437 ¹)
1235 5371 1329 5426 littera
1346 5371 1400 5425 ista
1419 5387 1473 5424 non
1492 5379 1535 5425 est
1553 5377 1671 5440 reperta.

1342 5640 1401 5648 -——-
