5184 7050
1990 787 2054 853 643

545 1003 635 1068 etin
659 1000 779 1078 Alzeia,
803 999 1057 1082 Ratisponensis,
1088 999 1342 1081 Herbipolensis,
1365 999 1624 1078 Wormaciensis,
1659 999 1819 1080 Spirensis
1842 1005 1875 1063 11
1898 997 2057 1081 Maganti-

545 1107 659 1171 nensis
682 1105 866 1183 diocesium,
891 1104 1082 1186 quandoque
1103 1103 1196 1170 simul
1212 1109 1247 1169 et
1262 1103 1433 1186 aliquando
1456 1105 1637 1169 successive
1652 1122 1710 1185 per
1725 1102 1833 1184 plures
1856 1121 1966 1183 anuos,
1979 1105 2059 1170 alias

544 1215 654 1275 tamen
677 1209 738 1274 sibi
762 1211 912 1274 canonice
936 1208 1077 1287 collatas,
1100 1208 1205 1273 tenuit
1219 1214 1253 1273 et
1267 1207 1411 1291 possedit
1430 1206 1562 1289 pacifice
1577 1214 1611 1272 et
1626 1208 1745 1289 quiete,
1760 1207 1894 1285 tructus,
1910 1208 2056 1275 redditus

544 1321 580 1380 et
602 1319 776 1397 proventus
797 1315 978 1396 percipiens
1001 1332 1040 1378 ex
1063 1313 1193 1392 eisdem,
1208 1313 1241 1377 in
1257 1312 1369 1377 ordine
1391 1317 1498 1376 tamen
1521 1312 1696 1377 sacerdocii
1713 1313 1915 1392 constitutus
1933 1315 2054 1398 absque

546 1419 790 1501 dispensacione
813 1418 899 1499 sedis
922 1417 1097 1500 apostolice
1118 1416 1262 1499 speciali,
1293 1416 1494 1499 postmodum
1523 1435 1598 1481 vero
1629 1436 1737 1482 omnes
1768 1417 1922 1483 ecclesias
1945 1438 2055 1502 parro-

546 1523 667 1589 chiales
698 1524 900 1605 supradictas
930 1528 1133 1606 preterquam
1167 1521 1321 1587 ecclesias
1350 1520 1568 1603 parrochiales
1600 1523 1632 1586 in
1661 1521 1801 1589 Erlbach
1831 1529 1864 1587 et
1891 1526 1923 1589 in
1947 1527 2056 1592 Aineia

545 1629 647 1694 libere
679 1628 811 1707 dimisit,
842 1627 957 1693 deinde
988 1628 1209 1693 canonicatum
1239 1633 1272 1692 et
1302 1626 1494 1708 prebendam
1524 1626 1556 1692 in
1587 1626 1813 1710 Ratisponensi
1844 1635 1877 1695 et
1899 1632 2056 1712 quandam

544 1733 742 1818 prebendam
765 1732 995 1798 sacerdotalem
1018 1735 1051 1797 in
1074 1733 1216 1814 Spirensi
1240 1732 1396 1810 ecclesiis,
1419 1732 1500 1796 alias
1523 1737 1630 1797 tamen
1654 1733 1813 1812 canonice,
1841 1735 1948 1799 extitit
1971 1754 2056 1801 asse·

546 1845 650 1904 cutus.
675 1835 901 1923 Supplicami)
924 1838 1022 1920 igitur
1051 1856 1107 1901 rex
1138 1843 1170 1901 et
1200 1839 1310 1920 regina
1340 1855 1377 1901 ac
1408 1838 1540 1902 comites
1571 1836 1755 1918 supradicti,
1787 1843 1945 1919 quatenus
1976 1841 2056 1922 ipsis

546 1945 579 2008 in
603 1961 772 2026 personam
796 1944 874 2008 dicti
896 1942 1042 2026 magistri
1064 1941 1196 2008 Henrici
1219 1940 1392 2024 specialem
1415 1943 1554 2024 graciam
1578 1940 1743 2020 facientes,
1765 1942 1889 2008 fructus
1909 1960 1947 2008 ex
1963 1944 2056 2010 dictis

546 2047 694 2114 ecclesiis
716 2052 885 2131 perceptos
908 2047 1012 2112 eidem
1033 2047 1196 2112 remittere
1218 2047 1391 2130 dignemini
1413 2047 1566 2129 graciose,
1605 2064 1728 2111 omnem
1758 2046 1887 2112 infamio
1910 2048 2056 2113 1111111-

544 2152 681 2218 bilitatis
710 2152 867 2218 maculam
901 2151 969 2216 sive
998 2156 1116 2229 notam,
1136 2151 1362 2232 premissorum
1392 2155 1425 2215 et
1455 2150 1626 2217 cuiuslibet
1655 2168 1764 2215 eorum
1794 2153 1961 2217 occasione
1984 2172 2057 2218 con·

545 2262 691 2335 11111111,
717 2256 749 2321 in
771 2275 810 2321 eo
832 2254 960 2338 penitus
983 2254 1148 2333 abolendo,
1178 2273 1215 2319 ac
1245 2255 1350 2336 ipsum
1380 2256 1412 2319 in
1440 2254 1599 2336 integrum
1621 2255 1793 2320 restituere
1817 2256 1857 2320 de
1880 2257 2055 2336 apostolice

545 2361 745 2444 plenitudino
766 2361 946 2443 potestatis,
971 2377 1041 2423 cum
1062 2359 1133 2440 ipso
1156 2359 1332 2441 graciosius
1356 2359 1604 2440 dispensarent
1626 2358 1829 2424 considerata
1855 2361 1904 2426 sui
1927 2363 2053 2444 generis

545 2465 704 2547 qualitate
723 2470 756 2529 11
771 2464 922 2530 decencia
945 2465 994 2528 sui
1019 2468 1124 2527 status
1147 2464 1341 2529 commodius
1364 2462 1471 2528 valeat
1494 2463 1676 2540 sustentari,
1701 2463 1886 2548 [quatenus]
1901 2475 1926 2538 ⁰)
1950 2464 2052 2531 eccle·

545 2571 626 2635 siam
648 2566 880 2653 parrochialem
902 2568 936 2631 in
959 2566 1071 2632 Alzeia
1092 2566 1268 2648 predictam
1291 2572 1325 2631 et
1348 2566 1542 2648 prebendam
1565 2565 1661 2652 [inlll
1693 2566 1918 2649 Ratisponensi
1950 2576 1983 2634 et
2005 2588 2055 2634 sa·

546 2672 740 2739 cerdotalem
762 2671 955 2755 prebendam
978 2672 1009 2735 in
1033 2671 1175 2752 Spirensi
1199 2671 1345 2736 ecclesiis
1367 2671 1520 2753 predictis
1543 2671 1637 2736 simul
1660 2671 1766 2735 valeat
1797 2670 1884 2736 licite
1907 2674 2055 2752 retinere,

545 2797 583 2843 ac
607 2779 668 2843 sibi
692 2795 747 2842 eas
770 2795 840 2841 cum
864 2777 987 2841 iuribus
1010 2780 1044 2840 et
1066 2776 1273 2857 pertinenciis
1296 2775 1363 2840 suis
1387 2776 1545 2840 universis
1576 2776 1615 2841 de
1638 2794 1718 2841 novo
1743 2775 1896 2854 conferre,
1923 2795 2054 2843 consue·

544 2883 712 2948 tudinibus
734 2897 792 2947 seu
815 2881 946 2946 statutis
969 2881 1002 2945 in
1026 2880 1217 2964 contrarium
1240 2879 1336 2945 editis
1358 2899 1420 2945 non
1443 2880 1644 2945 obstantibus
1667 2880 1918 2962 quibuscunque,
1935 2886 2054 2948 etcum

545 2987 664 3052 ceteris
686 3005 748 3051 non
771 2985 972 3051 obstantibus
995 2988 1028 3048 et
1051 2983 1204 3050 clausulis
1228 2984 1394 3066 oportunis
1417 2990 1451 3049 et
1473 2984 1706 3049 executoribus.

651 3108 876 3186 Habilitamus,
900 3107 1110 3183 restituimus,
1132 3104 1335 3187 providemus
1366 3109 1398 3168 et
1428 3104 1650 3186 dispensamus
1679 3113 1711 3170 et
1742 3106 1864 3172 fructus
1886 3113 2054 3190 perceptos

544 3214 740 3278 remittimus
763 3212 800 3276 11

652 3336 733 3400 Item
757 3334 946 3416 supplicant,
971 3339 1128 3414 quatenus
1159 3332 1244 3396 dicto
1274 3332 1425 3414 magistro
1456 3331 1595 3396 Henrico
1625 3330 1664 3395 de
1695 3330 1890 3416 Rotemburg
1916 3335 2054 3417 eligendi

546 3440 763 3506 confessorem
787 3438 945 3515 idoneum,
969 3438 1120 3519 quociens
1142 3437 1174 3501 ei
1195 3436 1363 3520 placuerit,
1394 3437 1450 3518 qui
1476 3454 1548 3500 eum
1572 3454 1591 3499 a
1614 3437 1754 3517 peccatis
1785 3439 1851 3502 suis
1874 3440 1975 3520 possit
1998 3440 2054 3504 ab·

542 3546 670 3611 solvere
694 3551 727 3609 et
749 3544 854 3609 eidem
877 3543 975 3608 semel
991 3544 1022 3608 in
1037 3543 1149 3608 mortis
1170 3540 1304 3607 articulo
1328 3541 1493 3607 dumtaxat
1508 3541 1725 3606 remissionem
1745 3540 1869 3623 plenam
1885 3543 2052 3623 impertiri,

545 3650 724 3716 concedere
747 3647 919 3730 dignemini
941 3665 1000 3729 per
1021 3651 1145 3711 vestras
1167 3645 1292 3710 litteras
1315 3643 1510 3710 facultatem.

650 3770 724 3835 Fiat
745 3770 783 3835 R.
806 3770 850 3836 Et
872 3787 901 3850 q.
925 3774 948 3833 1.
972 3787 996 3833 1.
1021 3787 1049 3832 1.
1073 3768 1094 3833 1.
1117 3768 1189 3833 Fiat
1211 3767 1248 3833 R.
1274 3768 1312 3831 D.
1337 3767 1495 3832 Aninione
1518 3767 1567 3832 111
1592 3786 1663 3832 non.
1683 3768 1870 3833 Novembris
1884 3788 1913 3832 a.
1930 3775 2052 3841 octavo.

651 3961 802 4015 Clementis
820 3959 858 4013 VI
876 3959 903 4013 S.
921 3959 1016 4031 vlup
1036 3962 1092 4025 (18)
1109 3957 1127 4012 f.
1148 3962 1189 4012 68.
1209 3988 1241 3997 -
1268 3956 1509 4026 ι),1111111111“8.
1536 3958 1559 4023 ¹³)
1578 3956 1733 4025 ,supplicat‘
1749 3957 1865 4024 8.,1111.
1885 3958 1919 4013 ab
1939 3958 2053 4013 editore.

543 4049 607 4116 cld)
625 4048 705 4103 deest
723 4048 752 4102 in
770 4047 805 4114 8.,
824 4047 916 4116 suppl.
933 4047 968 4102 ab
987 4045 1100 4101 editore.

542 4468 667 4538 1188.
693 4466 835 4546 arram,
861 4469 1073 4532 Romanorum
1093 4471 1126 4530 et
1148 4466 1319 4530 Bobemioc
1342 4486 1408 4544 rex,
1432 4464 1603 4548 supplicat,
1620 4470 1773 4545 quaternas
1795 4464 2053 4547 ,1111111111-

543 4574 622 4640 dam
646 4572 787 4639 Comadt
809 4572 847 4636 de
876 4572 1017 4635 Wanaow
1040 4570 1078 4634 de
1100 4572 1290 4635 canonicatu
1311 4570 1459 4634 ecclesiae
1488 4568 1748 4634 Vratistavieasia
1770 4568 1826 4633 sab
1842 4568 2054 4651 expectatione

1083 4674 1284 4758 praebendae
1303 4674 1517 4758 provideatur.

1476 4795 1639 4873 Aeinione,
1661 4798 1749 4861 1349
1771 4794 1956 4860 Nooernbrr's
1977 4797 2008 4861 3.

648 4973 817 5056 Supplicat
839 4972 869 5038 S.
893 4972 931 5037 V.
956 4973 1090 5037 devotus
1112 4977 1221 5036 vester
1254 4978 1287 5036 11
1317 4976 1428 5035 sancte
1458 4970 1601 5034 Romane
1631 4970 1766 5035 ecclesie
1795 4968 1880 5036 filius
1903 4970 2052 5049 Karolus,

542 5080 760 5144 Romanorum
789 5078 982 5157 Boemicque
1016 5095 1082 5154 rex,
1116 5080 1275 5157 quatenus
1309 5076 1369 5140 sibi
1404 5077 1435 5139 in
1470 5093 1638 5157 personam
1671 5074 1781 5139 dilecti
1814 5076 1866 5140 sui
1898 5074 2054 5141 Johannis

542 5182 704 5266 quondam
739 5180 875 5247 Conradi
907 5181 947 5245 de
977 5180 1135 5261 Wansow,
1169 5181 1349 5261 presbyteri
1381 5179 1654 5244 Wratislauiensis
1693 5179 1838 5257 diocesis,
1881 5179 2053 5260 specialem

540 5288 685 5372 graciam
707 5286 873 5365 facientes,
889 5284 930 5349 de
944 5289 1100 5367 perpetuo
1124 5284 1312 5349 canonicatu
1328 5284 1463 5350 ecclesie
1480 5282 1752 5349 Wratislauiensis
1769 5302 1839 5348 cum
1856 5282 2054 5365 plenitudine

540 5394 624 5460 iuris
648 5392 791 5457 canonici
814 5390 917 5455 eidem
940 5389 1078 5454 Johanni
1101 5389 1272 5471 dignemini
1295 5389 1472 5470 providere,
1492 5388 1686 5470 prebendam
1709 5407 1796 5466 vero,
1813 5388 1841 5451 si
1857 5406 1921 5469 qua
1936 5386 2053 5453 ibidem

539 5496 718 5574 vacaverit,
741 5496 802 5578 ipsi
826 5493 1048 5559 conterendam
1072 5494 1239 5559 donacioni
1261 5492 1438 5576 apostolice
1461 5494 1631 5573 dignemini
1655 5509 1829 5570 reservare,
1847 5510 1917 5556 cum
1941 5510 2052 5573 accep·

539 5604 683 5680 tacione,
714 5599 917 5677 inhibicione,
949 5599 1177 5677 reservacione‚
1210 5598 1338 5663 decreto
1370 5605 1403 5663 et
1433 5596 1575 5662 clausula
1610 5596 1772 5676 anteferri,
1807 5614 1869 5660 non
1906 5596 2053 5661 obstante

540 5706 679 5792 opoione
702 5702 754 5769 111
776 5702 1006 5771 consuetudine
1029 5703 1255 5785 cuiuscunque,
1271 5707 1304 5767 ot
1323 5701 1407 5784 qnod
1430 5701 1535 5767 dictus
1557 5701 1720 5767 Joliannes
1735 5702 1768 5767 in
1783 5700 1895 5767 eadem
1917 5699 2054 5766 ecclesia

1897 5820 1949 5875 41*
