5184 7050
1862 824 1924 927 1oo

411 1064 562 1128 tineuciis
574 1064 642 1129 suis
654 1063 821 1128 donaciani
835 1062 1009 1144 apostolice
1022 1062 1193 1143 dignemini
1206 1082 1381 1142 reservare,
1395 1082 1465 1127 curn
1478 1063 1711 1145 acceptacione‚
1721 1066 1921 1146 inhibicione,

411 1166 543 1232 decreto
575 1172 608 1233 et
638 1166 783 1231 clausula
823 1166 985 1246 anteferri,
1016 1185 1079 1231 non
1108 1167 1266 1246 obstante,
1301 1167 1385 1250 quod
1419 1166 1502 1231 idem
1536 1166 1687 1231 Nicolaus
1718 1169 1924 1235 canonicatus

407 1277 442 1336 et
465 1270 649 1352 prebendas
679 1271 712 1334 in
740 1270 885 1336 ccelesiis
909 1270 1141 1353 Wcspriniensi
1175 1275 1208 1335 et
1239 1271 1402 1337 lauriensi
1437 1271 1634 1353 dignoscitur
1666 1272 1819 1353 obtinere,
1852 1293 1923 1339 cum

406 1376 531 1441 ceteris
554 1374 718 1453 clausulis,
741 1393 804 1439 non
827 1374 1030 1440 obstantibus
1053 1379 1086 1438 et
1108 1376 1341 1440 executoribus.

520 1670 560 1734 D.
584 1669 742 1734 Auiuione
764 1668 828 1735 VII
851 1668 893 1734 id.
917 1667 998 1734 Maii
1020 1688 1049 1735 a.
1072 1670 1184 1752 primu.

519 1838 669 1895 Clementis
687 1839 725 1894 VI
743 1837 762 1894 S
779 1838 821 1909 ll2
841 1841 879 1911 (2)
899 1839 917 1895 f.
937 1841 1005 1894 183⁵.
1026 1872 1058 1880 -
1078 1842 1098 1908 ¹)
1116 1841 1224 1896 litterae
1242 1857 1300 1896 nou
1317 1840 1430 1897 fuerunt
1446 1848 1582 1911 repertae.

414 2349 507 2412 200.
531 2344 718 2422 Lurlorricus,
742 2367 799 2411 rea
822 2347 1019 2427 Huupariae,
1043 2349 1073 2409 et
1097 2343 1238 2420 Carolus,
1262 2344 1404 2410 rnarcirio
1426 2347 1602 2425 Mareotae,
1626 2347 1818 2431 supplicant,
1844 2368 1921 2430 qua·

413 2456 503 2514 terreas
536 2451 672 2544 Hersrico
705 2451 862 2516 Thesauri
890 2451 929 2514 rte
959 2450 1168 2531 Noru'mberpa
1197 2449 1235 2514 de
1259 2450 1488 2534 praepositura
1511 2448 1660 2515 eeclesiae
1684 2451 1924 2517 Ratisboueusu's

987 2558 1122 2620 uacuam
1142 2553 1356 2637 provideatur.

1421 2656 1584 2738 Aeiuioae,
1607 2659 1693 2723 1343
1717 2658 1803 2723 Maii
1823 2661 1877 2723 10.

520 2833 709 2914 Supplicant
731 2834 761 2900 S.
785 2834 823 2898 V.
848 2834 953 2898 devoti
976 2833 1006 2899 ff.
1030 2853 1079 2897 vv.
1103 2832 1296 2911 Ludouicus,
1321 2832 1460 2914 Vngarie
1482 2851 1548 2910 rex,
1565 2837 1598 2898 et
1618 2832 1766 2911 Karalus,
1782 2833 1922 2898 marchio

415 2937 572 3015 Morauie,
603 2942 761 3018 quatenus
791 2939 839 3002 eis
869 2938 902 3001 in
928 2956 1097 3019 personam
1120 2936 1229 3002 dilecti
1252 2955 1361 3000 eorum
1383 2935 1536 3015 Heynrici
1558 2936 1715 3001 Thesauri
1739 2935 1778 3000 de
1800 2935 1924 3001 Nuren-

414 3042 502 3123 berg,
525 3041 634 3106 elerici
657 3041 903 3122 Bambergensis
927 3041 1072 3118 diocesis,
1097 3041 1262 3105 secretarii
1286 3058 1324 3103 ac
1347 3039 1454 3104 nuncii
1478 3040 1518 3103 ad
1541 3040 1641 3120 pedes
1661 3039 1691 3105 S.
1707 3038 1745 3104 V.
1763 3040 1923 3120 specialis,

415 3144 589 3227 specialem
613 3145 753 3226 graciaur
775 3143 941 3223 facientes,
965 3145 1068 3208 cidem
1092 3143 1131 3208 de
1154 3144 1358 3225 prepositura
1377 3144 1770 3224 ecclcsieRatisponensis
1787 3144 1924 3208 incuria

417 3249 447 3314 S.
471 3249 510 3313 V.
535 3255 670 3312 vacante
700 3266 739 3311 ex
769 3249 960 3329 provisione,
995 3247 1237 3313 confirmacione
1272 3252 1304 3312 et
1338 3249 1580 3312 consecracione
1614 3265 1715 3329 nuper
1748 3247 1834 3312 facta
1866 3265 1925 3328 per

416 3352 577 3416 dominum
599 3351 809 3416 Benedictunr
839 3372 955 3434 papam
985 3352 1049 3417 XII
1080 3354 1133 3434 pie
1162 3353 1322 3430 memorie,
1353 3356 1495 3415 vestrum
1525 3356 1769 3428 antecessorem,
1798 3351 1922 3416 domino

415 3454 579 3519 Friderico
602 3455 642 3518 de
665 3455 851 3538 episcopatu
875 3457 1017 3524 eiusdem
1041 3456 1175 3521 ecclesie
1197 3455 1451 3537 Ratisponensis,
1476 3454 1527 3518 vel
1555 3454 1636 3518 alias
1659 3454 1923 3537 qualitercunque

417 3559 504 3624 dicta
526 3560 729 3641 prepositura
751 3565 844 3626 vacet
865 3563 898 3625 in
922 3561 1011 3626 curia
1040 3561 1070 3627 S.
1094 3562 1144 3639 V.,
1169 3560 1340 3642 dignemini
1371 3559 1547 3641 providere,
1583 3578 1654 3623 cum
1688 3560 1922 3640 acceptatione,

420 3664 623 3740 inhibitione,
641 3664 779 3742 decreto,
797 3684 866 3729 cum
890 3665 1035 3732 omnibus
1058 3684 1119 3730 non
1143 3666 1344 3730 obstantibus
1363 3670 1396 3729 ct
1412 3663 1564 3729 clausulis
1580 3663 1745 3744 oportunis
1761 3668 1794 3727 ct
1809 3681 1925 3727 execu-

418 3768 552 3845 toribus,
586 3786 649 3830 uon
682 3768 839 3844 obstante,
875 3768 959 3851 quod
994 3770 1026 3834 in
1059 3770 1196 3834 ecclesia
1230 3770 1333 3833 sancti
1364 3768 1452 3833 Petri
1483 3766 1923 3846 inB1·unna,Olomucensis

419 3872 566 3950 diocesia,
591 3871 811 3937 canonicatum
835 3878 867 3937 et
889 3872 1084 3955 prebendam
1107 3873 1230 3937 obtinet
1252 3878 1284 3937 at
1308 3873 1340 3936 in
1363 3872 1499 3938 ecclesia
1522 3877 1633 3936 sancte
1655 3870 1759 3936 Maris
1786 3871 1818 3934 iu
1848 3870 1924 3935 Glo-

419 3976 522 4056 gouia,
547 3974 824 4040 Wratislauiensis
848 3976 994 4054 diocesis,
1019 3976 1219 4042 scolastriam
1243 3976 1274 4040 in
1297 3975 1355 4041 lite
1387 3976 1529 4041 noscitur
1558 3976 1711 4052 obtinere,
1743 3993 1837 4057 quam
1866 3994 1924 4056 pa·

418 4083 508 4143 ratus
527 4082 579 4143 est
593 4078 764 4157 dimittere,
779 4084 949 4161 postquam
963 4081 1198 4162 possessionem
1213 4078 1380 4162 pacificam
1395 4079 1481 4145 dicte
1499 4079 1701 4160 prepositure
1724 4083 1922 4158 assequetur,

419 4199 542 4244 necnon
565 4182 649 4262 quod
672 4200 730 4262 per
752 4182 878 4249 litteras
894 4184 924 4249 S.
942 4185 978 4248 V.
996 4185 1217 4249 canonicatum
1232 4189 1265 4248 et
1280 4183 1474 4266 prebendam
1497 4185 1530 4249 iu
1553 4182 1639 4248 dicta
1662 4182 1799 4246 ecclesia
1817 4181 1924 4245 Ratis-

420 4286 554 4366 poncnsi
577 4283 674 4349 habet
698 4292 876 4374 expectare.
890 4287 915 4369 ¹)
1404 4370 1407 4374 ¹

523 4389 597 4455 Fiat
620 4389 657 4453 R.
690 4391 733 4456 Et
756 4409 784 4472 q.
808 4396 832 4455 t.
856 4409 881 4455 s.
905 4411 933 4456 a.
957 4391 978 4456 l.
1010 4391 1084 4458 Fiat
1107 4391 1143 4456 R.
1168 4393 1207 4457 D.
1231 4392 1389 4457 Auinione
1413 4392 1457 4458 VI
1480 4390 1521 4455 id.
1546 4390 1626 4454 Maii
1649 4409 1677 4454 a.
1701 4390 1811 4471 primo.

524 4560 673 4616 Clementis
692 4561 730 4614 VI
749 4561 766 4615 S
785 4562 826 4632 lit
847 4565 884 4631 (⁶2)
905 4563 922 4617 f.
944 4569 1000 4617 164.
1019 4594 1052 4601 -
1074 4564 1093 4629 ¹)
1112 4562 1173 4618 ride
1197 4581 1222 4617 n.
1243 4569 1301 4616 140.

422 5015 513 5081 201.
552 5013 687 5078 Hearico
724 5014 881 5079 Thesauri
893 5100 895 5106 Ι
917 5015 954 5078 de
987 5015 1194 5096 Noriraberpa
1227 5015 1414 5097 providetur
1450 5015 1489 5080 de
1520 5015 1745 5098 praepositura
1779 5013 1926 5079 ecetmiae

529 5170 566 5185 -
782 5118 1020 5198 Ratisboueasis
1043 5123 1186 5183 vacante.
1231 5119 1348 5183 dbrura
1371 5119 1464 5183 utin
1486 5141 1515 5183 a.
1540 5121 1570 5183 9.

466 5273 513 5359 ,ἱ
530 5272 576 5359 ἱ.
1422 5275 1585 5351 lainam,
1609 5278 1694 5340 rara
1719 5275 1805 5340 Marc
1826 5278 1878 5342 ro.

525 5450 563 5513 D.
580 5448 601 5514 f.
618 5448 779 5528 Hcynrico
790 5452 816 5528 ⁸)
839 5449 1046 5514 Thesaurarii
1062 5448 1102 5511 ‹le
1117 5449 1314 5531 Nurenberg,
1331 5450 1493 5531 preposito
1514 5449 1650 5514 ecclesie
1672 5449 1927 5532 Ratisponensis,

423 5571 446 5618 s,
470 5558 530 5618 etc.
555 5552 749 5633 Multiplicia
771 5558 827 5618 tue
850 5554 1083 5634 probitatis...
1099 5604 1106 5617 .
1130 5552 1259 5618 Dudum
1282 5553 1439 5636 siquidem
1454 5553 1474 5618 f.
1491 5574 1516 5617 r.
1533 5553 1727 5619 Benedictus
1751 5573 1836 5637 papa
1851 5553 1923 5632 x11,

425 5657 632 5739 predecessor
666 5662 784 5735 noster,
819 5675 926 5720 ornnes
964 5656 1147 5738 dignitates,
1181 5662 1372 5738 personatus
1396 5662 1428 5722 et
1451 5656 1555 5722 officia
1579 5663 1749 5739 ceteraque
1771 5657 1926 5723 beneficia

424 5761 641 5830 ecclesiastica
665 5766 740 5825 tunc
764 5761 848 5843 apud
873 5760 980 5825 sedeur
1004 5762 1213 5843 apostolicam
1229 5762 1381 5826 vacancia
1396 5768 1429 5826 et
1444 5763 1575 5826 inantea
1590 5766 1744 5826 vacatura
1761 5762 1926 5828 collacioni
