5184 7050
1892 829 1933 895 73

399 1034 518 1101 129.
542 1034 685 1099 Martiae
708 1032 855 1099 Meibaei
876 1030 952 1097 Albi
968 1031 1154 1113 providetur
1176 1030 1214 1095 de
1235 1026 1380 1110 beneficio
1403 1046 1473 1090 cum
1502 1028 1550 1092 oel
1577 1031 1646 1094 sinc
1676 1053 1764 1109 cura,
1796 1038 1931 1099 vacante

534 1137 583 1203 cel
604 1143 766 1213 vocaturo,
790 1136 833 1202 ad
856 1136 1053 1202 collationem
1075 1134 1214 1219 episcopi
1237 1133 1420 1214 Prcpeosis.
1465 1133 1581 1199 bema
1603 1139 1640 1198 ut
1660 1136 1696 1201 io
1717 1159 1747 1204 o.
1773 1140 1824 1202 76.

488 1345 514 1485 1¹1
1335 1360 1498 1443 Aoioione,
1520 1365 1607 1428 1342
1630 1363 1815 1429 Novembris
1837 1368 1889 1430 20.

565 1640 572 1654 .
596 1590 616 1654 l.
641 1589 781 1654 Maltino
804 1587 926 1652 Mathei
949 1587 1033 1665 Albi,
1057 1586 1251 1651 subdiacono
1275 1587 1437 1668 Pragensi,
1462 1607 1486 1652 s.
1511 1594 1571 1653 etc.
1596 1588 1722 1655 Meritis
1745 1595 1801 1654 tue
1828 1590 1935 1672 probi-

404 1695 528 1759 tatis.
547 1745 553 1758 .
571 1745 604 1759 ..
627 1693 780 1760 Volentes
802 1693 911 1774 itaque
933 1692 992 1756 tibi
1015 1709 1045 1771 p.
1069 1709 1110 1754 ιιι.
1134 1696 1157 1754 t.
1182 1691 1202 1754 i.
1226 1710 1255 1773 g.
1279 1690 1300 1754 f.
1322 1690 1563 1770 a.,beneliciu1u
1585 1695 1839 1759 ecclesiasticum
1863 1713 1932 1759 curn

409 1818 505 1863 cura
529 1799 579 1863 vel
602 1799 670 1863 sine
693 1816 780 1875 cura,
804 1798 895 1862 cuius
917 1797 1051 1875 fructus,
1073 1815 1099 1859 r.
1123 1800 1156 1860 et
1178 1814 1219 1876 p.,
1244 1796 1272 1859 si
1295 1814 1366 1859 cum
1390 1815 1476 1874 cura,
1493 1796 1714 1879 quadraginta,
1731 1799 1849 1863 sivero
1866 1799 1935 1863 sine

413 1922 505 1968 cura
524 1903 632 1981 fuerit,
648 1903 902 1984 vigintiquinque
923 1900 1125 1965 marcharum
1148 1901 1271 1983 argenti
1296 1919 1320 1966 s.
1345 1907 1367 1966 t.
1389 1901 1418 1964 d.
1435 1901 1573 1966 valorem
1599 1920 1737 1966 annuunt
1759 1922 1821 1967 nou
1845 1922 1935 1968 erce·

414 2007 516 2086 «lant,
541 2012 691 2088 spectans
722 2005 763 2070 ad
797 2005 1011 2083 collacionern,
1035 2023 1123 2086 prov.
1147 2022 1204 2069 seu
1228 2023 1257 2086 q.
1281 2022 1310 2068 a.
1334 2005 1363 2068 d.
1387 2024 1416 2068 v.
1440 2005 1460 2070 f.
1485 2025 1515 2070 n.
1533 2056 1564 2069 ..
1589 2006 1731 2087 episcopi
1754 2008 1934 2089 Pragensis,

419 2112 454 2174 si
487 2111 573 2193 qnod
603 2111 635 2175 iu
666 2110 812 2188 ecclesia,
844 2109 974 2172 civitate
1004 2108 1055 2171 vel
1087 2108 1206 2172 diocesi
1237 2109 1390 2190 Pragensi
1419 2117 1514 2175 vacat
1544 2112 1584 2175 ad
1614 2130 1756 2193 presens,
1781 2113 1831 2176 vel
1863 2131 1935 2177 curn

419 2215 675 2294 vacaverit...
694 2264 701 2278 .
733 2213 956 2278 conferendum
982 2212 1065 2277 tibi.
1084 2262 1090 2276 .
1108 2262 1115 2275 .
1134 2262 1140 2275 .
1165 2212 1194 2276 d.
1219 2231 1248 2276 a.
1271 2229 1472 2279 reservamus
1489 2266 1496 2278 .
1514 2266 1520 2279 .
1539 2265 1545 2279 .
1564 2267 1570 2280 .
1619 2217 1656 2280 D.
1680 2217 1838 2280 Auinione
1872 2215 1935 2281 XII

424 2317 492 2382 kal.
518 2318 703 2382 Decembris
727 2337 756 2382 a.
778 2318 890 2400 primo.

534 2425 573 2488 ln
595 2442 623 2487 e.
639 2442 679 2487 m.
696 2442 724 2486 v.
740 2421 762 2486 f.
778 2473 786 2486 .
805 2472 812 2484 .
836 2422 986 2503 episcopo
1009 2421 1206 2504 lbisingensi
1229 2427 1261 2485 et
1284 2421 1335 2485 dd.
1353 2420 1384 2486 u.
1402 2473 1408 2486 .
1427 2475 1434 2486 .
1451 2424 1560 2488 abbati
1583 2425 1767 2490 rnunasterii
1782 2426 1814 2489 in
1831 2423 1934 2489 Walt-

430 2526 575 2606 sachseu,
598 2526 841 2607 Ratisponeusls
873 2525 1021 2604 diocesin,
1045 2544 1082 2589 ac
1099 2575 1130 2589 ..
1154 2525 1318 2606 preposito
1352 2525 1488 2591 ecclesie
1522 2528 1692 2610 Pragensis
1724 2547 1748 2592 s,
1773 2533 1833 2593 etc,
1852 2579 1858 2593 .
1876 2579 1882 2592 .
1902 2579 1934 2593 ..

431 2633 469 2696 l).
493 2638 529 2695 ut
552 2650 577 2696 S.

534 2822 683 2876 Clementis
702 2821 741 2875 VI
754 2824 778 2873 A
791 2823 833 2892 Iss
846 2824 901 2891 (61)
916 2821 934 2875 l.
947 2822 1007 2874 486'
1021 2837 1047 2873 n.
1059 2825 1119 2887 460,
1133 2820 1166 2875 de
1181 2820 1322 2875 beneflciis
1337 2820 1472 2875 vacaturis
1487 2838 1531 2889 qu.
1545 2827 1578 2875 20
1590 2840 1622 2873 :
1632 2821 1664 2875 V.
1680 2821 1757 2875 11111.
1772 2828 1823 2876 319
1836 2838 1861 2875 n.
1876 2827 1935 2875 460.

433 3312 523 3377 130.
557 3308 693 3373 Henrieo
727 3307 765 3372 de
795 3309 879 3391 [ἐρα
907 3307 1093 3389 providetur
1122 3308 1161 3372 de
1191 3309 1382 3373 canonicatu
1410 3307 1559 3372 ecclesiae
1589 3307 1850 3374 l'ratislcoieoeis
1878 3309 1935 3374 sub

774 3412 987 3496 expectatione
1005 3411 1214 3494 praebendae.
1260 3413 1376 3476 Formo
1399 3415 1435 3475 ot
1456 3412 1491 3476 io
1513 3434 1543 3476 o,
1567 3415 1597 3477 6.

484 3597 573 3684 ’ἶ

473 3631 585 3685 .Χ.

1333 3612 1496 3690 coccione,
1518 3614 1606 3678 1342
1629 3611 1814 3678 Novembris
1835 3614 1888 3679 20.

534 3835 573 3899 D.
597 3833 618 3899 l.
641 3832 792 3911 Henrico,
815 3837 890 3896 nato
914 3832 1072 3913 quondam
1095 3829 1250 3895 Johannis
1273 3829 1313 3893 de
1336 3829 1428 3910 Lipu,
1451 3831 1602 3895 canonico
1621 3830 1891 3911 Wratislauiensi,
1909 3848 1934 3895 s.

431 3944 489 4003 etc.
513 3939 688 4004 Probitatis
711 3943 744 4001 et
766 3938 919 4002 virtutum
942 3936 1056 4001 merita
1072 3985 1078 3999 .
1097 3985 1103 3998 .
1121 3985 1153 3999 ..
1177 3934 1261 3999 Hinc
1284 3937 1345 4012 est,
1361 3934 1445 4015 quod
1465 3953 1532 4010 nos,
1548 3934 1692 3999 volentes
1706 3935 1776 4014 tibi,
1792 3954 1849 4016 pro
1873 3953 1935 4017 quo

431 4044 532 4108 eciam
548 4064 576 4107 v.
593 4042 615 4108 f.
631 4062 697 4106 n...
722 4042 891 4122 episcopus
907 4039 1185 4104 Wratislauiensis
1200 4037 1292 4102 nobis
1309 4056 1405 4118 super
1419 4037 1478 4102 lroc
1486 4050 1511 4118 ⁸)
1519 4037 1683 4103 humiliter
1698 4039 1899 4121 supplicavit,
1910 4036 1935 4120 ¹)

429 4165 459 4226 p.
481 4167 524 4211 ιιι.
547 4154 571 4212 t.
595 4148 615 4211 i.
638 4166 668 4229 g.
691 4146 712 4211 f.
738 4164 774 4225 s,
798 4145 1021 4210 canonicatum
1044 4141 1179 4208 ecclesie
1202 4141 1476 4206 Wratislaniensis
1511 4162 1536 4207 c.
1559 4163 1590 4225 p.
1615 4144 1634 4207 i.
1661 4162 1686 4208 c.
1711 4163 1739 4208 a.
1762 4149 1785 4207 t,
1811 4162 1839 4207 a.
1864 4160 1937 4206 con-

429 4251 561 4316 ferimus
584 4258 617 4316 et
640 4252 680 4316 de
703 4250 758 4315 illo
783 4250 884 4314 eciam
907 4248 1119 4331 providemus
1147 4246 1340 4328 prebendam
1370 4266 1455 4325 vero,
1486 4246 1513 4310 si
1544 4266 1608 4328 qua
1637 4248 1669 4311 in
1700 4248 1836 4313 ecclesia
1866 4247 1937 4329 ipsa

428 4361 524 4419 vacat
540 4355 581 4419 ad
596 4372 740 4437 presens,
752 4353 802 4418 vel
819 4372 889 4419 euru
906 4352 1083 4416 vacaverit.
1095 4402 1102 4415 .
1115 4400 1138 4414 ..
1156 4350 1378 4415 conferendam
1394 4351 1469 4415 tibi.
1481 4401 1488 4415 .
1499 4400 1523 4415 ..
1540 4351 1570 4416 d.
1588 4370 1616 4415 a.
1633 4369 1835 4416 reservamus
1837 4400 1916 4415 .....
1927 4369 1935 4428 ;

428 4478 491 4524 non
515 4459 791 4524 obstantibus...
812 4509 819 4521 .
844 4476 900 4522 seu
924 4456 1008 4538 qued
1031 4456 1063 4518 in
1087 4454 1239 4536 Prsgensi
1259 4452 1396 4518 ecclesia
1412 4473 1509 4535 super
1524 4455 1711 4519 canonicatu
1727 4460 1760 4518 et
1775 4454 1938 4535 prebenda

427 4562 619 4627 vacantibus
634 4561 685 4626 vel
702 4562 863 4626 vacaturis
881 4561 912 4624 in
934 4558 1065 4640 speciali
1088 4557 1196 4640 gracia
1218 4563 1345 4621 nostras
1368 4558 1494 4623 litteras
1517 4558 1684 4623 obtinuisti
1707 4564 1739 4622 et
1762 4558 1938 4639 capitulum
2029 4588 2034 4598 ·

427 4666 566 4732 ecclesie
589 4666 874 4748 wissegradensis,
899 4663 1070 4746 Prsgensis
1093 4661 1240 4739 diocesis
1264 4667 1296 4725 te
1321 4662 1352 4725 in
1376 4662 1447 4741 ipsa
1470 4662 1606 4727 ecclesia
1625 4662 1882 4744 wissegradensi
1905 4663 1937 4726 iu

426 4772 617 4835 canonicum
647 4775 837 4850 receperunt
868 4774 900 4832 et
930 4768 963 4831 in
994 4767 1123 4831 fratrem
1128 4815 1233 4829 .....
1280 4765 1319 4828 D.
1343 4765 1501 4830 Aninioue
1525 4765 1587 4831 XII
1611 4765 1674 4830 kal.
1699 4766 1885 4830 Decembris
1907 4784 1935 4831 a.

423 4877 540 4960 primo.

535 4980 572 5044 In
603 4998 630 5043 e.
654 4997 695 5042 m.
719 4977 771 5042 do.
795 4976 876 5042 11...
899 4977 1062 5058 preposito
1094 4975 1251 5052 Senensis
1282 4974 1453 5055 Pragensis
1485 4974 1630 5052 diocesia,
1661 4992 1698 5036 ac
1727 4972 1867 5038 iohanni
1898 4976 1937 5040 de

423 5084 577 5163 Pistorio,
607 5081 870 5162 batestaniae)
884 5108 886 5111 ⁴
901 5087 934 5145 et
964 5080 1071 5158 Velco,
1103 5078 1273 5161 Pragensis
1306 5080 1466 5143 canonicis
1497 5078 1704 5143 ecclesiarum
1728 5098 1752 5142 s.
1777 5085 1827 5142 etc
1830 5129 1936 5143 .....

422 5192 467 5256 D.
493 5194 530 5253 ut
553 5207 577 5251 s

534 5376 683 5430 Clementia
702 5375 740 5429 v1
760 5376 784 5428 A
802 5374 862 5443 Illa
881 5377 936 5439 (70)
956 5372 974 5426 f.
995 5380 1041 5425 111
1062 5389 1088 5425 ιι.
1112 5377 1184 5438 lull,
1197 5371 1231 5425 de
1250 5371 1417 5439 praebendis
1436 5372 1572 5426 vacaturis
1585 5388 1630 5439 qu.
1644 5377 1677 5423 50
1691 5390 1723 5422 :
1737 5370 1768 5422 V.
1784 5375 1833 5423 lob
1846 5370 1864 5423 f.
1880 5372 1937 5423 193¹

420 5483 452 5520 n.
475 5470 552 5519 1041.
570 5495 604 5503 -
623 5463 810 5531 Registratum
828 5462 856 5514 in
875 5460 975 5514 ZVGA
993 5458 1150 5513 Schlesiens
1170 5458 1255 5524 XXV,
1274 5464 1333 5512 295.
1354 5490 1386 5499 -
1405 5462 1430 5525 ι)
1452 5475 1546 5527 ,super
1564 5457 1624 5512 boc‘
1643 5457 1800 5527 suppletum
1819 5458 1847 5510 in
1866 5472 1937 5511 mar·

420 5554 491 5623 gine
511 5553 544 5604 Α.
571 5551 596 5617 b)
614 5548 752 5617 ,diocesis‘
771 5547 950 5601 cancellatum
969 5549 1002 5600 n,
1022 5578 1055 5586 —
1076 5548 1096 5613 ¹)
1116 5544 1282 5614 supplicatio
1301 5546 1355 5599 ista
1373 5561 1428 5599 non
1447 5553 1491 5600 est
1508 5553 1628 5614 reperta.
