5184 7050
2003 883 2067 948 ⁷45

552 1082 632 1147 talia
656 1083 715 1148 sub
739 1083 944 1147 connivencia
966 1083 1133 1164 preterire,
1154 1084 1257 1165 ipsum
1273 1083 1439 1149 Nicolaum
1456 1084 1486 1148 in
1504 1085 1630 1165 publico
1646 1088 1842 1152 diversorum
1857 1089 2064 1169 prelatorum,

552 1187 707 1252 nobilium
730 1191 763 1250 et
785 1187 980 1252 sindicorum
1003 1187 1167 1254 civitatum
1190 1194 1222 1251 et
1246 1187 1377 1252 aliarum
1401 1194 1557 1253 terrarum
1580 1193 1743 1272 provincie
1766 1193 1947 1272 patrimonii
1978 1194 2064 1259 beati

549 1292 639 1356 Petri
674 1293 706 1356 in
739 1292 856 1356 Tuscia
889 1291 1097 1373 parlamento,
1131 1293 1216 1374 apud
1250 1291 1574 1375 Montcmdasconem,
1613 1295 1877 1378 Balneoregcnsis
1916 1297 2063 1378 diocesis

548 1401 723 1479 propterea
758 1401 957 1479 congregata,
993 1398 1186 1461 auctoritate
1220 1398 1416 1478 quarundam
1450 1398 1630 1463 litterarum
1664 1406 1852 1478 nostrarum,
1892 1407 1987 1482 prout
2024 1422 2062 1466 ex

550 1519 661 1566 earum
692 1501 794 1565 forma
823 1506 958 1582 poterat,
990 1502 1103 1565 citavit
1133 1518 1190 1580 por
1220 1501 1345 1582 publice
1376 1503 1540 1567 citacionis
1571 1503 1719 1580 edictum,
1751 1509 1787 1569 ut
1817 1523 1926 1588 coram
1949 1506 2061 1571 eodem

552 1605 743 1682 Bertrando,
768 1606 928 1687 episcopo,
964 1605 1049 1687 apud
1084 1605 1202 1670 dictum
1236 1606 1357 1671 locum·
1378 1606 1649 1672 Montisflasconis
1682 1610 1714 1673 in
1749 1613 1835 1673 certo
1871 1603 2063 1691 competenti

553 1711 767 1792 peremptorio
796 1709 930 1774 terruiuo
954 1709 1143 1791 quibusdam
1166 1710 1309 1775 articulis
1340 1711 1538 1793 sapientibus
1561 1711 1708 1791 heresim,
1733 1712 1773 1776 de
1796 1712 1911 1794 quibus
1934 1719 2005 1778 erat
2027 1720 2063 1780 ut

551 1815 752 1896 premittitur
773 1814 979 1878 vehementer
1002 1819 1172 1895 suspectus
1195 1819 1227 1877 et
1249 1815 1334 1895 apud
1357 1833 1428 1879 cum
1453 1819 1485 1879 et
1506 1817 1622 1880 multas
1638 1835 1753 1898 graves
1767 1835 1920 1900 personas
1936 1817 2063 1899 publice

549 1917 745 1996 diffamatus,
770 1918 984 2000 personaliter
1006 1927 1213 2000 compareret,
1236 1919 1418 1983 huiusmodi
1448 1919 1591 1984 articulis
1614 1939 1825 2002 responsurus
1848 1924 2010 2004 suamque,
2035 1925 2062 1988 si

549 2027 670 2105 posset,
695 2041 791 2105 super
814 2021 966 2104 predictis
981 2022 1197 2086 innocentiam
1214 2021 1402 2088 ostensurus
1419 2029 1451 2087 et
1467 2023 1547 2088 alias
1563 2026 1595 2089 in
1610 2025 1754 2106 predicto
1771 2026 1902 2108 negocio
1918 2027 2062 2092 facturus

547 2132 582 2190 ot
605 2132 804 2208 recepturus
829 2126 913 2210 quod
936 2126 1012 2191 ordo
1036 2127 1178 2208 exigeret
1199 2127 1347 2205 racionis,
1374 2127 1481 2192 debita
1505 2130 1687 2205 securitate,
1721 2134 1757 2193 ut
1786 2129 1903 2194 nullam
1927 2150 2060 2196 excusa·

546 2232 671 2297 cionem
703 2237 814 2314 posset
848 2231 1047 2313 pretendere,
1083 2230 1145 2297 sibi
1175 2249 1327 2296 concessa
1360 2251 1415 2312 per
1438 2233 1621 2314 episcopum
1644 2233 1873 2314 supradictum.
1920 2236 1963 2300 llt
1984 2235 2062 2301 licet

545 2335 654 2401 dictus
677 2336 829 2402 Nicolaus
853 2336 885 2400 in
907 2334 1028 2417 prefixa
1040 2339 1065 2416 ⁸)
1089 2336 1150 2399 sibi
1174 2338 1309 2400 termino
1333 2355 1515 2416 comparere
1538 2341 1595 2400 aut
1618 2337 1764 2418 aliquem,
1789 2337 1843 2419 qui
1867 2339 1936 2402 eius
1964 2358 2058 2405 excu-

546 2446 639 2504 saret
661 2439 852 2518 subsannium,
876 2441 1093 2504 transmittere
1114 2459 1177 2503 uon
1200 2446 1355 2516 curasset,
1380 2459 1417 2504 ac
1441 2447 1611 2522 propterea
1627 2442 1771 2523 prelatus
1788 2442 1957 2523 episcopus
1972 2441 2061 2509 illum

546 2548 742 2624 reputasset,
778 2549 873 2625 prout
908 2549 987 2621 erat,
1022 2544 1125 2626 quoad
1149 2550 1256 2609 actum
1278 2543 1469 2621 huiusmodi,
1495 2544 1641 2626 exigente
1664 2544 1801 2621 iusticia,
1826 2551 2058 2613 contumacem:

545 2647 659 2711 volens
682 2653 789 2712 tamen
813 2648 982 2729 episcopus
1005 2649 1074 2729 ipse
1098 2648 1271 2713 clementer
1293 2647 1378 2712 ultra
1401 2666 1459 2711 sua
1481 2648 1595 2712 merita
1619 2667 1689 2713 cum
1711 2649 1844 2713 Nicolao
1867 2668 1962 2732 agere
1994 2669 2058 2716 me·

546 2758 683 2828 morato,
709 2752 812 2832 ipsum
835 2756 908 2832 post
931 2752 1049 2816 dictum
1072 2753 1240 2816 terminum
1265 2751 1306 2815 ad
1330 2751 1574 2816 convincendam
1606 2752 1675 2816 eius
1710 2752 1868 2817 maliciam
1901 2771 1959 2834 per
1992 2753 2059 2818 dies

547 2855 683 2937 aliquos,
707 2857 894 2939 priusquam
918 2857 957 2921 ad
981 2855 1202 2937 proferendam
1224 2855 1256 2920 in
1279 2874 1353 2921 eum
1374 2860 1505 2937 propter·
1520 2855 1673 2936 prefatam
1691 2856 1919 2921 contumaciam
1936 2874 2059 2921 ercom-

545 2960 775 3025 municacionis
810 2961 1004 3025 sentenciam
1037 2961 1234 3043 procederet,
1270 2961 1459 3040 expectavit.
1507 2958 1548 3023 Et
1582 2959 1657 3041 quia
1690 2958 1774 3023 idern
1798 2960 1951 3025 Nicolaus
1975 2979 2059 3026 com·

546 3082 664 3145 parere
687 3084 791 3129 coram
814 3065 883 3146 ipso
907 3066 1056 3147 episcopo
1080 3065 1111 3127 in
1135 3064 1220 3129 dicto
1244 3069 1348 3128 castro
1372 3061 1640 3127 Montisflasconis
1664 3070 1696 3128 et
1718 3066 1751 3127 in
1767 3063 1864 3142 Urbe,
1888 3065 1942 3130 ubi
1956 3065 2058 3130 eciam

545 3169 746 3250 presenciam
769 3169 839 3234 eius
862 3171 1020 3250 potuisset
1040 3167 1171 3245 habere,
1196 3169 1424 3232 contumaciter
1454 3169 1631 3232 recusavit:
1662 3167 1744 3231 idem
1776 3168 1954 3249 episcopus,
1987 3170 2057 3234 eius

547 3272 799 3338 inobedienciam
822 3279 856 3337 et
879 3273 1049 3354 superbam
1073 3273 1303 3337 contumaciam
1326 3272 1447 3352 absquo
1469 3272 1557 3354 gravi
1581 3270 1700 3336 oflensa
1722 3271 1774 3336 dei
1799 3278 1831 3337 et
1854 3272 1938 3337 dicte
1970 3273 2056 3339 sedis

546 3374 755 3456 displicencia
784 3396 846 3441 uon
876 3376 986 3441 volens
1016 3376 1152 3458 amplius
1178 3375 1327 3453 tolerare,
1352 3376 1383 3438 in
1405 3377 1515 3456 ipsum·
1531 3374 1707 3452 Nicolaum,
1732 3374 1777 3438 sic
1801 3380 1837 3439 ut
1858 3377 2056 3457 premittitur

547 3481 580 3546 in
603 3480 688 3547 iacto
712 3480 787 3546 fidei
810 3486 1036 3559 contumacem,
1061 3485 1191 3562 propter
1213 3479 1314 3562 ipsius
1338 3479 1574 3557 contumaciam,
1599 3481 1746 3564 exigente
1770 3480 1906 3558 iusticia,
1931 3498 2054 3545 excom·

545 3586 772 3651 municacionis
795 3587 988 3651 sentenciam
1010 3585 1231 3669 promulgavit.
1254 3584 1458 3648 Postmodum
1481 3602 1555 3647 vero
1578 3585 1607 3648 b.
1625 3604 1664 3649 m.
1682 3585 1868 3661 Anibaldus,
1886 3586 2056 3666 episcopus

545 3690 756 3768 Tusculanus,
780 3692 812 3755 in
835 3690 929 3755 dictis
951 3691 1097 3771 partibus
1121 3689 1295 3769 apostolice
1319 3687 1405 3752 sedis
1428 3688 1562 3769 legatus,
1586 3688 1687 3770 ipsius
1704 3690 1896 3754 continuatis
1912 3689 2054 3753 eiusdem

545 3794 718 3860 Bertrandi
742 3795 883 3878 episcopi
906 3795 1118 3877 processibus,
1143 3792 1324 3874 superbiis
1346 3792 1439 3858 lactis
1463 3798 1496 3856 et
1518 3792 1647 3870 habitis,
1664 3793 1802 3873 receptis
1818 3811 1943 3874 quoque
1959 3810 2057 3875 super

544 3898 610 3963 hiis
625 3900 789 3980 oportunis
805 3900 1047 3983 probacionibus
1063 3904 1096 3963 et
1110 3900 1189 3963 alias
1205 3898 1284 3963 iuris
1300 3897 1409 3961 ordine
1426 3897 1602 3974 observato,
1619 3896 1930 3975 dictumNicolaum,
1947 3898 2001 3977 qui
2018 3886 2051 3961 in

544 4002 727 4068 huiusmodi
744 4004 942 4068 contumacia
958 4022 1015 4084 per
1033 4022 1149 4068 annum
1163 4010 1196 4067 et
1210 4002 1346 4084 amplius
1362 4003 1547 4083 perstiterat
1562 4002 1665 4065 auimo
1686 4002 1842 4079 indurato,
1858 4000 1947 4065 velut
1961 3999 2054 4065 here·

545 4108 646 4172 ticum
670 4127 728 4189 per
750 4106 949 4173 diffinitivam
973 4109 1176 4187 sentenciam,
1197 4127 1259 4190 que
1274 4106 1361 4171 nulla
1377 4105 1595 4188 appellacione
1611 4123 1766 4188 suspensa
1783 4106 1816 4169 in
1838 4123 1906 4169 rem
1927 4103 2057 4170 transiit

545 4211 729 4289 iudicatam,
761 4212 1004 4295 condempnavit
1034 4217 1067 4276 at
1097 4212 1272 4278 declaravit
1301 4210 1437 4275 eundem
1459 4213 1610 4291 tanquam
1633 4209 1807 4273 hereticum
1831 4208 2055 4291 deputandum,

544 4320 643 4397 prout
658 4316 688 4378 in
704 4316 906 4396 processibus
922 4321 955 4379 et
970 4316 1141 4381 sentenciis
1158 4315 1272 4380 exinde
1287 4314 1380 4378 lactis
1397 4318 1430 4377 et
1451 4312 1535 4390 latis,
1560 4331 1640 4393 quos
1663 4318 1695 4376 ct
1719 4329 1797 4393 quas
1820 4318 1973 4393 tanquam
1994 4312 2056 4376 rite

543 4418 673 4482 habitos
697 4423 730 4482 ct
751 4419 834 4483 latas
857 4424 943 4483 ratas
966 4424 999 4483 et
1020 4425 1128 4500 gratas
1144 4418 1298 4482 habentes
1314 4436 1352 4482 ex
1377 4422 1464 4481 certa
1486 4417 1624 4480 sciencia
1647 4416 1794 4479 duximus
1817 4414 2054 4493 confirmandos,

543 4521 672 4604 plenius
703 4523 890 4588 continetur.
936 4522 984 4588 Ne
1015 4524 1112 4604 igitur
1141 4522 1345 4603 dampnatum
1377 4526 1498 4585 statum
1529 4520 1671 4585 eiusdem
1702 4519 1835 4597 Nicolai‚
1859 4520 1913 4600 qui
1936 4520 1969 4584 in
1992 4518 2055 4583 illis

542 4624 691 4707 partibus
713 4625 830 4691 dicitur
850 4626 989 4705 latitare,
1013 4627 1228 4691 sinceritatem
1258 4631 1367 4690 vestre
1397 4624 1472 4689 fidei
1503 4625 1556 4689 diu
1580 4624 1681 4689 latore
1705 4625 1876 4705 contingat,
1901 4622 1958 4688 aed
1980 4623 2055 4687 sim·

542 4728 646 4812 plicas
669 4728 742 4794 fidei
766 4730 923 4795 zelatores
946 4732 1074 4795 caucius
1104 4730 1232 4794 valeant
1254 4729 1506 4794 abhominabiles
1530 4730 1598 4794 eius
1629 4730 1792 4793 versucias
1823 4728 1955 4805 evitare,
1986 4728 2055 4792 uni·

542 4833 693 4898 versitati
723 4840 830 4899 vestre
853 4854 910 4917 per
932 4835 1107 4918 apostolica
1131 4836 1250 4916 scripta
1275 4835 1469 4912 mandamus,
1493 4839 1651 4915 quatenus
1682 4832 1797 4914 singuli
1828 4837 1967 4895 vestrum
1998 4849 2055 4913 per

541 4955 602 5002 vos
618 4936 668 5001 vel
684 4938 780 5002 alium
800 4957 857 5004 seu
881 4940 960 5005 alios
983 4942 1015 5004 in
1038 4938 1183 5004 ecclesiis
1206 4943 1302 5020 atque
1325 4937 1403 5002 locis
1427 4942 1605 5001 vestrarum
1629 4937 1791 5001 civitatum
1815 4940 1848 5000 et
1870 4936 2053 5013 diocesium,

542 5041 586 5105 de
609 5042 724 5124 quibus
746 5044 897 5125 expedire
931 5044 1089 5121 videritis,
1120 5043 1253 5124 singulis
1283 5043 1396 5106 diebus
1421 5042 1585 5106 dominicis
1609 5046 1642 5104 et
1665 5040 1798 5118 festivis,
1823 5059 1893 5104 cum
1917 5038 2054 5120 populus

542 5149 729 5212 convenerit
759 5147 800 5213 ad
831 5147 947 5225 divina,
979 5168 1016 5212 ac
1046 5148 1125 5211 alias
1157 5148 1187 5210 in
1211 5146 1485 5228 predicationibus
1508 5145 1645 5226 publicis
1668 5144 1866 5226 sepedictum
1889 5142 2055 5209 Nicolaum

540 5250 720 5316 hereticum
743 5252 811 5317 fore
833 5253 960 5335 publice
979 5252 1136 5316 nunciatis
1152 5255 1185 5314 at
1207 5250 1335 5316 faciatis
1358 5251 1398 5314 ab
1414 5250 1487 5314 aliis
1511 5248 1615 5312 arcius
1638 5248 1761 5324 evitari,
1787 5248 1827 5311 de
1849 5248 2054 5312 nunciacione

538 5373 619 5420 vero
640 5354 821 5422 huiusmodi
843 5357 969 5422 faciatis
992 5357 1054 5420 duo
1078 5354 1188 5419 confici
1212 5353 1339 5436 publica
1362 5353 1539 5418 consimilia
1561 5354 1781 5429 instrumenta,
1799 5369 1933 5433 quorum
1949 5369 2011 5415 uno
2025 5360 2051 5427 ⁸)

539 5477 643 5540 penes
672 5478 729 5524 vos
762 5468 897 5539 retento,
928 5461 1085 5542 reliquum
1117 5460 1157 5524 ad
1189 5464 1329 5524 nostram
1361 5477 1516 5523 cameram
1550 5458 1786 5521 transmittatis.
1833 5456 1870 5519 D.
1895 5453 2053 5519 Aninione

540 5562 589 5627 Vl
612 5562 675 5628 kal.
699 5564 812 5630 Marcii
835 5585 863 5631 a.
889 5565 1019 5630 decimo.

652 5702 800 5756 Clementia
819 5703 857 5756 Vl
875 5703 909 5756 V.
932 5708 977 5755 145
996 5707 1074 5767 (secr.
1095 5718 1116 5754 a.
1137 5700 1173 5768 X)
1190 5700 1208 5753 f.
1227 5705 1290 5753 189'.
1310 5731 1343 5739 —
1371 5703 1394 5766 v)
1413 5698 1525 5767 ,irefizo‘
1539 5698 1570 5750 V.
1599 5698 1622 5761 b)
1640 5700 1742 5764 ,uuum‘
1755 5697 1796 5763 V,
1810 5711 1878 5749 corr.
1892 5696 1926 5749 ab
1940 5693 2055 5749 editore.
