<?xml version="1.0" encoding="UTF-8"?>
<!DOCTYPE html PUBLIC "-//W3C//DTD XHTML 1.0 Transitional//EN"
    "http://www.w3.org/TR/xhtml1/DTD/xhtml1-transitional.dtd">
<html xmlns="http://www.w3.org/1999/xhtml" xml:lang="en" lang="en">
 <head>
  <title>
</title>
<meta http-equiv="Content-Type" content="text/html;charset=utf-8" />
  <meta name='ocr-system' content='tesseract 3.04.00' />
  <meta name='ocr-capabilities' content='ocr_page ocr_carea ocr_par ocr_line ocrx_word'/>
</head>
<body>
  <div class='ocr_page' id='page_1' title='image "./monumentavatica01vatigoog_0087.png"; bbox 0 0 5184 7050; ppageno 0'>
   <div class='ocr_carea' id='block_1_1' title="bbox 1882 848 1925 914">
    <p class='ocr_par' dir='ltr' id='par_1_1' title="bbox 1882 848 1925 914">
     <span class='ocr_line' id='line_1_1' title="bbox 1882 848 1925 914; baseline 0 0"><span class='ocrx_word' id='word_1_1' title='bbox 1882 848 1925 914; x_wconf 81' lang='grc'>63</span> 
     </span>
    </p>
   </div>
   <div class='ocr_carea' id='block_1_2' title="bbox 415 1051 1924 1355">
    <p class='ocr_par' dir='ltr' id='par_1_2' title="bbox 415 1051 1924 1355">
     <span class='ocr_line' id='line_1_2' title="bbox 415 1051 1924 1137; baseline 0.001 -17"><span class='ocrx_word' id='word_1_2' title='bbox 415 1054 503 1120; x_wconf 84' lang='grc'><strong><em>108.</em></strong></span> <span class='ocrx_word' id='word_1_3' title='bbox 539 1052 618 1120; x_wconf 74' lang='lat' dir='ltr'>cus</span> <span class='ocrx_word' id='word_1_4' title='bbox 639 1051 787 1120; x_wconf 77' lang='lat' dir='ltr'>Jotunac</span> <span class='ocrx_word' id='word_1_5' title='bbox 817 1052 963 1118; x_wconf 82' lang='lat' dir='ltr'>Mattius</span> <span class='ocrx_word' id='word_1_6' title='bbox 993 1052 1031 1117; x_wconf 85' lang='lat' dir='ltr'>de</span> <span class='ocrx_word' id='word_1_7' title='bbox 1061 1054 1200 1134; x_wconf 78' lang='lat' dir='ltr'>Kojeticr</span> <span class='ocrx_word' id='word_1_8' title='bbox 1233 1053 1437 1137; x_wconf 76' lang='lat' dir='ltr'><strong><em>dispensatur</em></strong></span> <span class='ocrx_word' id='word_1_9' title='bbox 1470 1075 1565 1137; x_wconf 86' lang='lat' dir='ltr'>super</span> <span class='ocrx_word' id='word_1_10' title='bbox 1599 1054 1725 1133; x_wconf 84' lang='lat' dir='ltr'>desecta</span> <span class='ocrx_word' id='word_1_11' title='bbox 1758 1055 1924 1122; x_wconf 73' lang='lat' dir='ltr'>autolium.</span> 
     </span>
     <span class='ocr_line' id='line_1_3' title="bbox 455 1268 1880 1355; baseline -0.001 -16"><span class='ocrx_word' id='word_1_12' title='bbox 455 1272 578 1339; x_wconf 87' lang='lat' dir='ltr'>Gratis.</span> <span class='ocrx_word' id='word_1_13' title='bbox 1113 1268 1212 1355; x_wconf 79' lang='lat' dir='ltr'>Apud</span> <span class='ocrx_word' id='word_1_14' title='bbox 1241 1269 1480 1346; x_wconf 74' lang='lat' dir='ltr'>Wilamnosam,</span> <span class='ocrx_word' id='word_1_15' title='bbox 1503 1272 1590 1338; x_wconf 74' lang='lat'><strong><em>1342</em></strong></span> <span class='ocrx_word' id='word_1_16' title='bbox 1612 1270 1805 1354; x_wconf 69' lang='lat' dir='ltr'>septenbris</span> <span class='ocrx_word' id='word_1_17' title='bbox 1827 1274 1880 1338; x_wconf 85' lang='lat'>11.</span> 
     </span>
    </p>
   </div>
   <div class='ocr_carea' id='block_1_3' title="bbox 413 1485 1928 2814">
    <p class='ocr_par' dir='ltr' id='par_1_3' title="bbox 413 1485 1928 2814">
     <span class='ocr_line' id='line_1_4' title="bbox 518 1485 1923 1572; baseline -0.001 -16"><span class='ocrx_word' id='word_1_18' title='bbox 518 1491 558 1555; x_wconf 88' lang='grc' dir='ltr'>Ι).</span> <span class='ocrx_word' id='word_1_19' title='bbox 581 1489 603 1555; x_wconf 90' lang='lat' dir='ltr'>i.</span> <span class='ocrx_word' id='word_1_20' title='bbox 627 1488 768 1556; x_wconf 87' lang='lat' dir='ltr'>Johanni</span> <span class='ocrx_word' id='word_1_21' title='bbox 790 1488 914 1554; x_wconf 85' lang='lat' dir='ltr'>Mathis</span> <span class='ocrx_word' id='word_1_22' title='bbox 945 1488 985 1554; x_wconf 91' lang='lat' dir='ltr'>de</span> <span class='ocrx_word' id='word_1_23' title='bbox 1008 1488 1225 1572; x_wconf 84' lang='lat' dir='ltr'>Koyecietz‚·)</span> <span class='ocrx_word' id='word_1_24' title='bbox 1257 1488 1373 1554; x_wconf 86' lang='lat' dir='ltr'>scolari</span> <span class='ocrx_word' id='word_1_25' title='bbox 1404 1489 1575 1571; x_wconf 81' lang='lat' dir='ltr'>Progensis</span> <span class='ocrx_word' id='word_1_26' title='bbox 1608 1489 1754 1568; x_wconf 89' lang='lat' dir='ltr'>diocesis,</span> <span class='ocrx_word' id='word_1_27' title='bbox 1763 1485 1790 1571; x_wconf 62' lang='grc' dir='ltr'>ι)</span> <span class='ocrx_word' id='word_1_28' title='bbox 1814 1507 1838 1555; x_wconf 82' lang='lat' dir='ltr'>s,</span> <span class='ocrx_word' id='word_1_29' title='bbox 1863 1494 1923 1555; x_wconf 89' lang='lat' dir='ltr'>etc·</span> 
     </span>
     <span class='ocr_line' id='line_1_5' title="bbox 417 1594 1927 1677; baseline -0.001 -18"><span class='ocrx_word' id='word_1_30' title='bbox 417 1594 588 1677; x_wconf 78' lang='lat' dir='ltr'>illegitimo</span> <span class='ocrx_word' id='word_1_31' title='bbox 611 1595 745 1677; x_wconf 83' lang='lat' dir='ltr'>genitos,</span> <span class='ocrx_word' id='word_1_32' title='bbox 769 1617 843 1673; x_wconf 87' lang='lat' dir='ltr'>qnos</span> <span class='ocrx_word' id='word_1_33' title='bbox 865 1600 924 1658; x_wconf 84' lang='lat' dir='ltr'>vite</span> <span class='ocrx_word' id='word_1_34' title='bbox 948 1600 1069 1658; x_wconf 79' lang='lat' dir='ltr'>decorat</span> <span class='ocrx_word' id='word_1_35' title='bbox 1092 1599 1241 1673; x_wconf 89' lang='lat' dir='ltr'>honestas,</span> <span class='ocrx_word' id='word_1_36' title='bbox 1264 1603 1370 1658; x_wconf 89' lang='lat' dir='ltr'>nature</span> <span class='ocrx_word' id='word_1_37' title='bbox 1399 1599 1506 1657; x_wconf 85' lang='lat' dir='ltr'>vicium</span> <span class='ocrx_word' id='word_1_38' title='bbox 1536 1598 1651 1657; x_wconf 91' lang='lat' dir='ltr'>minime</span> <span class='ocrx_word' id='word_1_39' title='bbox 1675 1600 1835 1675; x_wconf 80' lang='lat' dir='ltr'>decolorat,</span> <span class='ocrx_word' id='word_1_40' title='bbox 1857 1600 1927 1672; x_wconf 87' lang='lat' dir='ltr'>quia</span> 
     </span>
     <span class='ocr_line' id='line_1_6' title="bbox 417 1701 1925 1778; baseline -0.002 -14"><span class='ocrx_word' id='word_1_41' title='bbox 417 1705 503 1765; x_wconf 56' lang='lat' dir='ltr'>mous</span> <span class='ocrx_word' id='word_1_42' title='bbox 526 1705 646 1763; x_wconf 86' lang='lat' dir='ltr'>virtutis</span> <span class='ocrx_word' id='word_1_43' title='bbox 668 1704 804 1778; x_wconf 81' lang='lat' dir='ltr'>geniture</span> <span class='ocrx_word' id='word_1_44' title='bbox 827 1704 968 1762; x_wconf 88' lang='lat' dir='ltr'>maculam</span> <span class='ocrx_word' id='word_1_45' title='bbox 991 1702 1136 1777; x_wconf 72' lang='lat' dir='ltr'>abstergit</span> <span class='ocrx_word' id='word_1_46' title='bbox 1157 1703 1188 1761; x_wconf 92' lang='lat' dir='ltr'>in</span> <span class='ocrx_word' id='word_1_47' title='bbox 1211 1701 1280 1761; x_wconf 86' lang='lat' dir='ltr'>filiis</span> <span class='ocrx_word' id='word_1_48' title='bbox 1303 1708 1334 1761; x_wconf 93' lang='lat' dir='ltr'>et</span> <span class='ocrx_word' id='word_1_49' title='bbox 1362 1703 1511 1776; x_wconf 81' lang='lat' dir='ltr'><strong>pudicicia</strong></span> <span class='ocrx_word' id='word_1_50' title='bbox 1540 1719 1653 1760; x_wconf 90' lang='lat' dir='ltr'>morum</span> <span class='ocrx_word' id='word_1_51' title='bbox 1685 1704 1781 1776; x_wconf 89' lang='lat' dir='ltr'>pudor</span> <span class='ocrx_word' id='word_1_52' title='bbox 1803 1703 1925 1778; x_wconf 79' lang='lat' dir='ltr'>originis</span> 
     </span>
     <span class='ocr_line' id='line_1_7' title="bbox 416 1799 1926 1883; baseline 0 -16"><span class='ocrx_word' id='word_1_53' title='bbox 416 1809 562 1868; x_wconf 75' lang='lat' dir='ltr'>aboletur.</span> <span class='ocrx_word' id='word_1_54' title='bbox 609 1800 689 1867; x_wconf 86' lang='lat' dir='ltr'>Cum</span> <span class='ocrx_word' id='word_1_55' title='bbox 721 1802 841 1882; x_wconf 84' lang='lat' dir='ltr'>itaque,</span> <span class='ocrx_word' id='word_1_56' title='bbox 872 1801 956 1866; x_wconf 90' lang='lat' dir='ltr'>sicut</span> <span class='ocrx_word' id='word_1_57' title='bbox 986 1819 1025 1864; x_wconf 86' lang='lat' dir='ltr'>ex</span> <span class='ocrx_word' id='word_1_58' title='bbox 1056 1800 1140 1864; x_wconf 89' lang='lat' dir='ltr'>serie</span> <span class='ocrx_word' id='word_1_59' title='bbox 1163 1818 1220 1881; x_wconf 91' lang='lat' dir='ltr'>pro</span> <span class='ocrx_word' id='word_1_60' title='bbox 1250 1805 1344 1881; x_wconf 87' lang='lat' dir='ltr'>parte</span> <span class='ocrx_word' id='word_1_61' title='bbox 1373 1804 1432 1864; x_wconf 90' lang='lat' dir='ltr'>tua</span> <span class='ocrx_word' id='word_1_62' title='bbox 1461 1800 1553 1865; x_wconf 89' lang='lat' dir='ltr'>nobis</span> <span class='ocrx_word' id='word_1_63' title='bbox 1583 1799 1724 1865; x_wconf 85' lang='lat' dir='ltr'>exhibite</span> <span class='ocrx_word' id='word_1_64' title='bbox 1757 1801 1926 1883; x_wconf 87' lang='lat' dir='ltr'>peticionis</span> 
     </span>
     <span class='ocr_line' id='line_1_8' title="bbox 418 1903 1926 1988; baseline -0.001 -18"><span class='ocrx_word' id='word_1_65' title='bbox 418 1906 609 1988; x_wconf 82' lang='lat' dir='ltr'>accepimus,</span> <span class='ocrx_word' id='word_1_66' title='bbox 626 1909 662 1970; x_wconf 92' lang='lat' dir='ltr'>tu</span> <span class='ocrx_word' id='word_1_67' title='bbox 677 1904 838 1969; x_wconf 90' lang='lat' dir='ltr'>defectum</span> <span class='ocrx_word' id='word_1_68' title='bbox 853 1904 993 1986; x_wconf 85' lang='lat' dir='ltr'>paciaris</span> <span class='ocrx_word' id='word_1_69' title='bbox 1009 1903 1163 1968; x_wconf 90' lang='lat' dir='ltr'>natalium</span> <span class='ocrx_word' id='word_1_70' title='bbox 1180 1903 1220 1967; x_wconf 88' lang='lat' dir='ltr'>de</span> <span class='ocrx_word' id='word_1_71' title='bbox 1235 1903 1422 1986; x_wconf 81' lang='lat' dir='ltr'>presbytero</span> <span class='ocrx_word' id='word_1_72' title='bbox 1438 1903 1565 1985; x_wconf 86' lang='lat' dir='ltr'>genitus</span> <span class='ocrx_word' id='word_1_73' title='bbox 1581 1908 1614 1968; x_wconf 92' lang='lat' dir='ltr'>et</span> <span class='ocrx_word' id='word_1_74' title='bbox 1630 1903 1745 1984; x_wconf 90' lang='lat' dir='ltr'>soluta,</span> <span class='ocrx_word' id='word_1_75' title='bbox 1761 1928 1815 1970; x_wconf 84' lang='lat' dir='ltr'>nos</span> <span class='ocrx_word' id='word_1_76' title='bbox 1830 1915 1926 1969; x_wconf 87' lang='lat' dir='ltr'>atten-</span> 
     </span>
     <span class='ocr_line' id='line_1_9' title="bbox 415 2010 1926 2090; baseline -0.001 -16"><span class='ocrx_word' id='word_1_77' title='bbox 415 2017 528 2090; x_wconf 86' lang='lat' dir='ltr'>dentes,</span> <span class='ocrx_word' id='word_1_78' title='bbox 550 2016 639 2090; x_wconf 89' lang='lat' dir='ltr'>quod,</span> <span class='ocrx_word' id='word_1_79' title='bbox 661 2014 740 2073; x_wconf 90' lang='lat' dir='ltr'>sicut</span> <span class='ocrx_word' id='word_1_80' title='bbox 762 2014 852 2073; x_wconf 89' lang='lat' dir='ltr'>babet</span> <span class='ocrx_word' id='word_1_81' title='bbox 874 2012 1085 2087; x_wconf 85' lang='lat' dir='ltr'>fidedignorum</span> <span class='ocrx_word' id='word_1_82' title='bbox 1108 2013 1249 2087; x_wconf 74' lang='lat' dir='ltr'>assertio,</span> <span class='ocrx_word' id='word_1_83' title='bbox 1268 2010 1415 2071; x_wconf 84' lang='lat' dir='ltr'>deiectum</span> <span class='ocrx_word' id='word_1_84' title='bbox 1438 2014 1604 2072; x_wconf 84' lang='lat' dir='ltr'>huiusmodi</span> <span class='ocrx_word' id='word_1_85' title='bbox 1630 2031 1741 2072; x_wconf 90' lang='lat' dir='ltr'>morum</span> <span class='ocrx_word' id='word_1_86' title='bbox 1761 2015 1926 2089; x_wconf 87' lang='lat' dir='ltr'>honestate,</span> 
     </span>
     <span class='ocr_line' id='line_1_10' title="bbox 415 2116 1926 2192; baseline 0 -15"><span class='ocrx_word' id='word_1_87' title='bbox 415 2119 473 2178; x_wconf 84' lang='lat' dir='ltr'>rite</span> <span class='ocrx_word' id='word_1_88' title='bbox 507 2119 655 2177; x_wconf 86' lang='lat' dir='ltr'><strong>mundicia</strong></span> <span class='ocrx_word' id='word_1_89' title='bbox 688 2118 813 2191; x_wconf 89' lang='lat' dir='ltr'>aliisque</span> <span class='ocrx_word' id='word_1_90' title='bbox 845 2117 1004 2191; x_wconf 84' lang='lat' dir='ltr'>probitatis</span> <span class='ocrx_word' id='word_1_91' title='bbox 1038 2121 1068 2174; x_wconf 91' lang='lat' dir='ltr'>et</span> <span class='ocrx_word' id='word_1_92' title='bbox 1100 2116 1242 2174; x_wconf 85' lang='lat' dir='ltr'>virtutum</span> <span class='ocrx_word' id='word_1_93' title='bbox 1272 2116 1386 2175; x_wconf 88' lang='lat' dir='ltr'>meritis</span> <span class='ocrx_word' id='word_1_94' title='bbox 1417 2134 1633 2192; x_wconf 88' lang='lat' dir='ltr'>recompensas,</span> <span class='ocrx_word' id='word_1_95' title='bbox 1657 2118 1802 2176; x_wconf 89' lang='lat' dir='ltr'>redimens</span> <span class='ocrx_word' id='word_1_96' title='bbox 1824 2116 1926 2177; x_wconf 84' lang='lat' dir='ltr'>favore</span> 
     </span>
     <span class='ocr_line' id='line_1_11' title="bbox 413 2212 1928 2297; baseline -0.001 -16"><span class='ocrx_word' id='word_1_97' title='bbox 413 2223 568 2296; x_wconf 83' lang='lat' dir='ltr'>virtutum,</span> <span class='ocrx_word' id='word_1_98' title='bbox 590 2221 668 2294; x_wconf 84' lang='lat' dir='ltr'>quod</span> <span class='ocrx_word' id='word_1_99' title='bbox 690 2221 722 2281; x_wconf 92' lang='lat' dir='ltr'>in</span> <span class='ocrx_word' id='word_1_100' title='bbox 745 2226 774 2280; x_wconf 89' lang='lat' dir='ltr'>te</span> <span class='ocrx_word' id='word_1_101' title='bbox 797 2227 881 2280; x_wconf 85' lang='lat' dir='ltr'>ortus</span> <span class='ocrx_word' id='word_1_102' title='bbox 905 2214 1056 2293; x_wconf 61' lang='lat' dir='ltr'>odiosus)</span> <span class='ocrx_word' id='word_1_103' title='bbox 1079 2219 1254 2293; x_wconf 73' lang='lat' dir='ltr'>adamitae</span> <span class='ocrx_word' id='word_1_104' title='bbox 1276 2212 1421 2278; x_wconf 89' lang='lat' dir='ltr'>volentes</span> <span class='ocrx_word' id='word_1_105' title='bbox 1442 2221 1574 2297; x_wconf 87' lang='lat' dir='ltr'>propter</span> <span class='ocrx_word' id='word_1_106' title='bbox 1595 2213 1656 2279; x_wconf 90' lang='lat' dir='ltr'>hoc</span> <span class='ocrx_word' id='word_1_107' title='bbox 1678 2214 1928 2281; x_wconf 73' lang='lat' dir='ltr'>misericorditer</span> 
     </span>
     <span class='ocr_line' id='line_1_12' title="bbox 415 2315 1926 2401; baseline 0 -18"><span class='ocrx_word' id='word_1_108' title='bbox 415 2337 512 2401; x_wconf 85' lang='lat' dir='ltr'>agere</span> <span class='ocrx_word' id='word_1_109' title='bbox 535 2320 569 2383; x_wconf 93' lang='lat' dir='ltr'>in</span> <span class='ocrx_word' id='word_1_110' title='bbox 590 2318 651 2384; x_wconf 89' lang='lat' dir='ltr'>hac</span> <span class='ocrx_word' id='word_1_111' title='bbox 674 2324 777 2400; x_wconf 82' lang='lat' dir='ltr'>parte,</span> <span class='ocrx_word' id='word_1_112' title='bbox 799 2323 914 2395; x_wconf 77' lang='lat' dir='ltr'>tecum,</span> <span class='ocrx_word' id='word_1_113' title='bbox 932 2316 1018 2398; x_wconf 87' lang='lat' dir='ltr'>quod</span> <span class='ocrx_word' id='word_1_114' title='bbox 1039 2315 1220 2381; x_wconf 90' lang='lat' dir='ltr'>huiusmodi</span> <span class='ocrx_word' id='word_1_115' title='bbox 1244 2316 1372 2383; x_wconf 83' lang='lat' dir='ltr'>defectu</span> <span class='ocrx_word' id='word_1_116' title='bbox 1391 2335 1593 2400; x_wconf 89' lang='lat' dir='ltr'>nequaquam</span> <span class='ocrx_word' id='word_1_117' title='bbox 1617 2318 1764 2384; x_wconf 88' lang='lat' dir='ltr'>obstante</span> <span class='ocrx_word' id='word_1_118' title='bbox 1786 2316 1926 2401; x_wconf 61' lang='lat' dir='ltr'>possiet)</span> 
     </span>
     <span class='ocr_line' id='line_1_13' title="bbox 416 2419 1925 2504; baseline 0.001 -19"><span class='ocrx_word' id='word_1_119' title='bbox 416 2421 457 2485; x_wconf 88' lang='lat' dir='ltr'>ad</span> <span class='ocrx_word' id='word_1_120' title='bbox 480 2440 591 2487; x_wconf 87' lang='lat' dir='ltr'>omnes</span> <span class='ocrx_word' id='word_1_121' title='bbox 613 2422 741 2493; x_wconf 88' lang='lat' dir='ltr'>ordines</span> <span class='ocrx_word' id='word_1_122' title='bbox 763 2421 943 2504; x_wconf 90' lang='lat' dir='ltr'>promoveri</span> <span class='ocrx_word' id='word_1_123' title='bbox 965 2425 998 2484; x_wconf 90' lang='lat' dir='ltr'>et</span> <span class='ocrx_word' id='word_1_124' title='bbox 1021 2419 1274 2486; x_wconf 91' lang='lat' dir='ltr'>ecclesiasticum</span> <span class='ocrx_word' id='word_1_125' title='bbox 1297 2419 1485 2485; x_wconf 83' lang='lat' dir='ltr'>beneficium</span> <span class='ocrx_word' id='word_1_126' title='bbox 1507 2439 1578 2485; x_wconf 93' lang='lat' dir='ltr'>cum</span> <span class='ocrx_word' id='word_1_127' title='bbox 1594 2440 1672 2486; x_wconf 89' lang='lat' dir='ltr'>cura</span> <span class='ocrx_word' id='word_1_128' title='bbox 1687 2423 1737 2486; x_wconf 87' lang='lat' dir='ltr'>vel</span> <span class='ocrx_word' id='word_1_129' title='bbox 1754 2423 1823 2487; x_wconf 91' lang='lat' dir='ltr'>sine</span> <span class='ocrx_word' id='word_1_130' title='bbox 1839 2441 1925 2501; x_wconf 87' lang='lat' dir='ltr'>cura,</span> 
     </span>
     <span class='ocr_line' id='line_1_14' title="bbox 416 2524 1927 2609; baseline 0.001 -19"><span class='ocrx_word' id='word_1_131' title='bbox 416 2526 444 2590; x_wconf 91' lang='lat' dir='ltr'>si</span> <span class='ocrx_word' id='word_1_132' title='bbox 459 2525 520 2591; x_wconf 92' lang='lat' dir='ltr'>tibi</span> <span class='ocrx_word' id='word_1_133' title='bbox 543 2524 626 2589; x_wconf 88' lang='lat' dir='ltr'>alias</span> <span class='ocrx_word' id='word_1_134' title='bbox 649 2525 801 2589; x_wconf 89' lang='lat' dir='ltr'>canonice</span> <span class='ocrx_word' id='word_1_135' title='bbox 817 2524 1009 2603; x_wconf 88' lang='lat' dir='ltr'>conferatur,</span> <span class='ocrx_word' id='word_1_136' title='bbox 1016 2527 1041 2605; x_wconf 57' lang='lat' dir='ltr'>t)</span> <span class='ocrx_word' id='word_1_137' title='bbox 1057 2525 1144 2591; x_wconf 89' lang='lat' dir='ltr'>licite</span> <span class='ocrx_word' id='word_1_138' title='bbox 1160 2524 1314 2604; x_wconf 91' lang='lat' dir='ltr'>obtinere,</span> <span class='ocrx_word' id='word_1_139' title='bbox 1336 2526 1529 2591; x_wconf 89' lang='lat' dir='ltr'>auctoritate</span> <span class='ocrx_word' id='word_1_140' title='bbox 1545 2526 1721 2608; x_wconf 88' lang='lat' dir='ltr'>apostolica</span> <span class='ocrx_word' id='word_1_141' title='bbox 1737 2526 1777 2590; x_wconf 89' lang='lat' dir='ltr'>de</span> <span class='ocrx_word' id='word_1_142' title='bbox 1793 2526 1927 2609; x_wconf 87' lang='lat' dir='ltr'>speciali</span> 
     </span>
     <span class='ocr_line' id='line_1_15' title="bbox 417 2628 1928 2712; baseline 0 -17"><span class='ocrx_word' id='word_1_143' title='bbox 417 2630 528 2712; x_wconf 82' lang='lat' dir='ltr'>gracia</span> <span class='ocrx_word' id='word_1_144' title='bbox 551 2628 783 2711; x_wconf 75' lang='lat' dir='ltr'>dispensamus</span> <span class='ocrx_word' id='word_1_145' title='bbox 829 2635 910 2694; x_wconf 89' lang='lat' dir='ltr'>Nulli</span> <span class='ocrx_word' id='word_1_146' title='bbox 932 2652 1003 2709; x_wconf 84' lang='lat' dir='ltr'>orgo</span> <span class='ocrx_word' id='word_1_147' title='bbox 1026 2641 1083 2694; x_wconf 90' lang='lat' dir='ltr'>etc.</span> <span class='ocrx_word' id='word_1_148' title='bbox 1105 2639 1208 2694; x_wconf 87' lang='lat' dir='ltr'>nostre</span> <span class='ocrx_word' id='word_1_149' title='bbox 1230 2635 1464 2709; x_wconf 78' lang='lat' dir='ltr'>dispensationis</span> <span class='ocrx_word' id='word_1_150' title='bbox 1487 2634 1648 2711; x_wconf 80' lang='lat' dir='ltr'>intringere</span> <span class='ocrx_word' id='word_1_151' title='bbox 1675 2641 1733 2696; x_wconf 89' lang='lat' dir='ltr'>etc.</span> <span class='ocrx_word' id='word_1_152' title='bbox 1778 2632 1817 2696; x_wconf 91' lang='lat' dir='ltr'>D.</span> <span class='ocrx_word' id='word_1_153' title='bbox 1842 2630 1928 2712; x_wconf 86' lang='lat' dir='ltr'>apud</span> 
     </span>
     <span class='ocr_line' id='line_1_16' title="bbox 418 2731 1365 2814; baseline -0.001 -15"><span class='ocrx_word' id='word_1_154' title='bbox 418 2731 537 2799; x_wconf 87' lang='lat' dir='ltr'>Villam</span> <span class='ocrx_word' id='word_1_155' title='bbox 561 2751 686 2812; x_wconf 87' lang='lat' dir='ltr'>nouam,</span> <span class='ocrx_word' id='word_1_156' title='bbox 711 2733 748 2797; x_wconf 84' lang='grc' dir='ltr'>Α.</span> <span class='ocrx_word' id='word_1_157' title='bbox 774 2731 815 2811; x_wconf 85' lang='lat' dir='ltr'>d,</span> <span class='ocrx_word' id='word_1_158' title='bbox 838 2732 889 2798; x_wconf 92' lang='lat' dir='ltr'>Ill</span> <span class='ocrx_word' id='word_1_159' title='bbox 913 2732 954 2797; x_wconf 87' lang='lat' dir='ltr'>id.</span> <span class='ocrx_word' id='word_1_160' title='bbox 980 2732 1178 2814; x_wconf 85' lang='lat' dir='ltr'>Septembris</span> <span class='ocrx_word' id='word_1_161' title='bbox 1201 2751 1230 2797; x_wconf 90' lang='lat' dir='ltr'>a.</span> <span class='ocrx_word' id='word_1_162' title='bbox 1253 2733 1365 2813; x_wconf 90' lang='lat' dir='ltr'>primo.</span> 
     </span>
    </p>
   </div>
   <div class='ocr_carea' id='block_1_4' title="bbox 420 2918 1928 3161">
    <p class='ocr_par' dir='ltr' id='par_1_4' title="bbox 420 2918 1928 3161">
     <span class='ocr_line' id='line_1_17' title="bbox 524 2918 1927 2991; baseline 0.001 -17"><span class='ocrx_word' id='word_1_163' title='bbox 524 2919 674 2974; x_wconf 83' lang='lat' dir='ltr'>Clementis</span> <span class='ocrx_word' id='word_1_164' title='bbox 692 2918 729 2974; x_wconf 88' lang='lat' dir='ltr'>v1</span> <span class='ocrx_word' id='word_1_165' title='bbox 751 2922 776 2974; x_wconf 83' lang='lat' dir='ltr'>A</span> <span class='ocrx_word' id='word_1_166' title='bbox 790 2921 850 2991; x_wconf 62' lang='lat'>1112</span> <span class='ocrx_word' id='word_1_167' title='bbox 870 2923 926 2989; x_wconf 78' lang='grc'>(67)</span> <span class='ocrx_word' id='word_1_168' title='bbox 945 2920 964 2975; x_wconf 81' lang='lat' dir='ltr'>f.</span> <span class='ocrx_word' id='word_1_169' title='bbox 983 2925 1033 2973; x_wconf 76' lang='lat'>232</span> <span class='ocrx_word' id='word_1_170' title='bbox 1052 2937 1078 2974; x_wconf 89' lang='lat' dir='ltr'>n.</span> <span class='ocrx_word' id='word_1_171' title='bbox 1098 2924 1157 2988; x_wconf 83' lang='lat'><strong>338,</strong></span> <span class='ocrx_word' id='word_1_172' title='bbox 1177 2919 1346 2974; x_wconf 84' lang='lat' dir='ltr'>diversarum</span> <span class='ocrx_word' id='word_1_173' title='bbox 1364 2918 1514 2974; x_wconf 85' lang='lat' dir='ltr'>formarum</span> <span class='ocrx_word' id='word_1_174' title='bbox 1531 2937 1577 2990; x_wconf 85' lang='lat' dir='ltr'>qu.</span> <span class='ocrx_word' id='word_1_175' title='bbox 1595 2928 1656 2975; x_wconf 87' lang='lat'>9:</span> <span class='ocrx_word' id='word_1_176' title='bbox 1669 2922 1701 2975; x_wconf 89' lang='lat' dir='ltr'>V.</span> <span class='ocrx_word' id='word_1_177' title='bbox 1723 2926 1772 2975; x_wconf 75' lang='lat'>1⁶5</span> <span class='ocrx_word' id='word_1_178' title='bbox 1793 2919 1812 2974; x_wconf 82' lang='lat' dir='ltr'>f.</span> <span class='ocrx_word' id='word_1_179' title='bbox 1831 2926 1882 2976; x_wconf 78' lang='lat'>25⁶</span> <span class='ocrx_word' id='word_1_180' title='bbox 1900 2939 1927 2976; x_wconf 92' lang='lat' dir='ltr'>n.</span> 
     </span>
     <span class='ocr_line' id='line_1_18' title="bbox 420 3005 1928 3094; baseline -0.001 -32"><span class='ocrx_word' id='word_1_181' title='bbox 420 3013 477 3062; x_wconf 76' lang='lat'>888.</span> <span class='ocrx_word' id='word_1_182' title='bbox 496 3037 531 3049; x_wconf 96' lang='lat'>-</span> <span class='ocrx_word' id='word_1_183' title='bbox 556 3009 580 3075; x_wconf 82' lang='lat'>⁸)</span> <span class='ocrx_word' id='word_1_184' title='bbox 599 3022 669 3062; x_wconf 88' lang='lat' dir='ltr'>corr.</span> <span class='ocrx_word' id='word_1_185' title='bbox 688 3022 722 3061; x_wconf 84' lang='lat' dir='ltr'>cx</span> <span class='ocrx_word' id='word_1_186' title='bbox 734 3007 885 3078; x_wconf 72' lang='lat' dir='ltr'>‚Koyedoz‘</span> <span class='ocrx_word' id='word_1_187' title='bbox 898 3010 931 3062; x_wconf 80' lang='lat' dir='ltr'>A.</span> <span class='ocrx_word' id='word_1_188' title='bbox 957 3007 981 3075; x_wconf 77' lang='lat' dir='ltr'>b)</span> <span class='ocrx_word' id='word_1_189' title='bbox 1002 3007 1083 3077; x_wconf 87' lang='lat' dir='ltr'>suppl</span> <span class='ocrx_word' id='word_1_190' title='bbox 1111 3022 1196 3076; x_wconf 88' lang='lat' dir='ltr'>supra</span> <span class='ocrx_word' id='word_1_191' title='bbox 1213 3009 1296 3094; x_wconf 51' lang='lat' dir='ltr'>df)</span> <span class='ocrx_word' id='word_1_192' title='bbox 1315 3006 1459 3075; x_wconf 87' lang='lat' dir='ltr'>‚odiossus‘</span> <span class='ocrx_word' id='word_1_193' title='bbox 1478 3008 1511 3060; x_wconf 82' lang='lat' dir='ltr'>A.</span> <span class='ocrx_word' id='word_1_194' title='bbox 1537 3007 1561 3074; x_wconf 80' lang='grc' dir='ltr'>ιΙ)</span> <span class='ocrx_word' id='word_1_195' title='bbox 1581 3005 1685 3076; x_wconf 85' lang='lat' dir='ltr'>‚possit‘</span> <span class='ocrx_word' id='word_1_196' title='bbox 1703 3009 1736 3061; x_wconf 81' lang='lat' dir='ltr'>A.</span> <span class='ocrx_word' id='word_1_197' title='bbox 1762 3009 1784 3075; x_wconf 67' lang='grc' dir='ltr'>ο)</span> <span class='ocrx_word' id='word_1_198' title='bbox 1804 3023 1873 3063; x_wconf 91' lang='lat' dir='ltr'>corr.</span> <span class='ocrx_word' id='word_1_199' title='bbox 1892 3024 1928 3063; x_wconf 85' lang='lat' dir='ltr'>ex</span> 
     </span>
     <span class='ocr_line' id='line_1_19' title="bbox 421 3093 664 3161; baseline -0.012 -12"><span class='ocrx_word' id='word_1_200' title='bbox 421 3093 612 3161; x_wconf 74' lang='lat' dir='ltr'>‚amemur</span> <span class='ocrx_word' id='word_1_201' title='bbox 629 3095 664 3147; x_wconf 86' lang='grc' dir='ltr'>Δ.</span> 
     </span>
    </p>
   </div>
   <div class='ocr_carea' id='block_1_5' title="bbox 1069 3253 1275 3264">
    <p class='ocr_par' dir='ltr' id='par_1_5' title="bbox 1069 3253 1275 3264">
     <span class='ocr_line' id='line_1_20' title="bbox 1069 3253 1275 3264; baseline 0.005 -2"><span class='ocrx_word' id='word_1_202' title='bbox 1069 3253 1275 3264; x_wconf 74' lang='lat'>—--—</span> 
     </span>
    </p>
   </div>
   <div class='ocr_carea' id='block_1_6' title="bbox 424 3543 1927 3772">
    <p class='ocr_par' dir='ltr' id='par_1_6' title="bbox 424 3543 1927 3772">
     <span class='ocr_line' id='line_1_21' title="bbox 424 3543 1927 3665; baseline 0.003 -16"><span class='ocrx_word' id='word_1_203' title='bbox 424 3584 511 3652; x_wconf 85' lang='lat'><strong><em>109.</em></strong></span> <span class='ocrx_word' id='word_1_204' title='bbox 540 3582 715 3662; x_wconf 70' lang='lat' dir='ltr'>Johannes,</span> <span class='ocrx_word' id='word_1_205' title='bbox 746 3603 803 3647; x_wconf 82' lang='lat' dir='ltr'>rea</span> <span class='ocrx_word' id='word_1_206' title='bbox 836 3543 1017 3662; x_wconf 76' lang='lat' dir='ltr'>Bobemiac,</span> <span class='ocrx_word' id='word_1_207' title='bbox 1046 3581 1218 3665; x_wconf 75' lang='lat' dir='ltr'>supplicat,</span> <span class='ocrx_word' id='word_1_208' title='bbox 1248 3586 1405 3665; x_wconf 72' lang='lat' dir='ltr'>cauteres</span> <span class='ocrx_word' id='word_1_209' title='bbox 1434 3583 1578 3651; x_wconf 78' lang='lat' dir='ltr'>Jobonai</span> <span class='ocrx_word' id='word_1_210' title='bbox 1610 3584 1648 3649; x_wconf 83' lang='lat' dir='ltr'>de</span> <span class='ocrx_word' id='word_1_211' title='bbox 1671 3585 1866 3652; x_wconf 80' lang='lat' dir='ltr'>Mactaudio</span> <span class='ocrx_word' id='word_1_212' title='bbox 1888 3586 1927 3653; x_wconf 86' lang='lat' dir='ltr'>de</span> 
     </span>
     <span class='ocr_line' id='line_1_22' title="bbox 634 3685 1720 3772; baseline 0.005 -21"><span class='ocrx_word' id='word_1_213' title='bbox 634 3686 826 3751; x_wconf 82' lang='lat' dir='ltr'>canonicatu</span> <span class='ocrx_word' id='word_1_214' title='bbox 847 3690 878 3751; x_wconf 89' lang='lat' dir='ltr'>ct</span> <span class='ocrx_word' id='word_1_215' title='bbox 894 3685 1080 3770; x_wconf 81' lang='lat' dir='ltr'>praebenda</span> <span class='ocrx_word' id='word_1_216' title='bbox 1103 3685 1251 3751; x_wconf 78' lang='lat' dir='ltr'>ecclesiae</span> <span class='ocrx_word' id='word_1_217' title='bbox 1281 3685 1486 3752; x_wconf 83' lang='lat' dir='ltr'>Virdaacnsis</span> <span class='ocrx_word' id='word_1_218' title='bbox 1503 3689 1720 3772; x_wconf 79' lang='lat' dir='ltr'>provideatur.</span> 
     </span>
    </p>
   </div>
   <div class='ocr_carea' id='block_1_7' title="bbox 1320 3876 1885 3964">
    <p class='ocr_par' dir='ltr' id='par_1_7' title="bbox 1320 3876 1885 3964">
     <span class='ocr_line' id='line_1_23' title="bbox 1320 3876 1885 3964; baseline 0.009 -21"><span class='ocrx_word' id='word_1_219' title='bbox 1320 3876 1484 3959; x_wconf 67' lang='lat' dir='ltr'>aarum,</span> <span class='ocrx_word' id='word_1_220' title='bbox 1508 3880 1595 3944; x_wconf 77' lang='lat'><strong><em>1342</em></strong></span> <span class='ocrx_word' id='word_1_221' title='bbox 1616 3878 1811 3964; x_wconf 58' lang='lat' dir='ltr'>Quam</span> <span class='ocrx_word' id='word_1_222' title='bbox 1832 3885 1885 3948; x_wconf 83' lang='lat' dir='ltr'>aa.</span> 
     </span>
    </p>
   </div>
   <div class='ocr_carea' id='block_1_8' title="bbox 420 4068 1933 5088">
    <p class='ocr_par' dir='ltr' id='par_1_8' title="bbox 420 4068 1933 5088">
     <span class='ocr_line' id='line_1_24' title="bbox 526 4068 1930 4155; baseline 0.001 -18"><span class='ocrx_word' id='word_1_223' title='bbox 526 4070 694 4153; x_wconf 87' lang='lat' dir='ltr'>Supplicat</span> <span class='ocrx_word' id='word_1_224' title='bbox 716 4071 747 4136; x_wconf 86' lang='lat' dir='ltr'>S.</span> <span class='ocrx_word' id='word_1_225' title='bbox 770 4070 808 4135; x_wconf 87' lang='lat' dir='ltr'>V.</span> <span class='ocrx_word' id='word_1_226' title='bbox 832 4068 966 4134; x_wconf 86' lang='lat' dir='ltr'>devotus</span> <span class='ocrx_word' id='word_1_227' title='bbox 989 4068 1010 4133; x_wconf 86' lang='lat' dir='ltr'>l.</span> <span class='ocrx_word' id='word_1_228' title='bbox 1035 4089 1063 4133; x_wconf 85' lang='lat' dir='ltr'>v.</span> <span class='ocrx_word' id='word_1_229' title='bbox 1086 4068 1260 4146; x_wconf 87' lang='lat' dir='ltr'>Johannes,</span> <span class='ocrx_word' id='word_1_230' title='bbox 1284 4068 1414 4133; x_wconf 91' lang='lat' dir='ltr'>Boemic</span> <span class='ocrx_word' id='word_1_231' title='bbox 1436 4088 1502 4148; x_wconf 84' lang='lat' dir='ltr'>rex,</span> <span class='ocrx_word' id='word_1_232' title='bbox 1526 4075 1684 4151; x_wconf 86' lang='lat' dir='ltr'>quatenus</span> <span class='ocrx_word' id='word_1_233' title='bbox 1718 4072 1780 4138; x_wconf 90' lang='lat' dir='ltr'>sibi</span> <span class='ocrx_word' id='word_1_234' title='bbox 1802 4073 1835 4139; x_wconf 93' lang='lat' dir='ltr'>in</span> <span class='ocrx_word' id='word_1_235' title='bbox 1858 4093 1930 4155; x_wconf 91' lang='lat' dir='ltr'>per·</span> 
     </span>
     <span class='ocr_line' id='line_1_25' title="bbox 422 4171 1931 4259; baseline 0.002 -19"><span class='ocrx_word' id='word_1_236' title='bbox 422 4195 533 4241; x_wconf 89' lang='lat' dir='ltr'>sonam</span> <span class='ocrx_word' id='word_1_237' title='bbox 556 4175 665 4240; x_wconf 88' lang='lat' dir='ltr'>dilecti</span> <span class='ocrx_word' id='word_1_238' title='bbox 689 4174 796 4239; x_wconf 88' lang='lat' dir='ltr'>clerici</span> <span class='ocrx_word' id='word_1_239' title='bbox 819 4179 851 4238; x_wconf 91' lang='lat' dir='ltr'>et</span> <span class='ocrx_word' id='word_1_240' title='bbox 875 4171 1039 4238; x_wconf 81' lang='lat' dir='ltr'>secretarii</span> <span class='ocrx_word' id='word_1_241' title='bbox 1064 4172 1112 4236; x_wconf 91' lang='lat' dir='ltr'>sui</span> <span class='ocrx_word' id='word_1_242' title='bbox 1137 4171 1303 4237; x_wconf 88' lang='lat' dir='ltr'>domestici</span> <span class='ocrx_word' id='word_1_243' title='bbox 1323 4171 1480 4237; x_wconf 88' lang='lat' dir='ltr'>Johannis</span> <span class='ocrx_word' id='word_1_244' title='bbox 1496 4172 1535 4237; x_wconf 90' lang='lat' dir='ltr'>de</span> <span class='ocrx_word' id='word_1_245' title='bbox 1550 4173 1742 4240; x_wconf 88' lang='lat' dir='ltr'>Machaudio</span> <span class='ocrx_word' id='word_1_246' title='bbox 1759 4177 1931 4259; x_wconf 84' lang='lat' dir='ltr'>specialem</span> 
     </span>
     <span class='ocr_line' id='line_1_26' title="bbox 421 4276 1931 4363; baseline 0.002 -19"><span class='ocrx_word' id='word_1_247' title='bbox 421 4280 562 4361; x_wconf 76' lang='lat' dir='ltr'>graciam</span> <span class='ocrx_word' id='word_1_248' title='bbox 596 4278 761 4356; x_wconf 85' lang='lat' dir='ltr'>facientes,</span> <span class='ocrx_word' id='word_1_249' title='bbox 785 4277 888 4341; x_wconf 88' lang='lat' dir='ltr'>eidem</span> <span class='ocrx_word' id='word_1_250' title='bbox 911 4276 950 4340; x_wconf 90' lang='lat' dir='ltr'>de</span> <span class='ocrx_word' id='word_1_251' title='bbox 975 4277 1162 4341; x_wconf 84' lang='lat' dir='ltr'>canonicatu</span> <span class='ocrx_word' id='word_1_252' title='bbox 1195 4280 1227 4339; x_wconf 88' lang='lat' dir='ltr'>ct</span> <span class='ocrx_word' id='word_1_253' title='bbox 1256 4276 1419 4357; x_wconf 89' lang='lat' dir='ltr'>prebenda</span> <span class='ocrx_word' id='word_1_254' title='bbox 1449 4277 1585 4343; x_wconf 89' lang='lat' dir='ltr'>ecclesie</span> <span class='ocrx_word' id='word_1_255' title='bbox 1607 4279 1827 4361; x_wconf 70' lang='lat' dir='ltr'>virdunensis</span> <span class='ocrx_word' id='word_1_256' title='bbox 1851 4301 1931 4363; x_wconf 89' lang='lat' dir='ltr'>quos</span> 
     </span>
     <span class='ocr_line' id='line_1_27' title="bbox 422 4379 1931 4466; baseline 0.001 -18"><span class='ocrx_word' id='word_1_257' title='bbox 422 4383 547 4449; x_wconf 89' lang='lat' dir='ltr'>obtinet</span> <span class='ocrx_word' id='word_1_258' title='bbox 578 4382 750 4447; x_wconf 89' lang='lat' dir='ltr'>Niocolaus</span> <span class='ocrx_word' id='word_1_259' title='bbox 781 4381 821 4445; x_wconf 90' lang='lat' dir='ltr'>de</span> <span class='ocrx_word' id='word_1_260' title='bbox 851 4379 1078 4457; x_wconf 77' lang='lat' dir='ltr'>Lucenboure,</span> <span class='ocrx_word' id='word_1_261' title='bbox 1109 4380 1164 4460; x_wconf 86' lang='lat' dir='ltr'>qui</span> <span class='ocrx_word' id='word_1_262' title='bbox 1195 4380 1279 4463; x_wconf 89' lang='lat' dir='ltr'>apud</span> <span class='ocrx_word' id='word_1_263' title='bbox 1307 4380 1414 4444; x_wconf 89' lang='lat' dir='ltr'>sedem</span> <span class='ocrx_word' id='word_1_264' title='bbox 1437 4381 1645 4463; x_wconf 88' lang='lat' dir='ltr'>apostolicam</span> <span class='ocrx_word' id='word_1_265' title='bbox 1668 4382 1785 4449; x_wconf 90' lang='lat' dir='ltr'>debent</span> <span class='ocrx_word' id='word_1_266' title='bbox 1806 4404 1931 4466; x_wconf 86' lang='lat' dir='ltr'>vacare,</span> 
     </span>
     <span class='ocr_line' id='line_1_28' title="bbox 425 4482 1930 4569; baseline 0.003 -18"><span class='ocrx_word' id='word_1_267' title='bbox 425 4487 501 4552; x_wconf 89' lang='lat' dir='ltr'>dum</span> <span class='ocrx_word' id='word_1_268' title='bbox 524 4486 609 4551; x_wconf 90' lang='lat' dir='ltr'>idem</span> <span class='ocrx_word' id='word_1_269' title='bbox 631 4484 804 4551; x_wconf 88' lang='lat' dir='ltr'>Niccolaus</span> <span class='ocrx_word' id='word_1_270' title='bbox 826 4484 1061 4567; x_wconf 89' lang='lat' dir='ltr'>possessionem</span> <span class='ocrx_word' id='word_1_271' title='bbox 1084 4482 1250 4564; x_wconf 86' lang='lat' dir='ltr'>pacificam</span> <span class='ocrx_word' id='word_1_272' title='bbox 1272 4484 1474 4565; x_wconf 87' lang='lat' dir='ltr'>prepositure</span> <span class='ocrx_word' id='word_1_273' title='bbox 1497 4486 1632 4551; x_wconf 89' lang='lat' dir='ltr'>ecclesie</span> <span class='ocrx_word' id='word_1_274' title='bbox 1655 4487 1828 4569; x_wconf 86' lang='lat' dir='ltr'>Satzensis,</span> <span class='ocrx_word' id='word_1_275' title='bbox 1855 4490 1930 4556; x_wconf 89' lang='lat' dir='ltr'>Pra—</span> 
     </span>
     <span class='ocr_line' id='line_1_29' title="bbox 423 4586 1933 4677; baseline 0.003 -22"><span class='ocrx_word' id='word_1_276' title='bbox 423 4590 534 4673; x_wconf 79' lang='lat' dir='ltr'>gensis</span> <span class='ocrx_word' id='word_1_277' title='bbox 557 4589 706 4666; x_wconf 90' lang='lat' dir='ltr'>diocesis,</span> <span class='ocrx_word' id='word_1_278' title='bbox 730 4589 922 4654; x_wconf 89' lang='lat' dir='ltr'>auctoritate</span> <span class='ocrx_word' id='word_1_279' title='bbox 951 4587 1131 4651; x_wconf 90' lang='lat' dir='ltr'>litterarum</span> <span class='ocrx_word' id='word_1_280' title='bbox 1158 4590 1338 4651; x_wconf 80' lang='lat' dir='ltr'>vestrarum</span> <span class='ocrx_word' id='word_1_281' title='bbox 1357 4586 1454 4653; x_wconf 85' lang='lat' dir='ltr'>fuerit</span> <span class='ocrx_word' id='word_1_282' title='bbox 1481 4595 1659 4668; x_wconf 74' lang='lat' dir='ltr'>assecutus</span> <span class='ocrx_word' id='word_1_283' title='bbox 1687 4610 1757 4655; x_wconf 87' lang='lat' dir='ltr'>cum</span> <span class='ocrx_word' id='word_1_284' title='bbox 1785 4599 1933 4677; x_wconf 86' lang='lat' dir='ltr'>accepta·</span> 
     </span>
     <span class='ocr_line' id='line_1_30' title="bbox 420 4687 1931 4779; baseline 0.002 -20"><span class='ocrx_word' id='word_1_285' title='bbox 420 4694 525 4771; x_wconf 80' lang='lat' dir='ltr'>sione,</span> <span class='ocrx_word' id='word_1_286' title='bbox 543 4687 745 4770; x_wconf 88' lang='lat' dir='ltr'>inhibicione,</span> <span class='ocrx_word' id='word_1_287' title='bbox 762 4691 993 4768; x_wconf 71' lang='lat' dir='ltr'>reservatione,</span> <span class='ocrx_word' id='word_1_288' title='bbox 1010 4690 1138 4754; x_wconf 88' lang='lat' dir='ltr'>decreto</span> <span class='ocrx_word' id='word_1_289' title='bbox 1160 4696 1193 4753; x_wconf 93' lang='lat' dir='ltr'>et</span> <span class='ocrx_word' id='word_1_290' title='bbox 1216 4690 1360 4755; x_wconf 87' lang='lat' dir='ltr'>clausula</span> <span class='ocrx_word' id='word_1_291' title='bbox 1384 4692 1537 4758; x_wconf 81' lang='lat' dir='ltr'>anteferri</span> <span class='ocrx_word' id='word_1_292' title='bbox 1559 4693 1731 4776; x_wconf 82' lang='lat' dir='ltr'>dignemini</span> <span class='ocrx_word' id='word_1_293' title='bbox 1753 4697 1931 4779; x_wconf 86' lang='lat' dir='ltr'>providere,</span> 
     </span>
     <span class='ocr_line' id='line_1_31' title="bbox 421 4793 1931 4881; baseline 0.003 -20"><span class='ocrx_word' id='word_1_294' title='bbox 421 4817 483 4862; x_wconf 92' lang='lat' dir='ltr'>non</span> <span class='ocrx_word' id='word_1_295' title='bbox 507 4796 668 4874; x_wconf 87' lang='lat' dir='ltr'>obstante,</span> <span class='ocrx_word' id='word_1_296' title='bbox 685 4796 769 4878; x_wconf 90' lang='lat' dir='ltr'>quod</span> <span class='ocrx_word' id='word_1_297' title='bbox 792 4796 875 4860; x_wconf 91' lang='lat' dir='ltr'>idem</span> <span class='ocrx_word' id='word_1_298' title='bbox 891 4793 1055 4860; x_wconf 89' lang='lat' dir='ltr'>Johannes</span> <span class='ocrx_word' id='word_1_299' title='bbox 1079 4794 1300 4859; x_wconf 83' lang='lat' dir='ltr'>canonicatum</span> <span class='ocrx_word' id='word_1_300' title='bbox 1323 4801 1356 4857; x_wconf 90' lang='lat' dir='ltr'>et</span> <span class='ocrx_word' id='word_1_301' title='bbox 1378 4796 1573 4877; x_wconf 86' lang='lat' dir='ltr'>prebendam</span> <span class='ocrx_word' id='word_1_302' title='bbox 1594 4799 1730 4864; x_wconf 89' lang='lat' dir='ltr'>ecclesie</span> <span class='ocrx_word' id='word_1_303' title='bbox 1745 4799 1785 4864; x_wconf 94' lang='lat' dir='ltr'>de</span> <span class='ocrx_word' id='word_1_304' title='bbox 1801 4800 1931 4881; x_wconf 74' lang='lat' dir='ltr'>lutosa,</span> 
     </span>
     <span class='ocr_line' id='line_1_32' title="bbox 423 4898 1933 4977; baseline 0.003 -10"><span class='ocrx_word' id='word_1_305' title='bbox 423 4900 668 4967; x_wconf 86' lang='lat' dir='ltr'>Cameracensis</span> <span class='ocrx_word' id='word_1_306' title='bbox 692 4900 839 4977; x_wconf 89' lang='lat' dir='ltr'>diocesis,</span> <span class='ocrx_word' id='word_1_307' title='bbox 854 4898 997 4962; x_wconf 88' lang='lat' dir='ltr'>noscitur</span> <span class='ocrx_word' id='word_1_308' title='bbox 1013 4898 1166 4977; x_wconf 81' lang='lat' dir='ltr'>obtinere,</span> <span class='ocrx_word' id='word_1_309' title='bbox 1184 4903 1217 4961; x_wconf 93' lang='lat' dir='ltr'>ct</span> <span class='ocrx_word' id='word_1_310' title='bbox 1232 4917 1303 4961; x_wconf 89' lang='lat' dir='ltr'>cum</span> <span class='ocrx_word' id='word_1_311' title='bbox 1327 4898 1399 4964; x_wconf 85' lang='lat' dir='ltr'>aliis</span> <span class='ocrx_word' id='word_1_312' title='bbox 1421 4918 1483 4964; x_wconf 93' lang='lat' dir='ltr'>non</span> <span class='ocrx_word' id='word_1_313' title='bbox 1507 4901 1709 4967; x_wconf 90' lang='lat' dir='ltr'>obstantibus</span> <span class='ocrx_word' id='word_1_314' title='bbox 1732 4908 1764 4967; x_wconf 90' lang='lat' dir='ltr'>et</span> <span class='ocrx_word' id='word_1_315' title='bbox 1780 4904 1933 4971; x_wconf 87' lang='lat' dir='ltr'>clausulis</span> 
     </span>
     <span class='ocr_line' id='line_1_33' title="bbox 422 5003 903 5088; baseline -0.004 -19"><span class='ocrx_word' id='word_1_316' title='bbox 422 5004 592 5088; x_wconf 85' lang='lat' dir='ltr'>oportunis</span> <span class='ocrx_word' id='word_1_317' title='bbox 615 5009 648 5067; x_wconf 92' lang='lat' dir='ltr'>et</span> <span class='ocrx_word' id='word_1_318' title='bbox 671 5003 903 5070; x_wconf 86' lang='lat' dir='ltr'>executoribus.</span> 
     </span>
    </p>
   </div>
   <div class='ocr_carea' id='block_1_9' title="bbox 531 5141 1932 5231">
    <p class='ocr_par' dir='ltr' id='par_1_9' title="bbox 531 5141 1932 5231">
     <span class='ocr_line' id='line_1_34' title="bbox 531 5141 1932 5231; baseline 0.005 -24"><span class='ocrx_word' id='word_1_319' title='bbox 531 5143 605 5208; x_wconf 79' lang='lat' dir='ltr'>l&#39;iat</span> <span class='ocrx_word' id='word_1_320' title='bbox 629 5142 666 5206; x_wconf 83' lang='lat' dir='ltr'>a.</span> <span class='ocrx_word' id='word_1_321' title='bbox 691 5143 772 5208; x_wconf 91' lang='lat' dir='ltr'>Item</span> <span class='ocrx_word' id='word_1_322' title='bbox 796 5161 825 5223; x_wconf 90' lang='lat' dir='ltr'>q.</span> <span class='ocrx_word' id='word_1_323' title='bbox 849 5146 871 5206; x_wconf 89' lang='lat' dir='ltr'>t.</span> <span class='ocrx_word' id='word_1_324' title='bbox 898 5160 921 5205; x_wconf 88' lang='lat' dir='ltr'>s.</span> <span class='ocrx_word' id='word_1_325' title='bbox 948 5160 975 5205; x_wconf 88' lang='lat' dir='ltr'>a.</span> <span class='ocrx_word' id='word_1_326' title='bbox 1000 5141 1019 5205; x_wconf 95' lang='lat' dir='ltr'>l.</span> <span class='ocrx_word' id='word_1_327' title='bbox 1045 5141 1119 5205; x_wconf 84' lang='lat' dir='ltr'>Fiat</span> <span class='ocrx_word' id='word_1_328' title='bbox 1142 5141 1177 5205; x_wconf 84' lang='lat' dir='ltr'>lt.</span> <span class='ocrx_word' id='word_1_329' title='bbox 1204 5143 1241 5205; x_wconf 87' lang='lat' dir='ltr'>D.</span> <span class='ocrx_word' id='word_1_330' title='bbox 1267 5143 1425 5208; x_wconf 81' lang='lat' dir='ltr'>Aninione</span> <span class='ocrx_word' id='word_1_331' title='bbox 1448 5144 1494 5209; x_wconf 89' lang='lat' dir='ltr'>IX</span> <span class='ocrx_word' id='word_1_332' title='bbox 1518 5144 1580 5211; x_wconf 86' lang='lat' dir='ltr'>kal.</span> <span class='ocrx_word' id='word_1_333' title='bbox 1607 5147 1755 5212; x_wconf 88' lang='lat' dir='ltr'>Octobris</span> <span class='ocrx_word' id='word_1_334' title='bbox 1776 5168 1804 5212; x_wconf 91' lang='lat' dir='ltr'>a.</span> <span class='ocrx_word' id='word_1_335' title='bbox 1821 5151 1932 5231; x_wconf 92' lang='lat' dir='ltr'>primo.</span> 
     </span>
    </p>
   </div>
   <div class='ocr_carea' id='block_1_10' title="bbox 499 5321 1009 5400">
    <p class='ocr_par' dir='ltr' id='par_1_10' title="bbox 499 5321 1009 5400">
     <span class='ocr_line' id='line_1_35' title="bbox 499 5321 1009 5400; baseline -0.006 -14"><span class='ocrx_word' id='word_1_336' title='bbox 499 5321 501 5325; x_wconf 69' lang='grc'><strong>’</strong></span> <span class='ocrx_word' id='word_1_337' title='bbox 531 5331 681 5386; x_wconf 85' lang='lat' dir='ltr'>Clementis</span> <span class='ocrx_word' id='word_1_338' title='bbox 700 5330 739 5385; x_wconf 89' lang='lat' dir='ltr'>VI</span> <span class='ocrx_word' id='word_1_339' title='bbox 758 5330 776 5383; x_wconf 87' lang='lat' dir='ltr'>S</span> <span class='ocrx_word' id='word_1_340' title='bbox 795 5331 819 5400; x_wconf 71' lang='lat' dir='ltr'>lp&#39;</span> <span class='ocrx_word' id='word_1_341' title='bbox 856 5330 894 5399; x_wconf 89' lang='lat'>(1)</span> <span class='ocrx_word' id='word_1_342' title='bbox 913 5330 931 5383; x_wconf 83' lang='lat' dir='ltr'>f.</span> <span class='ocrx_word' id='word_1_343' title='bbox 951 5336 1009 5383; x_wconf 76' lang='lat' dir='ltr'>all.</span> 
     </span>
    </p>
   </div>
   <div class='ocr_carea' id='block_1_11' title="bbox 0 0 2606 7044">
    <p class='ocr_par' dir='ltr' id='par_1_11' title="bbox 0 0 2606 7044">
     <span class='ocr_line' id='line_1_36' title="bbox 0 0 2606 7044; baseline 0 0"><span class='ocrx_word' id='word_1_344' title='bbox 0 0 2606 7044; x_wconf 95' lang='lat' dir='ltr'> </span> 
     </span>
    </p>
   </div>
  </div>
 </body>
</html>
