<?xml version="1.0" encoding="UTF-8"?>
<!DOCTYPE html PUBLIC "-//W3C//DTD XHTML 1.0 Transitional//EN"
    "http://www.w3.org/TR/xhtml1/DTD/xhtml1-transitional.dtd">
<html xmlns="http://www.w3.org/1999/xhtml" xml:lang="en" lang="en">
 <head>
  <title>
</title>
<meta http-equiv="Content-Type" content="text/html;charset=utf-8" />
  <meta name='ocr-system' content='tesseract 3.04.00' />
  <meta name='ocr-capabilities' content='ocr_page ocr_carea ocr_par ocr_line ocrx_word'/>
</head>
<body>
  <div class='ocr_page' id='page_1' title='image "./monumentavatica01vatigoog_0612.png"; bbox 0 0 5184 7050; ppageno 0'>
   <div class='ocr_carea' id='block_1_1' title="bbox 688 827 754 893">
    <p class='ocr_par' dir='ltr' id='par_1_1' title="bbox 688 827 754 893">
     <span class='ocr_line' id='line_1_1' title="bbox 688 827 754 893; baseline 0 0"><span class='ocrx_word' id='word_1_1' title='bbox 688 827 754 893; x_wconf 78' lang='lat'><strong><em>590</em></strong></span> 
     </span>
    </p>
   </div>
   <div class='ocr_carea' id='block_1_2' title="bbox 683 1031 2203 2165">
    <p class='ocr_par' dir='ltr' id='par_1_2' title="bbox 683 1031 2203 2165">
     <span class='ocr_line' id='line_1_2' title="bbox 685 1031 2199 1117; baseline 0.001 -17"><span class='ocrx_word' id='word_1_2' title='bbox 685 1034 806 1100; x_wconf 75' lang='lat'><strong><em>1054.</em></strong></span> <span class='ocrx_word' id='word_1_3' title='bbox 830 1031 907 1098; x_wconf 75' lang='grc' dir='ltr'><strong><em>Οιιηι</em></strong></span> <span class='ocrx_word' id='word_1_4' title='bbox 941 1031 1140 1113; x_wconf 71' lang='lat' dir='ltr'><strong><em>tutnetnio,·)</em></strong></span> <span class='ocrx_word' id='word_1_5' title='bbox 1165 1037 1239 1096; x_wconf 76' lang='lat' dir='ltr'><strong><em>orato</em></strong></span> <span class='ocrx_word' id='word_1_6' title='bbox 1263 1057 1291 1096; x_wconf 89' lang='lat' dir='ltr'><strong><em>n.</em></strong></span> <span class='ocrx_word' id='word_1_7' title='bbox 1317 1054 1343 1095; x_wconf 86' lang='lat' dir='ltr'><strong><em>c.</em></strong></span> <span class='ocrx_word' id='word_1_8' title='bbox 1362 1031 1526 1096; x_wconf 78' lang='lat' dir='ltr'><strong><em>Sbinconis</em></strong></span> <span class='ocrx_word' id='word_1_9' title='bbox 1550 1033 1627 1096; x_wconf 83' lang='lat' dir='ltr'><strong><em>dicti</em></strong></span> <span class='ocrx_word' id='word_1_10' title='bbox 1650 1035 1792 1117; x_wconf 81' lang='lat' dir='ltr'><strong><em>Leporis,</em></strong></span> <span class='ocrx_word' id='word_1_11' title='bbox 1809 1035 1942 1112; x_wconf 75' lang='lat' dir='ltr'><strong><em>militis,</em></strong></span> <span class='ocrx_word' id='word_1_12' title='bbox 1959 1038 2115 1101; x_wconf 72' lang='lat' dir='ltr'><strong><em>aemonias</em></strong></span> <span class='ocrx_word' id='word_1_13' title='bbox 2133 1040 2199 1101; x_wconf 86' lang='lat' dir='ltr'><strong><em>Prn-</em></strong></span> 
     </span>
     <span class='ocr_line' id='line_1_3' title="bbox 683 1136 2200 1225; baseline 0.003 -24"><span class='ocrx_word' id='word_1_14' title='bbox 683 1136 782 1220; x_wconf 77' lang='lat' dir='ltr'><strong><em>pensi‚</em></strong></span> <span class='ocrx_word' id='word_1_15' title='bbox 798 1136 852 1217; x_wconf 79' lang='lat' dir='ltr'><strong><em>qni</em></strong></span> <span class='ocrx_word' id='word_1_16' title='bbox 867 1137 902 1200; x_wconf 90' lang='lat' dir='ltr'><strong><em>in</em></strong></span> <span class='ocrx_word' id='word_1_17' title='bbox 914 1136 1120 1201; x_wconf 67' lang='lat' dir='ltr'><strong><em>sextodecimo</em></strong></span> <span class='ocrx_word' id='word_1_18' title='bbox 1136 1156 1219 1201; x_wconf 75' lang='lat' dir='ltr'><strong><em>arcuo</em></strong></span> <span class='ocrx_word' id='word_1_19' title='bbox 1235 1137 1354 1201; x_wconf 88' lang='lat' dir='ltr'><strong><em>aetatis</em></strong></span> <span class='ocrx_word' id='word_1_20' title='bbox 1377 1136 1564 1202; x_wconf 84' lang='lat' dir='ltr'><strong><em>constitutus</em></strong></span> <span class='ocrx_word' id='word_1_21' title='bbox 1580 1142 1636 1216; x_wconf 81' lang='lat' dir='ltr'><strong><em>est,</em></strong></span> <span class='ocrx_word' id='word_1_22' title='bbox 1650 1137 1861 1221; x_wconf 73' lang='lat' dir='ltr'><strong><em>dispensatur</em></strong></span> <span class='ocrx_word' id='word_1_23' title='bbox 1882 1140 1931 1204; x_wconf 86' lang='lat' dir='ltr'><strong><em>ad</em></strong></span> <span class='ocrx_word' id='word_1_24' title='bbox 1945 1140 2200 1225; x_wconf 76' lang='lat' dir='ltr'><strong><em>supplicationes</em></strong></span> 
     </span>
     <span class='ocr_line' id='line_1_4' title="bbox 691 1239 2201 1330; baseline 0.008 -29"><span class='ocrx_word' id='word_1_25' title='bbox 691 1240 808 1320; x_wconf 64' lang='lat' dir='ltr'><strong><em>(jeron,</em></strong></span> <span class='ocrx_word' id='word_1_26' title='bbox 832 1242 1046 1305; x_wconf 81' lang='lat' dir='ltr'><strong><em>Itonnrnorum</em></strong></span> <span class='ocrx_word' id='word_1_27' title='bbox 1068 1244 1099 1304; x_wconf 90' lang='lat' dir='ltr'><strong><em>et</em></strong></span> <span class='ocrx_word' id='word_1_28' title='bbox 1121 1239 1292 1305; x_wconf 80' lang='lat' dir='ltr'><strong><em>Bobmnioe</em></strong></span> <span class='ocrx_word' id='word_1_29' title='bbox 1315 1241 1408 1322; x_wconf 75' lang='lat' dir='ltr'><strong><em>rapis,</em></strong></span> <span class='ocrx_word' id='word_1_30' title='bbox 1439 1245 1475 1306; x_wconf 88' lang='lat' dir='ltr'><strong><em>nt</em></strong></span> <span class='ocrx_word' id='word_1_31' title='bbox 1499 1243 1679 1325; x_wconf 87' lang='lat' dir='ltr'><strong><em>praemisso</em></strong></span> <span class='ocrx_word' id='word_1_32' title='bbox 1709 1243 1830 1308; x_wconf 86' lang='lat' dir='ltr'><strong><em>aetatis</em></strong></span> <span class='ocrx_word' id='word_1_33' title='bbox 1862 1243 2001 1324; x_wconf 73' lang='lat' dir='ltr'><strong><em>defectu</em></strong></span> <span class='ocrx_word' id='word_1_34' title='bbox 2030 1250 2064 1311; x_wconf 85' lang='lat' dir='ltr'><strong><em>et</em></strong></span> <span class='ocrx_word' id='word_1_35' title='bbox 2095 1246 2201 1330; x_wconf 64' lang='lat' dir='ltr'><strong><em>qenes</em></strong></span> 
     </span>
     <span class='ocr_line' id='line_1_5' title="bbox 689 1343 2203 1433; baseline 0.005 -23"><span class='ocrx_word' id='word_1_36' title='bbox 689 1365 810 1428; x_wconf 76' lang='lat' dir='ltr'><strong><em>cunque</em></strong></span> <span class='ocrx_word' id='word_1_37' title='bbox 830 1345 962 1409; x_wconf 90' lang='lat' dir='ltr'><strong><em>statutis</em></strong></span> <span class='ocrx_word' id='word_1_38' title='bbox 986 1363 1047 1409; x_wconf 90' lang='lat' dir='ltr'><strong><em>non</em></strong></span> <span class='ocrx_word' id='word_1_39' title='bbox 1067 1343 1261 1409; x_wconf 75' lang='lat' dir='ltr'><strong><em>obstantibus</em></strong></span> <span class='ocrx_word' id='word_1_40' title='bbox 1283 1344 1465 1426; x_wconf 65' lang='lat' dir='ltr'><strong><em>beneficium</em></strong></span> <span class='ocrx_word' id='word_1_41' title='bbox 1487 1344 1737 1411; x_wconf 81' lang='lat' dir='ltr'><strong><em>ecclesiasticum</em></strong></span> <span class='ocrx_word' id='word_1_42' title='bbox 1753 1368 1826 1412; x_wconf 88' lang='lat' dir='ltr'><strong><em>cum</em></strong></span> <span class='ocrx_word' id='word_1_43' title='bbox 1841 1368 1929 1413; x_wconf 86' lang='lat' dir='ltr'><strong><em>cura</em></strong></span> <span class='ocrx_word' id='word_1_44' title='bbox 1953 1354 2016 1415; x_wconf 74' lang='lat' dir='ltr'><strong><em>aest</em></strong></span> <span class='ocrx_word' id='word_1_45' title='bbox 2031 1351 2203 1433; x_wconf 70' lang='lat' dir='ltr'><strong><em>dipsitoku</em></strong></span> 
     </span>
     <span class='ocr_line' id='line_1_6' title="bbox 690 1448 2203 1540; baseline 0.004 -25"><span class='ocrx_word' id='word_1_46' title='bbox 690 1449 738 1515; x_wconf 82' lang='lat' dir='ltr'><strong><em>oei</em></strong></span> <span class='ocrx_word' id='word_1_47' title='bbox 755 1453 973 1532; x_wconf 77' lang='lat' dir='ltr'><strong><em>personotsun,</em></strong></span> <span class='ocrx_word' id='word_1_48' title='bbox 996 1448 1144 1513; x_wconf 87' lang='lat' dir='ltr'><strong><em>etiamsi</em></strong></span> <span class='ocrx_word' id='word_1_49' title='bbox 1166 1469 1276 1514; x_wconf 86' lang='lat' dir='ltr'><strong><em>curam</em></strong></span> <span class='ocrx_word' id='word_1_50' title='bbox 1297 1448 1414 1514; x_wconf 81' lang='lat' dir='ltr'><strong><em>babeat</em></strong></span> <span class='ocrx_word' id='word_1_51' title='bbox 1436 1449 1631 1526; x_wconf 79' lang='lat' dir='ltr'><strong><em>anincorsnn,</em></strong></span> <span class='ocrx_word' id='word_1_52' title='bbox 1655 1454 1713 1516; x_wconf 86' lang='lat' dir='ltr'><strong><em>aut</em></strong></span> <span class='ocrx_word' id='word_1_53' title='bbox 1734 1452 1833 1517; x_wconf 85' lang='lat' dir='ltr'><strong><em>etiam</em></strong></span> <span class='ocrx_word' id='word_1_54' title='bbox 1857 1452 1889 1517; x_wconf 80' lang='lat' dir='ltr'><strong><em>si</em></strong></span> <span class='ocrx_word' id='word_1_55' title='bbox 1912 1453 2070 1536; x_wconf 77' lang='lat' dir='ltr'><strong><em>dipsitas</em></strong></span> <span class='ocrx_word' id='word_1_56' title='bbox 2091 1455 2203 1540; x_wconf 80' lang='lat' dir='ltr'><strong><em>ipsuis</em></strong></span> 
     </span>
     <span class='ocr_line' id='line_1_7' title="bbox 691 1551 2203 1643; baseline 0.004 -23"><span class='ocrx_word' id='word_1_57' title='bbox 691 1551 872 1620; x_wconf 71' lang='lat' dir='ltr'><strong><em>cathedrali</em></strong></span> <span class='ocrx_word' id='word_1_58' title='bbox 900 1553 1003 1618; x_wconf 77' lang='lat' dir='ltr'><strong><em>accior</em></strong></span> <span class='ocrx_word' id='word_1_59' title='bbox 1032 1557 1106 1637; x_wconf 91' lang='lat' dir='ltr'><strong><em>post</em></strong></span> <span class='ocrx_word' id='word_1_60' title='bbox 1131 1552 1347 1636; x_wconf 76' lang='lat' dir='ltr'><strong><em>pontificalem</em></strong></span> <span class='ocrx_word' id='word_1_61' title='bbox 1380 1558 1409 1618; x_wconf 89' lang='lat' dir='ltr'><strong><em>et</em></strong></span> <span class='ocrx_word' id='word_1_62' title='bbox 1438 1555 1473 1619; x_wconf 86' lang='lat' dir='ltr'><strong><em>in</em></strong></span> <span class='ocrx_word' id='word_1_63' title='bbox 1501 1553 1669 1636; x_wconf 82' lang='lat' dir='ltr'><strong><em>coliepiato</em></strong></span> <span class='ocrx_word' id='word_1_64' title='bbox 1701 1554 1841 1621; x_wconf 76' lang='lat' dir='ltr'><strong><em>ecclesiis</em></strong></span> <span class='ocrx_word' id='word_1_65' title='bbox 1870 1557 2084 1643; x_wconf 68' lang='lat' dir='ltr'><strong><em>principalis</em></strong></span> <span class='ocrx_word' id='word_1_66' title='bbox 2104 1560 2203 1625; x_wconf 53' lang='grc' dir='ltr'><strong><em>αἰῶ</em></strong></span> 
     </span>
     <span class='ocr_line' id='line_1_8' title="bbox 690 1657 2202 1744; baseline 0.006 -22"><span class='ocrx_word' id='word_1_67' title='bbox 690 1662 720 1722; x_wconf 87' lang='lat' dir='ltr'><strong><em>et</em></strong></span> <span class='ocrx_word' id='word_1_68' title='bbox 743 1658 787 1722; x_wconf 91' lang='lat' dir='ltr'><strong><em>od</em></strong></span> <span class='ocrx_word' id='word_1_69' title='bbox 808 1678 879 1723; x_wconf 89' lang='lat' dir='ltr'><strong><em>eam</em></strong></span> <span class='ocrx_word' id='word_1_70' title='bbox 896 1678 957 1739; x_wconf 89' lang='lat' dir='ltr'><strong><em>per</em></strong></span> <span class='ocrx_word' id='word_1_71' title='bbox 978 1657 1154 1722; x_wconf 72' lang='lat' dir='ltr'><strong><em>electionem</em></strong></span> <span class='ocrx_word' id='word_1_72' title='bbox 1177 1658 1370 1723; x_wconf 78' lang='lat' dir='ltr'><strong><em>consueverit</em></strong></span> <span class='ocrx_word' id='word_1_73' title='bbox 1392 1659 1464 1740; x_wconf 79' lang='lat' dir='ltr'><strong><em>quis</em></strong></span> <span class='ocrx_word' id='word_1_74' title='bbox 1486 1660 1618 1738; x_wconf 63' lang='lat' dir='ltr'><strong><em>assumi</em></strong></span> <span class='ocrx_word' id='word_1_75' title='bbox 1640 1660 1670 1724; x_wconf 85' lang='lat' dir='ltr'><strong><em>si</em></strong></span> <span class='ocrx_word' id='word_1_76' title='bbox 1692 1659 1778 1725; x_wconf 81' lang='lat' dir='ltr'><strong><em>aiios</em></strong></span> <span class='ocrx_word' id='word_1_77' title='bbox 1800 1662 1831 1727; x_wconf 86' lang='lat' dir='ltr'><strong><em>ei</em></strong></span> <span class='ocrx_word' id='word_1_78' title='bbox 1853 1667 2058 1744; x_wconf 78' lang='lat' dir='ltr'><strong><em>conseratur</em></strong></span> <span class='ocrx_word' id='word_1_79' title='bbox 2079 1665 2126 1730; x_wconf 77' lang='lat' dir='ltr'><strong><em>od</em></strong></span> <span class='ocrx_word' id='word_1_80' title='bbox 2147 1685 2202 1731; x_wconf 74' lang='grc' dir='ltr'><strong><em>αι</em></strong></span> 
     </span>
     <span class='ocr_line' id='line_1_9' title="bbox 693 1761 2201 1850; baseline 0.006 -24"><span class='ocrx_word' id='word_1_81' title='bbox 693 1761 736 1827; x_wconf 87' lang='lat' dir='ltr'><strong><em>ad</em></strong></span> <span class='ocrx_word' id='word_1_82' title='bbox 758 1762 945 1844; x_wconf 77' lang='lat' dir='ltr'><strong><em>diprritatem</em></strong></span> <span class='ocrx_word' id='word_1_83' title='bbox 968 1762 1072 1845; x_wconf 86' lang='lat' dir='ltr'><strong><em>ipsum</em></strong></span> <span class='ocrx_word' id='word_1_84' title='bbox 1093 1762 1240 1826; x_wconf 73' lang='lat' dir='ltr'><strong><em>cirrunicr</em></strong></span> <span class='ocrx_word' id='word_1_85' title='bbox 1270 1763 1395 1850; x_wconf 9' lang='lat' dir='ltr'><strong><em>assumi*</em></strong></span> <span class='ocrx_word' id='word_1_86' title='bbox 1422 1762 1594 1844; x_wconf 64' lang='lat' dir='ltr'><strong><em>continuat,</em></strong></span> <span class='ocrx_word' id='word_1_87' title='bbox 1625 1763 1722 1829; x_wconf 84' lang='lat' dir='ltr'><strong><em>tibere</em></strong></span> <span class='ocrx_word' id='word_1_88' title='bbox 1751 1766 1892 1850; x_wconf 87' lang='lat' dir='ltr'><strong><em>recipere</em></strong></span> <span class='ocrx_word' id='word_1_89' title='bbox 1915 1772 1951 1833; x_wconf 90' lang='lat' dir='ltr'><strong><em>et</em></strong></span> <span class='ocrx_word' id='word_1_90' title='bbox 1973 1767 2068 1834; x_wconf 80' lang='lat' dir='ltr'><strong><em>licite</em></strong></span> <span class='ocrx_word' id='word_1_91' title='bbox 2088 1768 2201 1834; x_wconf 71' lang='lat' dir='ltr'><strong><em>reim</em></strong></span> 
     </span>
     <span class='ocr_line' id='line_1_10' title="bbox 686 1865 2198 1955; baseline 0.004 -24"><span class='ocrx_word' id='word_1_92' title='bbox 686 1866 800 1950; x_wconf 78' lang='lat' dir='ltr'><strong><em>possit,</em></strong></span> <span class='ocrx_word' id='word_1_93' title='bbox 819 1867 958 1951; x_wconf 90' lang='lat' dir='ltr'><strong><em>prooiso,</em></strong></span> <span class='ocrx_word' id='word_1_94' title='bbox 980 1866 1063 1949; x_wconf 76' lang='lat' dir='ltr'><strong><em>quod</em></strong></span> <span class='ocrx_word' id='word_1_95' title='bbox 1085 1865 1120 1930; x_wconf 83' lang='lat' dir='ltr'><strong><em>in</em></strong></span> <span class='ocrx_word' id='word_1_96' title='bbox 1141 1865 1284 1936; x_wconf 82' lang='lat' dir='ltr'><strong><em>beneticio</em></strong></span> <span class='ocrx_word' id='word_1_97' title='bbox 1306 1866 1368 1930; x_wconf 83' lang='lat' dir='ltr'><strong><em>tati</em></strong></span> <span class='ocrx_word' id='word_1_98' title='bbox 1389 1884 1468 1932; x_wconf 88' lang='lat' dir='ltr'><strong><em>curo</em></strong></span> <span class='ocrx_word' id='word_1_99' title='bbox 1485 1868 1669 1932; x_wconf 84' lang='lat' dir='ltr'><strong><em>animorum</em></strong></span> <span class='ocrx_word' id='word_1_100' title='bbox 1685 1889 1746 1933; x_wconf 92' lang='lat' dir='ltr'><strong><em>non</em></strong></span> <span class='ocrx_word' id='word_1_101' title='bbox 1765 1869 1965 1952; x_wconf 59' lang='lat' dir='ltr'><strong><em>cupiebatur,</em></strong></span> <span class='ocrx_word' id='word_1_102' title='bbox 1983 1877 2015 1937; x_wconf 86' lang='lat' dir='ltr'><strong><em>et</em></strong></span> <span class='ocrx_word' id='word_1_103' title='bbox 2037 1873 2121 1955; x_wconf 76' lang='lat' dir='ltr'><strong><em>quod</em></strong></span> <span class='ocrx_word' id='word_1_104' title='bbox 2134 1872 2198 1937; x_wconf 75' lang='lat' dir='ltr'><strong><em>idea</em></strong></span> 
     </span>
     <span class='ocr_line' id='line_1_11' title="bbox 690 1970 2197 2058; baseline 0.003 -22"><span class='ocrx_word' id='word_1_105' title='bbox 690 1970 814 2051; x_wconf 83' lang='lat' dir='ltr'><strong><em>Sbinco,</em></strong></span> <span class='ocrx_word' id='word_1_106' title='bbox 839 1993 909 2036; x_wconf 85' lang='lat' dir='ltr'><strong><em>cunr</em></strong></span> <span class='ocrx_word' id='word_1_107' title='bbox 933 1970 976 2036; x_wconf 88' lang='lat' dir='ltr'><strong><em>ad</em></strong></span> <span class='ocrx_word' id='word_1_108' title='bbox 998 1975 1135 2036; x_wconf 87' lang='lat' dir='ltr'><strong><em>aetatem</em></strong></span> <span class='ocrx_word' id='word_1_109' title='bbox 1158 1975 1269 2052; x_wconf 86' lang='lat' dir='ltr'><strong><em>aptam</em></strong></span> <span class='ocrx_word' id='word_1_110' title='bbox 1286 1971 1476 2055; x_wconf 75' lang='lat' dir='ltr'><strong><em>pervenerit,</em></strong></span> <span class='ocrx_word' id='word_1_111' title='bbox 1498 1993 1533 2036; x_wconf 90' lang='lat' dir='ltr'><strong><em>se</em></strong></span> <span class='ocrx_word' id='word_1_112' title='bbox 1556 1972 1599 2036; x_wconf 87' lang='lat' dir='ltr'><strong><em>ud</em></strong></span> <span class='ocrx_word' id='word_1_113' title='bbox 1614 1972 1739 2038; x_wconf 81' lang='lat' dir='ltr'><strong><em>ordines</em></strong></span> <span class='ocrx_word' id='word_1_114' title='bbox 1755 1979 1973 2058; x_wconf 79' lang='lat' dir='ltr'><strong><em>competentes</em></strong></span> <span class='ocrx_word' id='word_1_115' title='bbox 1993 1976 2127 2041; x_wconf 55' lang='lat' dir='ltr'><strong><em>stantis</em></strong></span> <span class='ocrx_word' id='word_1_116' title='bbox 2139 1980 2197 2040; x_wconf 67' lang='lat' dir='ltr'><strong><em>nn</em></strong></span> 
     </span>
     <span class='ocr_line' id='line_1_12' title="bbox 802 2075 2099 2165; baseline 0.004 -25"><span class='ocrx_word' id='word_1_117' title='bbox 802 2075 935 2159; x_wconf 80' lang='lat' dir='ltr'><strong><em>poribus</em></strong></span> <span class='ocrx_word' id='word_1_118' title='bbox 951 2076 1131 2159; x_wconf 86' lang='lat' dir='ltr'><strong><em>promoveri</em></strong></span> <span class='ocrx_word' id='word_1_119' title='bbox 1146 2075 1267 2157; x_wconf 85' lang='lat' dir='ltr'><strong><em>faciat.</em></strong></span> <span class='ocrx_word' id='word_1_120' title='bbox 1293 2077 1346 2156; x_wconf 81' lang='grc'><strong><em>,0.</em></strong></span> <span class='ocrx_word' id='word_1_121' title='bbox 1371 2075 1528 2141; x_wconf 75' lang='lat' dir='ltr'><strong><em>Aninionc</em></strong></span> <span class='ocrx_word' id='word_1_122' title='bbox 1551 2078 1611 2143; x_wconf 88' lang='lat' dir='ltr'><strong><em>III</em></strong></span> <span class='ocrx_word' id='word_1_123' title='bbox 1628 2076 1673 2142; x_wconf 86' lang='lat' dir='ltr'><strong><em>id.</em></strong></span> <span class='ocrx_word' id='word_1_124' title='bbox 1696 2079 1859 2146; x_wconf 72' lang='lat' dir='ltr'><strong><em>,Ianuarii</em></strong></span> <span class='ocrx_word' id='word_1_125' title='bbox 1881 2100 1914 2146; x_wconf 91' lang='lat' dir='ltr'><strong><em>a.</em></strong></span> <span class='ocrx_word' id='word_1_126' title='bbox 1940 2080 2099 2165; x_wconf 65' lang='lat' dir='ltr'><strong><em>septimo}</em></strong></span> 
     </span>
    </p>
   </div>
   <div class='ocr_carea' id='block_1_3' title="bbox 735 2196 2163 2320">
    <p class='ocr_par' dir='ltr' id='par_1_3' title="bbox 735 2196 2163 2320">
     <span class='ocr_line' id='line_1_13' title="bbox 735 2196 2163 2320; baseline -0.012 -15"><span class='ocrx_word' id='word_1_127' title='bbox 735 2196 792 2320; x_wconf 70' lang='lat' dir='ltr'><strong><em>,i</em></strong></span> <span class='ocrx_word' id='word_1_128' title='bbox 1631 2215 1794 2292; x_wconf 70' lang='lat' dir='ltr'><strong><em>neruiue,</em></strong></span> <span class='ocrx_word' id='word_1_129' title='bbox 1817 2219 1910 2283; x_wconf 75' lang='lat' dir='ltr'><strong><em>reno</em></strong></span> <span class='ocrx_word' id='word_1_130' title='bbox 1934 2220 2100 2286; x_wconf 69' lang='lat' dir='ltr'><strong><em>namo</em></strong></span> <span class='ocrx_word' id='word_1_131' title='bbox 2118 2223 2163 2288; x_wconf 86' lang='lat' dir='ltr'><strong><em>n.</em></strong></span> 
     </span>
    </p>
   </div>
   <div class='ocr_carea' id='block_1_4' title="bbox 698 2368 2187 2525">
    <p class='ocr_par' dir='ltr' id='par_1_4' title="bbox 698 2368 2187 2525">
     <span class='ocr_line' id='line_1_14' title="bbox 797 2368 2187 2443; baseline 0 -19"><span class='ocrx_word' id='word_1_132' title='bbox 797 2368 945 2425; x_wconf 80' lang='lat' dir='ltr'><strong><em>Clementis</em></strong></span> <span class='ocrx_word' id='word_1_133' title='bbox 963 2369 1002 2424; x_wconf 81' lang='lat' dir='ltr'><strong><em>VI</em></strong></span> <span class='ocrx_word' id='word_1_134' title='bbox 1020 2373 1052 2423; x_wconf 84' lang='grc' dir='ltr'><strong><em>Α.</em></strong></span> <span class='ocrx_word' id='word_1_135' title='bbox 1072 2370 1147 2439; x_wconf 68' lang='lat' dir='ltr'>VIIsl</span> <span class='ocrx_word' id='word_1_136' title='bbox 1170 2370 1224 2437; x_wconf 70' lang='lat' dir='ltr'><strong><em>(uti</em></strong></span> <span class='ocrx_word' id='word_1_137' title='bbox 1239 2371 1256 2422; x_wconf 83' lang='lat' dir='ltr'><strong><em>i.</em></strong></span> <span class='ocrx_word' id='word_1_138' title='bbox 1271 2375 1330 2436; x_wconf 76' lang='grc'><strong>354,</strong></span> <span class='ocrx_word' id='word_1_139' title='bbox 1351 2369 1384 2424; x_wconf 84' lang='lat' dir='ltr'><strong><em>do</em></strong></span> <span class='ocrx_word' id='word_1_140' title='bbox 1397 2369 1519 2437; x_wconf 85' lang='lat' dir='ltr'><strong><em>indultis,</em></strong></span> <span class='ocrx_word' id='word_1_141' title='bbox 1539 2369 1690 2439; x_wconf 79' lang='lat' dir='ltr'><strong><em>privilegiis</em></strong></span> <span class='ocrx_word' id='word_1_142' title='bbox 1710 2379 1737 2426; x_wconf 85' lang='lat' dir='ltr'><strong><em>et</em></strong></span> <span class='ocrx_word' id='word_1_143' title='bbox 1756 2370 2024 2440; x_wconf 81' lang='lat' dir='ltr'><strong><em>dispensationibus</em></strong></span> <span class='ocrx_word' id='word_1_144' title='bbox 2043 2390 2087 2443; x_wconf 83' lang='lat' dir='ltr'><strong><em>qu.</em></strong></span> <span class='ocrx_word' id='word_1_145' title='bbox 2105 2372 2187 2427; x_wconf 58' lang='grc' dir='ltr'><strong><em>θεῖ.</em></strong></span> 
     </span>
     <span class='ocr_line' id='line_1_15' title="bbox 698 2456 1306 2525; baseline -0.01 -10"><span class='ocrx_word' id='word_1_146' title='bbox 698 2462 744 2515; x_wconf 75' lang='grc'><strong><em>187</em></strong></span> <span class='ocrx_word' id='word_1_147' title='bbox 763 2457 782 2511; x_wconf 82' lang='lat' dir='ltr'><strong><em>t.</em></strong></span> <span class='ocrx_word' id='word_1_148' title='bbox 795 2464 841 2512; x_wconf 77' lang='lat'><strong><em>411</em></strong></span> <span class='ocrx_word' id='word_1_149' title='bbox 863 2463 1029 2512; x_wconf 77' lang='lat' dir='ltr'><strong><em>n.119‘2.-</em></strong></span> <span class='ocrx_word' id='word_1_150' title='bbox 1057 2460 1080 2524; x_wconf 79' lang='lat'><strong><em>⁸)</em></strong></span> <span class='ocrx_word' id='word_1_151' title='bbox 1099 2456 1255 2525; x_wconf 84' lang='lat' dir='ltr'><strong><em>,Willelmo‘</em></strong></span> <span class='ocrx_word' id='word_1_152' title='bbox 1274 2460 1306 2509; x_wconf 81' lang='lat' dir='ltr'><strong><em>A.</em></strong></span> 
     </span>
    </p>
   </div>
   <div class='ocr_carea' id='block_1_5' title="bbox 693 2823 2233 5818">
    <p class='ocr_par' dir='ltr' id='par_1_5' title="bbox 693 2823 2233 5818">
     <span class='ocr_line' id='line_1_16' title="bbox 695 2823 2182 2909; baseline -0.001 -15"><span class='ocrx_word' id='word_1_153' title='bbox 695 2829 814 2895; x_wconf 81' lang='lat'><strong><em>1055.</em></strong></span> <span class='ocrx_word' id='word_1_154' title='bbox 844 2825 1087 2909; x_wconf 76' lang='lat' dir='ltr'><strong><em>Arcioiepiscopo</em></strong></span> <span class='ocrx_word' id='word_1_155' title='bbox 1121 2825 1277 2905; x_wconf 82' lang='lat' dir='ltr'><strong><em>i&#39;rapcnsi</em></strong></span> <span class='ocrx_word' id='word_1_156' title='bbox 1314 2823 1497 2898; x_wconf 65' lang='lat' dir='ltr'><strong><em>recondatur,</em></strong></span> <span class='ocrx_word' id='word_1_157' title='bbox 1532 2828 1566 2887; x_wconf 87' lang='lat' dir='ltr'><strong><em>ut</em></strong></span> <span class='ocrx_word' id='word_1_158' title='bbox 1598 2828 1722 2889; x_wconf 89' lang='lat' dir='ltr'><strong><em>statuta</em></strong></span> <span class='ocrx_word' id='word_1_159' title='bbox 1760 2827 1956 2892; x_wconf 80' lang='lat' dir='ltr'><strong><em>nmrrasterii</em></strong></span> <span class='ocrx_word' id='word_1_160' title='bbox 1996 2829 2182 2902; x_wconf 74' lang='lat' dir='ltr'><strong><em>Ibuinioensis</em></strong></span> 
     </span>
     <span class='ocr_line' id='line_1_17' title="bbox 811 2928 2233 3065; baseline 0.001 -69"><span class='ocrx_word' id='word_1_161' title='bbox 811 2931 933 2997; x_wconf 85' lang='lat' dir='ltr'><strong><em>ordinis</em></strong></span> <span class='ocrx_word' id='word_1_162' title='bbox 954 2931 1061 2997; x_wconf 85' lang='lat' dir='ltr'><strong><em>sancti</em></strong></span> <span class='ocrx_word' id='word_1_163' title='bbox 1083 2928 1265 3011; x_wconf 69' lang='lat' dir='ltr'><strong><em>Aucustini,</em></strong></span> <span class='ocrx_word' id='word_1_164' title='bbox 1288 2930 1457 3012; x_wconf 81' lang='lat' dir='ltr'><strong><em>confirmet,</em></strong></span> <span class='ocrx_word' id='word_1_165' title='bbox 1481 2929 1575 2994; x_wconf 70' lang='lat' dir='ltr'><strong><em>centis</em></strong></span> <span class='ocrx_word' id='word_1_166' title='bbox 1593 2929 1724 3011; x_wconf 74' lang='lat' dir='ltr'><strong><em>punctr&#39;s</em></strong></span> <span class='ocrx_word' id='word_1_167' title='bbox 1747 2951 1787 2994; x_wconf 81' lang='lat' dir='ltr'><strong><em>ee</em></strong></span> <span class='ocrx_word' id='word_1_168' title='bbox 1809 2929 1934 3011; x_wconf 81' lang='lat' dir='ltr'><strong><em>eisdem</em></strong></span> <span class='ocrx_word' id='word_1_169' title='bbox 1957 2932 2103 2998; x_wconf 75' lang='lat' dir='ltr'><strong><em>sublatis.</em></strong></span> <span class='ocrx_word' id='word_1_170' title='bbox 2231 2996 2233 3065; x_wconf 32' lang='grc'>1</span> 
     </span>
     <span class='ocr_line' id='line_1_18' title="bbox 736 3034 2157 3159; baseline -0.004 -15"><span class='ocrx_word' id='word_1_171' title='bbox 736 3034 795 3159; x_wconf 53' lang='grc' dir='ltr'><strong><em>ἐξ,</em></strong></span> <span class='ocrx_word' id='word_1_172' title='bbox 1630 3067 1793 3148; x_wconf 70' lang='lat' dir='ltr'><strong><em>Annum,</em></strong></span> <span class='ocrx_word' id='word_1_173' title='bbox 1816 3071 1909 3135; x_wconf 80' lang='lat'><strong><em>1349</em></strong></span> <span class='ocrx_word' id='word_1_174' title='bbox 1932 3074 2095 3140; x_wconf 66' lang='lat' dir='ltr'><strong><em>samana</em></strong></span> <span class='ocrx_word' id='word_1_175' title='bbox 2114 3078 2157 3139; x_wconf 87' lang='lat' dir='ltr'><strong><em>n.</em></strong></span> 
     </span>
     <span class='ocr_line' id='line_1_19' title="bbox 798 3223 2185 3312; baseline 0.001 -20"><span class='ocrx_word' id='word_1_176' title='bbox 798 3228 836 3292; x_wconf 89' lang='lat' dir='ltr'><strong><em>V.</em></strong></span> <span class='ocrx_word' id='word_1_177' title='bbox 859 3229 880 3293; x_wconf 84' lang='lat' dir='ltr'><strong><em>f.</em></strong></span> <span class='ocrx_word' id='word_1_178' title='bbox 906 3278 913 3292; x_wconf 88' lang='lat'><strong>.</strong></span> <span class='ocrx_word' id='word_1_179' title='bbox 938 3279 944 3292; x_wconf 92' lang='lat'><em>.</em></span> <span class='ocrx_word' id='word_1_180' title='bbox 970 3226 1209 3309; x_wconf 82' lang='lat' dir='ltr'><strong><em>archiepiscopo</em></strong></span> <span class='ocrx_word' id='word_1_181' title='bbox 1246 3225 1395 3308; x_wconf 80' lang='lat' dir='ltr'><strong><em>Prageusi</em></strong></span> <span class='ocrx_word' id='word_1_182' title='bbox 1427 3244 1452 3288; x_wconf 89' lang='lat' dir='ltr'><strong><em>s.</em></strong></span> <span class='ocrx_word' id='word_1_183' title='bbox 1484 3231 1544 3289; x_wconf 88' lang='lat' dir='ltr'><strong><em>etc.</em></strong></span> <span class='ocrx_word' id='word_1_184' title='bbox 1581 3223 1742 3290; x_wconf 82' lang='lat' dir='ltr'><strong><em>Honestss</em></strong></span> <span class='ocrx_word' id='word_1_185' title='bbox 1772 3223 1919 3293; x_wconf 88' lang='lat' dir='ltr'><strong><em>fidelium</em></strong></span> <span class='ocrx_word' id='word_1_186' title='bbox 1953 3249 2071 3312; x_wconf 83' lang='lat' dir='ltr'><strong><em>preces</em></strong></span> <span class='ocrx_word' id='word_1_187' title='bbox 2096 3230 2185 3297; x_wconf 84' lang='lat' dir='ltr'><strong><em>inbiis</em></strong></span> 
     </span>
     <span class='ocr_line' id='line_1_20' title="bbox 693 3328 2187 3419; baseline 0.001 -21"><span class='ocrx_word' id='word_1_188' title='bbox 693 3334 870 3416; x_wconf 84' lang='lat' dir='ltr'><strong><em>presertim,</em></strong></span> <span class='ocrx_word' id='word_1_189' title='bbox 894 3353 956 3415; x_wconf 80' lang='lat' dir='ltr'><strong><em>que</em></strong></span> <span class='ocrx_word' id='word_1_190' title='bbox 980 3332 1076 3397; x_wconf 88' lang='lat' dir='ltr'><strong><em>divini</em></strong></span> <span class='ocrx_word' id='word_1_191' title='bbox 1101 3330 1204 3395; x_wconf 85' lang='lat' dir='ltr'><strong><em>cultus</em></strong></span> <span class='ocrx_word' id='word_1_192' title='bbox 1228 3347 1380 3410; x_wconf 74' lang='lat' dir='ltr'><strong><em>sanieque</em></strong></span> <span class='ocrx_word' id='word_1_193' title='bbox 1403 3328 1566 3412; x_wconf 84' lang='lat' dir='ltr'><strong><em>religionis</em></strong></span> <span class='ocrx_word' id='word_1_194' title='bbox 1590 3334 1793 3412; x_wconf 84' lang='lat' dir='ltr'><strong><em>augmentum</em></strong></span> <span class='ocrx_word' id='word_1_195' title='bbox 1816 3332 2015 3414; x_wconf 78' lang='lat' dir='ltr'><strong><em>respiciunt,</em></strong></span> <span class='ocrx_word' id='word_1_196' title='bbox 2040 3336 2187 3419; x_wconf 74' lang='lat' dir='ltr'><strong><em>apostolico</em></strong></span> 
     </span>
     <span class='ocr_line' id='line_1_21' title="bbox 696 3431 2188 3525; baseline 0.003 -22"><span class='ocrx_word' id='word_1_197' title='bbox 696 3438 832 3503; x_wconf 87' lang='lat' dir='ltr'><strong><em>libenter</em></strong></span> <span class='ocrx_word' id='word_1_198' title='bbox 853 3438 963 3502; x_wconf 81' lang='lat' dir='ltr'><strong><em>favore</em></strong></span> <span class='ocrx_word' id='word_1_199' title='bbox 987 3437 1243 3519; x_wconf 73' lang='lat' dir='ltr'><strong><em>prosequimur··)</em></strong></span> <span class='ocrx_word' id='word_1_200' title='bbox 1267 3440 1301 3498; x_wconf 85' lang='lat' dir='ltr'><strong><em>et</em></strong></span> <span class='ocrx_word' id='word_1_201' title='bbox 1323 3433 1363 3497; x_wconf 86' lang='lat' dir='ltr'><strong><em>ad</em></strong></span> <span class='ocrx_word' id='word_1_202' title='bbox 1386 3431 1533 3498; x_wconf 79' lang='lat' dir='ltr'><strong><em>effectum</em></strong></span> <span class='ocrx_word' id='word_1_203' title='bbox 1556 3433 1742 3516; x_wconf 78' lang='lat' dir='ltr'><strong><em>perducere,</em></strong></span> <span class='ocrx_word' id='word_1_204' title='bbox 1775 3439 1936 3515; x_wconf 84' lang='lat' dir='ltr'><strong><em>quantum</em></strong></span> <span class='ocrx_word' id='word_1_205' title='bbox 1962 3459 2036 3505; x_wconf 90' lang='lat' dir='ltr'><strong><em>cum</em></strong></span> <span class='ocrx_word' id='word_1_206' title='bbox 2061 3441 2118 3507; x_wconf 85' lang='lat' dir='ltr'><strong><em>deo</em></strong></span> <span class='ocrx_word' id='word_1_207' title='bbox 2137 3458 2188 3525; x_wconf 72' lang='lat' dir='ltr'><strong><em>pos</em></strong></span> 
     </span>
     <span class='ocr_line' id='line_1_22' title="bbox 693 3538 2189 3626; baseline -0.001 -17"><span class='ocrx_word' id='word_1_208' title='bbox 693 3563 812 3622; x_wconf 67' lang='lat' dir='ltr'><strong><em>sumus</em></strong></span> <span class='ocrx_word' id='word_1_209' title='bbox 835 3560 1051 3626; x_wconf 81' lang='lat' dir='ltr'><strong><em>procuramus.</em></strong></span> <span class='ocrx_word' id='word_1_210' title='bbox 1098 3541 1180 3607; x_wconf 84' lang='lat' dir='ltr'><strong><em>Sanc</em></strong></span> <span class='ocrx_word' id='word_1_211' title='bbox 1210 3540 1327 3622; x_wconf 87' lang='lat' dir='ltr'><strong><em>peticio</em></strong></span> <span class='ocrx_word' id='word_1_212' title='bbox 1357 3558 1415 3620; x_wconf 91' lang='lat' dir='ltr'><strong><em>pro</em></strong></span> <span class='ocrx_word' id='word_1_213' title='bbox 1447 3543 1538 3619; x_wconf 82' lang='lat' dir='ltr'><strong><em>parte</em></strong></span> <span class='ocrx_word' id='word_1_214' title='bbox 1569 3539 1620 3604; x_wconf 89' lang='lat' dir='ltr'><strong><em>dd.</em></strong></span> <span class='ocrx_word' id='word_1_215' title='bbox 1651 3538 1683 3605; x_wconf 85' lang='lat' dir='ltr'><strong><em>ff.</em></strong></span> <span class='ocrx_word' id='word_1_216' title='bbox 1708 3589 1714 3602; x_wconf 91' lang='lat'><em>.</em></span> <span class='ocrx_word' id='word_1_217' title='bbox 1741 3589 1747 3603; x_wconf 92' lang='lat'><em>.</em></span> <span class='ocrx_word' id='word_1_218' title='bbox 1779 3541 1942 3622; x_wconf 87' lang='lat' dir='ltr'><strong><em>prepositi</em></strong></span> <span class='ocrx_word' id='word_1_219' title='bbox 1975 3551 2009 3610; x_wconf 84' lang='lat' dir='ltr'><strong><em>et</em></strong></span> <span class='ocrx_word' id='word_1_220' title='bbox 2043 3551 2189 3612; x_wconf 71' lang='lat' dir='ltr'><strong><em>conventus</em></strong></span> 
     </span>
     <span class='ocr_line' id='line_1_23' title="bbox 693 3643 2189 3735; baseline 0.001 -21"><span class='ocrx_word' id='word_1_221' title='bbox 693 3648 876 3714; x_wconf 84' lang='lat' dir='ltr'><strong><em>monasterii</em></strong></span> <span class='ocrx_word' id='word_1_222' title='bbox 900 3646 1131 3727; x_wconf 72' lang='lat' dir='ltr'><strong><em>Rurlnyeensis,</em></strong></span> <span class='ocrx_word' id='word_1_223' title='bbox 1148 3664 1205 3728; x_wconf 90' lang='lat' dir='ltr'><strong><em>per</em></strong></span> <span class='ocrx_word' id='word_1_224' title='bbox 1228 3645 1425 3725; x_wconf 85' lang='lat' dir='ltr'><strong><em>prepositum</em></strong></span> <span class='ocrx_word' id='word_1_225' title='bbox 1448 3643 1533 3708; x_wconf 84' lang='lat' dir='ltr'><strong><em>soliti</em></strong></span> <span class='ocrx_word' id='word_1_226' title='bbox 1557 3643 1736 3727; x_wconf 80' lang='lat' dir='ltr'><strong><em>gubernari,</em></strong></span> <span class='ocrx_word' id='word_1_227' title='bbox 1751 3643 1876 3710; x_wconf 87' lang='lat' dir='ltr'><strong><em>ordinis</em></strong></span> <span class='ocrx_word' id='word_1_228' title='bbox 1899 3652 2011 3715; x_wconf 82' lang='lat' dir='ltr'><strong><em>sancti</em></strong></span> <span class='ocrx_word' id='word_1_229' title='bbox 2036 3650 2189 3735; x_wconf 68' lang='lat' dir='ltr'><strong><em>supsnu</em></strong></span> 
     </span>
     <span class='ocr_line' id='line_1_24' title="bbox 694 3748 2190 3840; baseline 0.003 -23"><span class='ocrx_word' id='word_1_230' title='bbox 694 3753 863 3837; x_wconf 78' lang='lat' dir='ltr'><strong><em>Prcgcusis</em></strong></span> <span class='ocrx_word' id='word_1_231' title='bbox 894 3752 1041 3831; x_wconf 82' lang='lat' dir='ltr'><strong><em>diocesis,</em></strong></span> <span class='ocrx_word' id='word_1_232' title='bbox 1073 3750 1162 3814; x_wconf 87' lang='lat' dir='ltr'><strong><em>nobis</em></strong></span> <span class='ocrx_word' id='word_1_233' title='bbox 1194 3750 1336 3813; x_wconf 61' lang='lat' dir='ltr'><strong><em>‹exiiibits</em></strong></span> <span class='ocrx_word' id='word_1_234' title='bbox 1367 3749 1557 3826; x_wconf 80' lang='lat' dir='ltr'><strong><em>continebat,</em></strong></span> <span class='ocrx_word' id='word_1_235' title='bbox 1589 3748 1673 3830; x_wconf 87' lang='lat' dir='ltr'><strong><em>quod</em></strong></span> <span class='ocrx_word' id='word_1_236' title='bbox 1702 3748 1786 3826; x_wconf 76' lang='lat' dir='ltr'><strong><em>olim,</em></strong></span> <span class='ocrx_word' id='word_1_237' title='bbox 1818 3751 2014 3834; x_wconf 84' lang='lat' dir='ltr'><strong><em>priusquam</em></strong></span> <span class='ocrx_word' id='word_1_238' title='bbox 2049 3755 2190 3840; x_wconf 67' lang='lat' dir='ltr'><strong><em>ringens</em></strong></span> 
     </span>
     <span class='ocr_line' id='line_1_25' title="bbox 694 3852 2187 3943; baseline -0.001 -20"><span class='ocrx_word' id='word_1_239' title='bbox 694 3857 885 3923; x_wconf 77' lang='lat' dir='ltr'><strong><em>ecclesisis</em></strong></span> <span class='ocrx_word' id='word_1_240' title='bbox 909 3855 1182 3937; x_wconf 78' lang='lat' dir='ltr'><strong><em>metropolimnam</em></strong></span> <span class='ocrx_word' id='word_1_241' title='bbox 1206 3853 1320 3918; x_wconf 85' lang='lat' dir='ltr'><strong><em>fuisset</em></strong></span> <span class='ocrx_word' id='word_1_242' title='bbox 1343 3857 1459 3930; x_wconf 66' lang='lat' dir='ltr'><strong><em>cresin</em></strong></span> <span class='ocrx_word' id='word_1_243' title='bbox 1492 3853 1521 3916; x_wconf 92' lang='lat' dir='ltr'><strong><em>b.</em></strong></span> <span class='ocrx_word' id='word_1_244' title='bbox 1553 3871 1592 3916; x_wconf 91' lang='lat' dir='ltr'><strong><em>m.</em></strong></span> <span class='ocrx_word' id='word_1_245' title='bbox 1617 3852 1789 3931; x_wconf 77' lang='lat' dir='ltr'><strong><em>iohannes,</em></strong></span> <span class='ocrx_word' id='word_1_246' title='bbox 1823 3856 2005 3939; x_wconf 87' lang='lat' dir='ltr'><strong><em>episcopus</em></strong></span> <span class='ocrx_word' id='word_1_247' title='bbox 2033 3860 2187 3943; x_wconf 74' lang='lat' dir='ltr'><strong><em>Fregenis</em></strong></span> 
     </span>
     <span class='ocr_line' id='line_1_26' title="bbox 695 3957 2187 4044; baseline -0.001 -19"><span class='ocrx_word' id='word_1_248' title='bbox 695 3962 902 4044; x_wconf 87' lang='lat' dir='ltr'><strong><em>predecessor</em></strong></span> <span class='ocrx_word' id='word_1_249' title='bbox 925 3965 1010 4038; x_wconf 82' lang='lat' dir='ltr'><strong><em>tuus,</em></strong></span> <span class='ocrx_word' id='word_1_250' title='bbox 1035 3960 1107 4024; x_wconf 89' lang='lat' dir='ltr'><strong><em>dum</em></strong></span> <span class='ocrx_word' id='word_1_251' title='bbox 1131 3961 1262 4036; x_wconf 74' lang='lat' dir='ltr'><strong><em>vireret,</em></strong></span> <span class='ocrx_word' id='word_1_252' title='bbox 1279 3958 1438 4040; x_wconf 82' lang='lat' dir='ltr'><strong><em>prefatum</em></strong></span> <span class='ocrx_word' id='word_1_253' title='bbox 1455 3959 1680 4022; x_wconf 80' lang='lat' dir='ltr'><strong><em>monasterium</em></strong></span> <span class='ocrx_word' id='word_1_254' title='bbox 1700 3957 1740 4022; x_wconf 87' lang='lat' dir='ltr'><strong><em>ad</em></strong></span> <span class='ocrx_word' id='word_1_255' title='bbox 1756 3957 1911 4024; x_wconf 90' lang='lat' dir='ltr'><strong><em>honorem</em></strong></span> <span class='ocrx_word' id='word_1_256' title='bbox 1934 3967 1970 4025; x_wconf 86' lang='lat' dir='ltr'><strong><em>et</em></strong></span> <span class='ocrx_word' id='word_1_257' title='bbox 1986 3964 2046 4028; x_wconf 90' lang='lat' dir='ltr'><strong><em>sub</em></strong></span> <span class='ocrx_word' id='word_1_258' title='bbox 2063 3961 2187 4029; x_wconf 76' lang='lat' dir='ltr'><strong><em>vocabulo</em></strong></span> 
     </span>
     <span class='ocr_line' id='line_1_27' title="bbox 694 4062 2186 4147; baseline -0.002 -17"><span class='ocrx_word' id='word_1_259' title='bbox 694 4068 787 4130; x_wconf 84' lang='lat' dir='ltr'><strong><em>beate</em></strong></span> <span class='ocrx_word' id='word_1_260' title='bbox 809 4065 909 4129; x_wconf 80' lang='lat' dir='ltr'><strong><em>Maris</em></strong></span> <span class='ocrx_word' id='word_1_261' title='bbox 928 4065 1065 4144; x_wconf 66' lang='lat' dir='ltr'><strong><em>Virginis</em></strong></span> <span class='ocrx_word' id='word_1_262' title='bbox 1090 4064 1121 4127; x_wconf 90' lang='lat' dir='ltr'><strong><em>in</em></strong></span> <span class='ocrx_word' id='word_1_263' title='bbox 1145 4063 1260 4147; x_wconf 89' lang='lat' dir='ltr'><strong><em>oppido</em></strong></span> <span class='ocrx_word' id='word_1_264' title='bbox 1284 4064 1324 4127; x_wconf 88' lang='lat' dir='ltr'><strong><em>do</em></strong></span> <span class='ocrx_word' id='word_1_265' title='bbox 1347 4062 1507 4143; x_wconf 77' lang='lat' dir='ltr'><strong><em>anluyrn,</em></strong></span> <span class='ocrx_word' id='word_1_266' title='bbox 1524 4063 1694 4141; x_wconf 71' lang='lat' dir='ltr'><strong><em>Prugcusis</em></strong></span> <span class='ocrx_word' id='word_1_267' title='bbox 1711 4062 1859 4140; x_wconf 80' lang='lat' dir='ltr'><strong><em>diocesis,</em></strong></span> <span class='ocrx_word' id='word_1_268' title='bbox 1885 4064 1929 4129; x_wconf 87' lang='lat' dir='ltr'><strong><em>ad</em></strong></span> <span class='ocrx_word' id='word_1_269' title='bbox 1946 4073 2042 4132; x_wconf 86' lang='lat' dir='ltr'><strong><em>tuum</em></strong></span> <span class='ocrx_word' id='word_1_270' title='bbox 2058 4065 2186 4147; x_wconf 79' lang='lat' dir='ltr'><strong><em>archiepi-</em></strong></span> 
     </span>
     <span class='ocr_line' id='line_1_28' title="bbox 696 4166 2184 4252; baseline -0.003 -17"><span class='ocrx_word' id='word_1_271' title='bbox 696 4177 859 4252; x_wconf 84' lang='lat' dir='ltr'><strong><em>scopatum</em></strong></span> <span class='ocrx_word' id='word_1_272' title='bbox 889 4176 964 4233; x_wconf 82' lang='lat' dir='ltr'><strong><em>tuuc</em></strong></span> <span class='ocrx_word' id='word_1_273' title='bbox 995 4170 1213 4250; x_wconf 84' lang='lat' dir='ltr'><strong><em>episcopatum</em></strong></span> <span class='ocrx_word' id='word_1_274' title='bbox 1248 4170 1440 4249; x_wconf 83' lang='lat' dir='ltr'><strong><em>Prngcusem</em></strong></span> <span class='ocrx_word' id='word_1_275' title='bbox 1474 4168 1665 4248; x_wconf 81' lang='lat' dir='ltr'><strong><em>pertinente,</em></strong></span> <span class='ocrx_word' id='word_1_276' title='bbox 1700 4166 1739 4229; x_wconf 84' lang='lat' dir='ltr'><strong><em>de</em></strong></span> <span class='ocrx_word' id='word_1_277' title='bbox 1774 4167 1867 4232; x_wconf 88' lang='lat' dir='ltr'><strong><em>bouis</em></strong></span> <span class='ocrx_word' id='word_1_278' title='bbox 1895 4169 1940 4232; x_wconf 84' lang='lat' dir='ltr'><strong><em>ad</em></strong></span> <span class='ocrx_word' id='word_1_279' title='bbox 1978 4190 2052 4237; x_wconf 85' lang='lat' dir='ltr'><strong><em>euru</em></strong></span> <span class='ocrx_word' id='word_1_280' title='bbox 2086 4172 2184 4237; x_wconf 82' lang='lat' dir='ltr'><strong><em>rsciom</em></strong></span> 
     </span>
     <span class='ocr_line' id='line_1_29' title="bbox 696 4271 2183 4356; baseline -0.001 -18"><span class='ocrx_word' id='word_1_281' title='bbox 696 4292 832 4356; x_wconf 83' lang='lat' dir='ltr'><strong><em>persone</em></strong></span> <span class='ocrx_word' id='word_1_282' title='bbox 855 4292 912 4338; x_wconf 78' lang='lat' dir='ltr'><strong><em>suc</em></strong></span> <span class='ocrx_word' id='word_1_283' title='bbox 935 4273 1153 4353; x_wconf 76' lang='lat' dir='ltr'><strong><em>spectantibus</em></strong></span> <span class='ocrx_word' id='word_1_284' title='bbox 1176 4272 1322 4335; x_wconf 71' lang='lat' dir='ltr'><strong><em>fumim&#39;it</em></strong></span> <span class='ocrx_word' id='word_1_285' title='bbox 1354 4273 1474 4352; x_wconf 76' lang='lat' dir='ltr'><strong><em>paritor</em></strong></span> <span class='ocrx_word' id='word_1_286' title='bbox 1504 4277 1537 4334; x_wconf 84' lang='lat' dir='ltr'><strong><em>et</em></strong></span> <span class='ocrx_word' id='word_1_287' title='bbox 1568 4271 1689 4335; x_wconf 72' lang='lat' dir='ltr'><strong><em>‹lotusit</em></strong></span> <span class='ocrx_word' id='word_1_288' title='bbox 1718 4278 1751 4334; x_wconf 84' lang='lat' dir='ltr'><strong><em>et</em></strong></span> <span class='ocrx_word' id='word_1_289' title='bbox 1781 4272 1939 4337; x_wconf 86' lang='lat' dir='ltr'><strong><em>nonnulla</em></strong></span> <span class='ocrx_word' id='word_1_290' title='bbox 1964 4282 2086 4341; x_wconf 72' lang='lat' dir='ltr'><strong><em>statuis</em></strong></span> <span class='ocrx_word' id='word_1_291' title='bbox 2111 4274 2183 4340; x_wconf 83' lang='lat' dir='ltr'><strong><em>edidit</em></strong></span> 
     </span>
     <span class='ocr_line' id='line_1_30' title="bbox 695 4374 2182 4462; baseline 0.001 -20"><span class='ocrx_word' id='word_1_292' title='bbox 695 4379 727 4442; x_wconf 91' lang='lat' dir='ltr'><strong><em>iu</em></strong></span> <span class='ocrx_word' id='word_1_293' title='bbox 751 4377 860 4442; x_wconf 79' lang='lat' dir='ltr'><strong><em>codem</em></strong></span> <span class='ocrx_word' id='word_1_294' title='bbox 885 4382 917 4440; x_wconf 85' lang='lat' dir='ltr'><strong><em>ct</em></strong></span> <span class='ocrx_word' id='word_1_295' title='bbox 941 4376 1066 4440; x_wconf 79' lang='lat' dir='ltr'><strong><em>denium</em></strong></span> <span class='ocrx_word' id='word_1_296' title='bbox 1097 4396 1154 4457; x_wconf 87' lang='lat' dir='ltr'><strong><em>pro</em></strong></span> <span class='ocrx_word' id='word_1_297' title='bbox 1186 4376 1291 4439; x_wconf 80' lang='lat' dir='ltr'><strong><em>‹lirim›</em></strong></span> <span class='ocrx_word' id='word_1_298' title='bbox 1324 4374 1409 4439; x_wconf 79' lang='lat' dir='ltr'><strong><em>sidtu</em></strong></span> <span class='ocrx_word' id='word_1_299' title='bbox 1443 4376 1474 4438; x_wconf 91' lang='lat' dir='ltr'><strong><em>iu</em></strong></span> <span class='ocrx_word' id='word_1_300' title='bbox 1505 4375 1616 4438; x_wconf 77' lang='lat' dir='ltr'><strong><em>rodem</em></strong></span> <span class='ocrx_word' id='word_1_301' title='bbox 1646 4376 1840 4440; x_wconf 83' lang='lat' dir='ltr'><strong><em>monasterio</em></strong></span> <span class='ocrx_word' id='word_1_302' title='bbox 1872 4376 2068 4461; x_wconf 80' lang='lat' dir='ltr'><strong><em>adaugendo</em></strong></span> <span class='ocrx_word' id='word_1_303' title='bbox 2097 4387 2127 4445; x_wconf 86' lang='lat' dir='ltr'><strong><em>et</em></strong></span> <span class='ocrx_word' id='word_1_304' title='bbox 2145 4395 2182 4462; x_wconf 84' lang='lat' dir='ltr'><strong><em>pu</em></strong></span> 
     </span>
     <span class='ocr_line' id='line_1_31' title="bbox 696 4477 2180 4568; baseline 0 -21"><span class='ocrx_word' id='word_1_305' title='bbox 696 4481 898 4547; x_wconf 86' lang='lat' dir='ltr'><strong><em>commodiori</em></strong></span> <span class='ocrx_word' id='word_1_306' title='bbox 933 4483 1169 4544; x_wconf 62' lang='lat' dir='ltr'><strong><em>sustentatione</em></strong></span> <span class='ocrx_word' id='word_1_307' title='bbox 1204 4498 1409 4560; x_wconf 78' lang='lat' dir='ltr'><strong><em>personarum</em></strong></span> <span class='ocrx_word' id='word_1_308' title='bbox 1444 4480 1544 4560; x_wconf 88' lang='lat' dir='ltr'><strong><em>ipsius</em></strong></span> <span class='ocrx_word' id='word_1_309' title='bbox 1578 4478 1794 4561; x_wconf 79' lang='lat' dir='ltr'><strong><em>parrochiales</em></strong></span> <span class='ocrx_word' id='word_1_310' title='bbox 1802 4477 1828 4557; x_wconf 71' lang='lat'><strong><em>¹&#39;)</em></strong></span> <span class='ocrx_word' id='word_1_311' title='bbox 1853 4480 2003 4547; x_wconf 84' lang='lat' dir='ltr'><strong><em>eiusdem</em></strong></span> <span class='ocrx_word' id='word_1_312' title='bbox 2034 4483 2135 4568; x_wconf 85' lang='lat' dir='ltr'><strong><em>oppidi</em></strong></span> <span class='ocrx_word' id='word_1_313' title='bbox 2156 4480 2180 4542; x_wconf 73' lang='lat' dir='ltr'><strong><em>ie</em></strong></span> 
     </span>
     <span class='ocr_line' id='line_1_32' title="bbox 701 4583 2180 4670; baseline -0.005 -18"><span class='ocrx_word' id='word_1_314' title='bbox 701 4587 850 4669; x_wconf 77' lang='lat' dir='ltr'><strong><em>Rudnycn</em></strong></span> <span class='ocrx_word' id='word_1_315' title='bbox 875 4587 961 4651; x_wconf 87' lang='lat' dir='ltr'><strong><em>etin</em></strong></span> <span class='ocrx_word' id='word_1_316' title='bbox 993 4585 1085 4650; x_wconf 85' lang='lat' dir='ltr'><strong><em>Palrn</em></strong></span> <span class='ocrx_word' id='word_1_317' title='bbox 1120 4585 1234 4649; x_wconf 82' lang='lat' dir='ltr'><strong><em>Maiori</em></strong></span> <span class='ocrx_word' id='word_1_318' title='bbox 1266 4605 1302 4648; x_wconf 83' lang='lat' dir='ltr'><strong><em>ac</em></strong></span> <span class='ocrx_word' id='word_1_319' title='bbox 1334 4586 1364 4648; x_wconf 89' lang='lat' dir='ltr'><strong><em>in</em></strong></span> <span class='ocrx_word' id='word_1_320' title='bbox 1396 4584 1602 4665; x_wconf 56' lang='lat' dir='ltr'><strong><em>(ilryrsrnrocn</em></strong></span> <span class='ocrx_word' id='word_1_321' title='bbox 1638 4589 1670 4647; x_wconf 78' lang='lat' dir='ltr'><strong><em>ct</em></strong></span> <span class='ocrx_word' id='word_1_322' title='bbox 1700 4584 1731 4647; x_wconf 90' lang='lat' dir='ltr'><strong><em>iu</em></strong></span> <span class='ocrx_word' id='word_1_323' title='bbox 1755 4583 1861 4648; x_wconf 82' lang='lat' dir='ltr'><strong><em>Wetln</em></strong></span> <span class='ocrx_word' id='word_1_324' title='bbox 1890 4585 2061 4666; x_wconf 71' lang='lat' dir='ltr'><strong><em>ccclesias,</em></strong></span> <span class='ocrx_word' id='word_1_325' title='bbox 2089 4585 2180 4670; x_wconf 80' lang='lat' dir='ltr'><strong><em>preinr</em></strong></span> 
     </span>
     <span class='ocr_line' id='line_1_33' title="bbox 699 4687 2178 4774; baseline -0.003 -18"><span class='ocrx_word' id='word_1_326' title='bbox 699 4692 845 4769; x_wconf 80' lang='lat' dir='ltr'><strong><em>diocesis,</em></strong></span> <span class='ocrx_word' id='word_1_327' title='bbox 869 4710 939 4754; x_wconf 88' lang='lat' dir='ltr'><strong><em>cum</em></strong></span> <span class='ocrx_word' id='word_1_328' title='bbox 963 4690 1029 4753; x_wconf 88' lang='lat' dir='ltr'><strong><em>suis</em></strong></span> <span class='ocrx_word' id='word_1_329' title='bbox 1054 4690 1174 4754; x_wconf 90' lang='lat' dir='ltr'><strong><em>iuribus</em></strong></span> <span class='ocrx_word' id='word_1_330' title='bbox 1198 4696 1231 4752; x_wconf 81' lang='lat' dir='ltr'><strong><em>et</em></strong></span> <span class='ocrx_word' id='word_1_331' title='bbox 1253 4690 1459 4770; x_wconf 82' lang='lat' dir='ltr'><strong><em>pertinenciis</em></strong></span> <span class='ocrx_word' id='word_1_332' title='bbox 1482 4689 1649 4766; x_wconf 82' lang='lat' dir='ltr'><strong><em>universis,</em></strong></span> <span class='ocrx_word' id='word_1_333' title='bbox 1677 4689 1825 4770; x_wconf 77' lang='lat' dir='ltr'><strong><em>congruis</em></strong></span> <span class='ocrx_word' id='word_1_334' title='bbox 1849 4689 1889 4754; x_wconf 83' lang='lat' dir='ltr'><strong><em>de</em></strong></span> <span class='ocrx_word' id='word_1_335' title='bbox 1915 4690 2060 4774; x_wconf 84' lang='lat' dir='ltr'><strong><em>ipsarum</em></strong></span> <span class='ocrx_word' id='word_1_336' title='bbox 2082 4687 2178 4757; x_wconf 72' lang='lat' dir='ltr'><strong><em>uolui</em></strong></span> 
     </span>
     <span class='ocr_line' id='line_1_34' title="bbox 698 4793 2177 4877; baseline -0.001 -16"><span class='ocrx_word' id='word_1_337' title='bbox 698 4816 787 4861; x_wconf 82' lang='lat' dir='ltr'><strong><em>urum</em></strong></span> <span class='ocrx_word' id='word_1_338' title='bbox 811 4795 988 4861; x_wconf 85' lang='lat' dir='ltr'><strong><em>redditibus</em></strong></span> <span class='ocrx_word' id='word_1_339' title='bbox 1011 4814 1068 4876; x_wconf 89' lang='lat' dir='ltr'><strong><em>pro</em></strong></span> <span class='ocrx_word' id='word_1_340' title='bbox 1092 4795 1256 4875; x_wconf 79' lang='lat' dir='ltr'><strong><em>perpetuis</em></strong></span> <span class='ocrx_word' id='word_1_341' title='bbox 1278 4794 1406 4858; x_wconf 80' lang='lat' dir='ltr'><strong><em>vicariis</em></strong></span> <span class='ocrx_word' id='word_1_342' title='bbox 1430 4794 1505 4857; x_wconf 90' lang='lat' dir='ltr'><strong><em>inibi</em></strong></span> <span class='ocrx_word' id='word_1_343' title='bbox 1531 4793 1655 4856; x_wconf 89' lang='lat' dir='ltr'><strong><em>domino</em></strong></span> <span class='ocrx_word' id='word_1_344' title='bbox 1679 4793 1847 4859; x_wconf 86' lang='lat' dir='ltr'><strong><em>servituris</em></strong></span> <span class='ocrx_word' id='word_1_345' title='bbox 1877 4798 2086 4877; x_wconf 84' lang='lat' dir='ltr'><strong><em>porcionibus</em></strong></span> <span class='ocrx_word' id='word_1_346' title='bbox 2108 4794 2177 4872; x_wconf 63' lang='lat' dir='ltr'><strong><em>assis</em></strong></span> 
     </span>
     <span class='ocr_line' id='line_1_35' title="bbox 698 4894 2176 4982; baseline -0.007 -16"><span class='ocrx_word' id='word_1_347' title='bbox 698 4902 793 4978; x_wconf 69' lang='lat' dir='ltr'><strong><em>uatis</em></strong></span> <span class='ocrx_word' id='word_1_348' title='bbox 817 4901 920 4965; x_wconf 85' lang='lat' dir='ltr'><strong><em>eidem</em></strong></span> <span class='ocrx_word' id='word_1_349' title='bbox 943 4900 1135 4963; x_wconf 81' lang='lat' dir='ltr'><strong><em>monasterio</em></strong></span> <span class='ocrx_word' id='word_1_350' title='bbox 1158 4899 1307 4962; x_wconf 81' lang='lat' dir='ltr'><strong><em>ruumxuit</em></strong></span> <span class='ocrx_word' id='word_1_351' title='bbox 1339 4904 1372 4962; x_wconf 84' lang='lat' dir='ltr'><strong><em>ct</em></strong></span> <span class='ocrx_word' id='word_1_352' title='bbox 1402 4899 1513 4974; x_wconf 67' lang='lat' dir='ltr'><strong><em>sinivit</em></strong></span> <span class='ocrx_word' id='word_1_353' title='bbox 1545 4897 1584 4960; x_wconf 89' lang='lat' dir='ltr'><strong><em>ad</em></strong></span> <span class='ocrx_word' id='word_1_354' title='bbox 1615 4898 1771 4979; x_wconf 79' lang='lat' dir='ltr'><strong><em>premissa</em></strong></span> <span class='ocrx_word' id='word_1_355' title='bbox 1800 4900 1908 4962; x_wconf 83' lang='lat' dir='ltr'><strong><em>omnia</em></strong></span> <span class='ocrx_word' id='word_1_356' title='bbox 1941 4901 1996 4965; x_wconf 85' lang='lat' dir='ltr'><strong><em>dd.</em></strong></span> <span class='ocrx_word' id='word_1_357' title='bbox 2025 4902 2056 4966; x_wconf 82' lang='lat' dir='ltr'><strong><em>ff.</em></strong></span> <span class='ocrx_word' id='word_1_358' title='bbox 2078 4894 2176 4982; x_wconf 81' lang='lat' dir='ltr'><strong><em>capiuli</em></strong></span> 
     </span>
     <span class='ocr_line' id='line_1_36' title="bbox 698 5002 2175 5088; baseline -0.003 -18"><span class='ocrx_word' id='word_1_359' title='bbox 698 5006 866 5088; x_wconf 85' lang='lat' dir='ltr'><strong><em>Pragcnsis</em></strong></span> <span class='ocrx_word' id='word_1_360' title='bbox 890 5004 1024 5068; x_wconf 79' lang='lat' dir='ltr'><strong><em>ecclesio</em></strong></span> <span class='ocrx_word' id='word_1_361' title='bbox 1048 5003 1220 5067; x_wconf 80' lang='lat' dir='ltr'><strong><em>accedente</em></strong></span> <span class='ocrx_word' id='word_1_362' title='bbox 1244 5021 1409 5080; x_wconf 76' lang='lat' dir='ltr'><strong><em>consensu,</em></strong></span> <span class='ocrx_word' id='word_1_363' title='bbox 1435 5009 1528 5082; x_wconf 80' lang='lat' dir='ltr'><strong><em>prout</em></strong></span> <span class='ocrx_word' id='word_1_364' title='bbox 1552 5003 1581 5065; x_wconf 88' lang='lat' dir='ltr'><strong><em>iu</em></strong></span> <span class='ocrx_word' id='word_1_365' title='bbox 1606 5002 1741 5066; x_wconf 70' lang='lat' dir='ltr'><strong><em>«liversis</em></strong></span> <span class='ocrx_word' id='word_1_366' title='bbox 1768 5002 1989 5083; x_wconf 80' lang='lat' dir='ltr'><strong><em>predictorum</em></strong></span> <span class='ocrx_word' id='word_1_367' title='bbox 2013 5003 2175 5087; x_wconf 78' lang='lat' dir='ltr'><strong><em>episcopis</em></strong></span> 
     </span>
     <span class='ocr_line' id='line_1_37' title="bbox 698 5104 2173 5193; baseline -0.005 -17"><span class='ocrx_word' id='word_1_368' title='bbox 698 5109 831 5193; x_wconf 79' lang='lat' dir='ltr'><strong><em>capituli</em></strong></span> <span class='ocrx_word' id='word_1_369' title='bbox 855 5109 927 5173; x_wconf 81' lang='lat' dir='ltr'><strong><em>inde</em></strong></span> <span class='ocrx_word' id='word_1_370' title='bbox 951 5108 1102 5173; x_wconf 83' lang='lat' dir='ltr'><strong><em>coniectis</em></strong></span> <span class='ocrx_word' id='word_1_371' title='bbox 1126 5109 1253 5186; x_wconf 79' lang='lat' dir='ltr'><strong><em>litteris,</em></strong></span> <span class='ocrx_word' id='word_1_372' title='bbox 1278 5128 1385 5172; x_wconf 84' lang='lat' dir='ltr'><strong><em>eorum</em></strong></span> <span class='ocrx_word' id='word_1_373' title='bbox 1410 5106 1555 5188; x_wconf 76' lang='lat' dir='ltr'><strong><em>sigillis‘)</em></strong></span> <span class='ocrx_word' id='word_1_374' title='bbox 1588 5107 1727 5183; x_wconf 66' lang='lat' dir='ltr'><strong><em>uuuritis</em></strong></span> <span class='ocrx_word' id='word_1_375' title='bbox 1759 5106 1877 5172; x_wconf 89' lang='lat' dir='ltr'><strong><em>dicitur</em></strong></span> <span class='ocrx_word' id='word_1_376' title='bbox 1900 5104 2173 5190; x_wconf 80' lang='lat' dir='ltr'><strong><em>picuiuseontimri</em></strong></span> 
     </span>
     <span class='ocr_line' id='line_1_38' title="bbox 700 5209 2175 5298; baseline 0 -18"><span class='ocrx_word' id='word_1_377' title='bbox 700 5222 806 5294; x_wconf 73' lang='lat' dir='ltr'><strong><em>Quare</em></strong></span> <span class='ocrx_word' id='word_1_378' title='bbox 829 5233 886 5296; x_wconf 92' lang='lat' dir='ltr'><strong><em>pro</em></strong></span> <span class='ocrx_word' id='word_1_379' title='bbox 910 5219 1000 5293; x_wconf 80' lang='lat' dir='ltr'><strong><em>purte</em></strong></span> <span class='ocrx_word' id='word_1_380' title='bbox 1024 5213 1179 5277; x_wconf 87' lang='lat' dir='ltr'><strong><em>dictorum</em></strong></span> <span class='ocrx_word' id='word_1_381' title='bbox 1202 5214 1355 5295; x_wconf 79' lang='lat' dir='ltr'><strong><em>propositi</em></strong></span> <span class='ocrx_word' id='word_1_382' title='bbox 1372 5219 1405 5277; x_wconf 83' lang='lat' dir='ltr'><strong><em>ct</em></strong></span> <span class='ocrx_word' id='word_1_383' title='bbox 1420 5218 1593 5276; x_wconf 81' lang='lat' dir='ltr'><strong><em>coruentus</em></strong></span> <span class='ocrx_word' id='word_1_384' title='bbox 1617 5211 1706 5275; x_wconf 90' lang='lat' dir='ltr'><strong><em>nobis</em></strong></span> <span class='ocrx_word' id='word_1_385' title='bbox 1722 5209 1783 5298; x_wconf 77' lang='lat' dir='ltr'><strong><em>init</em></strong></span> <span class='ocrx_word' id='word_1_386' title='bbox 1797 5211 1966 5278; x_wconf 80' lang='lat' dir='ltr'><strong><em>humiliter</em></strong></span> <span class='ocrx_word' id='word_1_387' title='bbox 1985 5214 2175 5297; x_wconf 72' lang='lat' dir='ltr'><strong><em>supplicum</em></strong></span> 
     </span>
     <span class='ocr_line' id='line_1_39' title="bbox 700 5314 2175 5402; baseline 0.001 -20"><span class='ocrx_word' id='word_1_388' title='bbox 700 5326 735 5385; x_wconf 87' lang='lat' dir='ltr'><strong><em>ut</em></strong></span> <span class='ocrx_word' id='word_1_389' title='bbox 757 5318 987 5395; x_wconf 83' lang='lat' dir='ltr'><strong><em>fundacioucm,</em></strong></span> <span class='ocrx_word' id='word_1_390' title='bbox 1012 5318 1208 5382; x_wconf 75' lang='lat' dir='ltr'><strong><em>‹lutaciouem</em></strong></span> <span class='ocrx_word' id='word_1_391' title='bbox 1225 5325 1257 5381; x_wconf 87' lang='lat' dir='ltr'><strong><em>ct</em></strong></span> <span class='ocrx_word' id='word_1_392' title='bbox 1275 5319 1420 5383; x_wconf 80' lang='lat' dir='ltr'><strong><em>unionem</em></strong></span> <span class='ocrx_word' id='word_1_393' title='bbox 1444 5316 1603 5398; x_wconf 84' lang='lat' dir='ltr'><strong><em>predictas</em></strong></span> <span class='ocrx_word' id='word_1_394' title='bbox 1627 5314 1812 5380; x_wconf 81' lang='lat' dir='ltr'><strong><em>continuare</em></strong></span> <span class='ocrx_word' id='word_1_395' title='bbox 1828 5334 2021 5402; x_wconf 83' lang='lat' dir='ltr'><strong><em>omnemque</em></strong></span> <span class='ocrx_word' id='word_1_396' title='bbox 2040 5318 2175 5384; x_wconf 69' lang='lat' dir='ltr'><strong><em>defutu-</em></strong></span> 
     </span>
     <span class='ocr_line' id='line_1_40' title="bbox 698 5419 2175 5506; baseline 0 -18"><span class='ocrx_word' id='word_1_397' title='bbox 698 5426 726 5488; x_wconf 89' lang='lat' dir='ltr'><strong><em>si</em></strong></span> <span class='ocrx_word' id='word_1_398' title='bbox 749 5424 820 5506; x_wconf 90' lang='lat' dir='ltr'><strong><em>quis</em></strong></span> <span class='ocrx_word' id='word_1_399' title='bbox 843 5422 950 5488; x_wconf 81' lang='lat' dir='ltr'><strong><em>forsan</em></strong></span> <span class='ocrx_word' id='word_1_400' title='bbox 975 5423 1180 5486; x_wconf 79' lang='lat' dir='ltr'><strong><em>intervenerit</em></strong></span> <span class='ocrx_word' id='word_1_401' title='bbox 1205 5424 1234 5486; x_wconf 90' lang='lat' dir='ltr'><strong><em>iu</em></strong></span> <span class='ocrx_word' id='word_1_402' title='bbox 1259 5422 1388 5487; x_wconf 79' lang='lat' dir='ltr'><strong><em>eisdem.</em></strong></span> <span class='ocrx_word' id='word_1_403' title='bbox 1424 5421 1584 5501; x_wconf 75' lang='lat' dir='ltr'><strong><em>supplere,</em></strong></span> <span class='ocrx_word' id='word_1_404' title='bbox 1609 5426 1641 5484; x_wconf 88' lang='lat' dir='ltr'><strong><em>et</em></strong></span> <span class='ocrx_word' id='word_1_405' title='bbox 1663 5419 1748 5501; x_wconf 89' lang='lat' dir='ltr'><strong><em>quod</em></strong></span> <span class='ocrx_word' id='word_1_406' title='bbox 1779 5420 1819 5484; x_wconf 84' lang='lat' dir='ltr'><strong><em>de</em></strong></span> <span class='ocrx_word' id='word_1_407' title='bbox 1842 5420 1940 5486; x_wconf 86' lang='lat' dir='ltr'><strong><em>dictis</em></strong></span> <span class='ocrx_word' id='word_1_408' title='bbox 1964 5424 2092 5488; x_wconf 74' lang='lat' dir='ltr'><strong><em>statutis</em></strong></span> <span class='ocrx_word' id='word_1_409' title='bbox 2111 5424 2175 5487; x_wconf 81' lang='lat' dir='ltr'><strong><em>inu</em></strong></span> 
     </span>
     <span class='ocr_line' id='line_1_41' title="bbox 700 5523 2175 5610; baseline -0.001 -18"><span class='ocrx_word' id='word_1_410' title='bbox 700 5535 799 5610; x_wconf 80' lang='lat' dir='ltr'><strong><em>parto.</em></strong></span> <span class='ocrx_word' id='word_1_411' title='bbox 825 5528 1045 5610; x_wconf 81' lang='lat' dir='ltr'><strong><em>ubiprrfntus</em></strong></span> <span class='ocrx_word' id='word_1_412' title='bbox 1069 5529 1236 5608; x_wconf 83' lang='lat' dir='ltr'><strong><em>episcopus</em></strong></span> <span class='ocrx_word' id='word_1_413' title='bbox 1253 5547 1310 5608; x_wconf 80' lang='lat' dir='ltr'><strong><em>per</em></strong></span> <span class='ocrx_word' id='word_1_414' title='bbox 1327 5544 1478 5607; x_wconf 80' lang='lat' dir='ltr'><strong><em>prrsouus</em></strong></span> <span class='ocrx_word' id='word_1_415' title='bbox 1496 5525 1597 5605; x_wconf 88' lang='lat' dir='ltr'><strong><em>ipsius</em></strong></span> <span class='ocrx_word' id='word_1_416' title='bbox 1613 5524 1794 5588; x_wconf 81' lang='lat' dir='ltr'><strong><em>iriouastcrii</em></strong></span> <span class='ocrx_word' id='word_1_417' title='bbox 1818 5526 1959 5607; x_wconf 76' lang='lat' dir='ltr'><strong><em>quoniam</em></strong></span> <span class='ocrx_word' id='word_1_418' title='bbox 1975 5528 2081 5593; x_wconf 80' lang='lat' dir='ltr'><strong><em>divim</em></strong></span> <span class='ocrx_word' id='word_1_419' title='bbox 2100 5523 2175 5591; x_wconf 62' lang='lat' dir='ltr'><strong><em>offitii</em></strong></span> 
     </span>
     <span class='ocr_line' id='line_1_42' title="bbox 699 5625 2175 5708; baseline -0.002 -12"><span class='ocrx_word' id='word_1_420' title='bbox 699 5640 785 5696; x_wconf 66' lang='lat' dir='ltr'><strong><em>«nim</em></strong></span> <span class='ocrx_word' id='word_1_421' title='bbox 819 5633 911 5696; x_wconf 86' lang='lat' dir='ltr'><strong><em>modo</em></strong></span> <span class='ocrx_word' id='word_1_422' title='bbox 943 5640 972 5694; x_wconf 82' lang='lat' dir='ltr'><strong><em>ot</em></strong></span> <span class='ocrx_word' id='word_1_423' title='bbox 1005 5631 1115 5694; x_wconf 80' lang='lat' dir='ltr'><strong><em>ornliue</em></strong></span> <span class='ocrx_word' id='word_1_424' title='bbox 1146 5631 1301 5695; x_wconf 73' lang='lat' dir='ltr'><strong><em>‹ulelusri</em></strong></span> <span class='ocrx_word' id='word_1_425' title='bbox 1333 5632 1391 5695; x_wconf 89' lang='lat' dir='ltr'><strong><em>sub</em></strong></span> <span class='ocrx_word' id='word_1_426' title='bbox 1423 5627 1634 5693; x_wconf 81' lang='lat' dir='ltr'><strong><em>nrrutbematis</em></strong></span> <span class='ocrx_word' id='word_1_427' title='bbox 1665 5647 1748 5708; x_wconf 83' lang='lat' dir='ltr'><strong><em>penu</em></strong></span> <span class='ocrx_word' id='word_1_428' title='bbox 1780 5630 1955 5708; x_wconf 74' lang='lat' dir='ltr'><strong><em>rirsndarit,</em></strong></span> <span class='ocrx_word' id='word_1_429' title='bbox 1987 5640 2022 5697; x_wconf 83' lang='lat' dir='ltr'><strong><em>et</em></strong></span> <span class='ocrx_word' id='word_1_430' title='bbox 2043 5625 2175 5697; x_wconf 75' lang='lat' dir='ltr'><strong><em>eliasub</em></strong></span> 
     </span>
     <span class='ocr_line' id='line_1_43' title="bbox 705 5734 2204 5818; baseline -0.001 -18"><span class='ocrx_word' id='word_1_431' title='bbox 705 5738 826 5813; x_wconf 76' lang='lat' dir='ltr'><strong><em>statuit,</em></strong></span> <span class='ocrx_word' id='word_1_432' title='bbox 850 5756 1012 5818; x_wconf 77' lang='lat' dir='ltr'><strong><em>personas,</em></strong></span> <span class='ocrx_word' id='word_1_433' title='bbox 1036 5756 1097 5816; x_wconf 81' lang='lat' dir='ltr'><strong><em>que</em></strong></span> <span class='ocrx_word' id='word_1_434' title='bbox 1122 5756 1182 5799; x_wconf 87' lang='lat' dir='ltr'><strong><em>mm</em></strong></span> <span class='ocrx_word' id='word_1_435' title='bbox 1206 5746 1313 5799; x_wconf 76' lang='lat' dir='ltr'><strong><em>esseut</em></strong></span> <span class='ocrx_word' id='word_1_436' title='bbox 1344 5737 1383 5798; x_wconf 79' lang='lat' dir='ltr'><strong><em>de</em></strong></span> <span class='ocrx_word' id='word_1_437' title='bbox 1407 5736 1511 5815; x_wconf 78' lang='lat' dir='ltr'><strong><em>lingua</em></strong></span> <span class='ocrx_word' id='word_1_438' title='bbox 1542 5752 1596 5796; x_wconf 83' lang='lat' dir='ltr'><strong><em>scu</em></strong></span> <span class='ocrx_word' id='word_1_439' title='bbox 1629 5734 1760 5798; x_wconf 80' lang='lat' dir='ltr'><strong><em>nacione</em></strong></span> <span class='ocrx_word' id='word_1_440' title='bbox 1792 5734 1954 5814; x_wconf 75' lang='lat' dir='ltr'><strong><em>boemica,</em></strong></span> <span class='ocrx_word' id='word_1_441' title='bbox 1985 5739 2018 5803; x_wconf 89' lang='lat' dir='ltr'><strong><em>iu</em></strong></span> <span class='ocrx_word' id='word_1_442' title='bbox 2044 5735 2204 5815; x_wconf 63' lang='lat' dir='ltr'><strong><em>anirum</em></strong></span> 
     </span>
    </p>
   </div>
   <div class='ocr_carea' id='block_1_6' title="bbox 0 0 2599 7044">
    <p class='ocr_par' dir='ltr' id='par_1_6' title="bbox 0 0 2599 7044">
     <span class='ocr_line' id='line_1_44' title="bbox 0 0 2599 7044; baseline 0 0"><span class='ocrx_word' id='word_1_443' title='bbox 0 0 2599 7044; x_wconf 95' lang='lat' dir='ltr'><strong><em> </em></strong></span> 
     </span>
    </p>
   </div>
  </div>
 </body>
</html>
