5184 7050
1846 857 1915 922 not

410 1072 649 1153 archiepiscopo
673 1071 805 1136 studeas
829 1070 1028 1152 integraliter
1049 1071 1231 1152 assignare3
1255 1086 1314 1132 nos
1337 1071 1444 1130 autem
1467 1065 1593 1146 prefato
1620 1065 1861 1147 archiepiscopo
1883 1071 1916 1128 te

412 1175 572 1258 quittamli
596 1176 636 1240 cle
658 1175 732 1252 hiis,
755 1193 818 1256 que
841 1174 915 1238 inde
938 1175 1001 1239 sibi
1023 1173 1247 1257 assignaveris
1279 1190 1337 1253 per
1366 1170 1529 1253 predictus
1560 1169 1686 1235 litteras
1715 1168 1916 1233 concedimus

410 1285 613 1361 potestatem.
647 1280 687 1345 D.
711 1278 871 1344 Auinione
893 1278 938 1344 VI
961 1278 1003 1343 id.
1028 1277 1178 1344 Octobris
1201 1297 1230 1341 a.
1255 1275 1404 1341 secundo.

513 1383 552 1448 In
573 1402 600 1447 e.
624 1402 665 1447 m.
688 1403 718 1449 v.
741 1382 764 1449 i.
781 1433 814 1448 ..
839 1383 990 1465 episcopo
1012 1381 1203 1447 Lubucensi.
1228 1381 1267 1444 D.
1292 1384 1328 1444 ut
1350 1396 1375 1443 s.

514 1487 596 1552 item
618 1488 652 1553 in
674 1507 701 1553 e.
725 1506 766 1553 m.
789 1507 818 1552 v.
843 1486 864 1551 f.
882 1537 913 1552 ..
939 1486 1089 1569 episeopo
1113 1484 1307 1550 Gaminensi.
1331 1483 1370 1548 D.
1395 1489 1431 1548 ut
1452 1500 1477 1547 s.

515 1676 665 1731 Clementis
684 1677 722 1730 vl
740 1677 772 1730 V.
793 1682 842 1730 1³7
864 1682 943 1742 (secr.
963 1692 988 1731 a.
1006 1675 1044 1740 ΙΙ)
1061 1674 1081 1728 f.
1100 1679 1150 1727 113
1169 1689 1196 1727 ιι.
1214 1677 1361 1727 ete—377.
1379 1703 1412 1713 -
1431 1671 1483 1725 Ed.
1501 1670 1621 1724 Theiner
1648 1670 1708 1724 MP.
1726 1670 1739 1723 Ι
1758 1687 1784 1723 ιι.
1804 1674 1862 1725 602.
1883 1699 1915 1707 -

410 1763 519 1830 ptine
537 1780 564 1818 n
582 1768 643 1818 sur.

408 2253 499 2321 257.
537 2250 782 2336 Arrhiepiseopo
813 2251 990 2317 Haemasi
1018 2251 1201 2326 medetur,
1231 2254 1387 2333 quatenus
1413 2248 1568 2333 pectentes
1597 2247 1636 2311 de
1669 2245 1800 2310 ᾱιιαήο
1832 2244 1918 2309 beati

408 2357 499 2422 Petri
528 2355 675 2423 wllectas
704 2359 735 2421 et
766 2355 957 2438 collipendos
979 2376 1001 2419 a
1020 2353 1271 2430 Vrotisloviensr‘,
1299 2352 1527 2423 temeraret
1551 2350 1732 2417 nominaret
1760 2348 1916 2433 episcopis

712 2461 850 2544 recipiat
870 2465 901 2526 et
923 2460 967 2526 od
990 2480 1151 2526 comeam
1174 2458 1381 2544 apostolicum
1402 2457 1613 2522 transmittat.

1351 2630 1515 2706 Aethione,
1541 2631 1624 2694 1343
1651 2626 1795 2692 Octobris
1818 2629 1869 2693 10.

513 2810 552 2875 V.
576 2810 598 2875 f.
616 2859 648 2874 ..
672 2808 912 2891 archiepiscopo
936 2808 1126 2875 Gneznensi.
1171 2808 1325 2874 Veientes
1355 2807 1507 2887 pecunias
1538 2805 1578 2868 de
1602 2820 1699 2867 censu
1723 2819 1837 2878 annuo,
1860 2800 1915 2882 qui

407 2915 560 2979 denarius
589 2914 679 2978 beati
708 2914 798 2978 Petri
829 2913 1004 2997 vulgariter
1034 2913 1066 2977 in
1097 2912 1161 2977 illis
1190 2912 1337 2993 partibus
1368 2914 1580 2991 nuncupatur,
1610 2906 1702 2971 nobis
1725 2909 1758 2969 et
1780 2903 1915 2970 ecclesie

407 3018 550 3083 Romane
566 3019 599 3082 in
614 3017 883 3096 Wratislauiensi,
898 3016 1080 3081 Lubucensi
1103 3021 1136 3080 et
1152 3015 1333 3081 Caminensi
1350 3014 1534 3079 civitatibus
1551 3017 1582 3078 et
1599 3010 1779 3076 diocesibns
1795 3007 1913 3084 debito,

407 3140 466 3204 per
495 3141 545 3185 vv.
576 3119 608 3186 ff.
639 3140 690 3185 nn.
709 3170 741 3185 ..
765 3120 1073 3196 Wratislauiensem,
1091 3169 1097 3183 .
1116 3170 1123 3183 .
1139 3119 1362 3184 Lubucensem
1393 3124 1425 3183 et
1441 3169 1448 3182 .
1467 3169 1474 3182 .
1491 3116 1713 3182 caminensem
1747 3113 1915 3194 episcopos

408 3225 457 3290 uel
482 3243 592 3289 eornm
614 3230 648 3289 et
671 3225 843 3290 cuiuslibet
862 3225 1003 3306 ipsorum
1019 3225 1265 3289 subcollcctores
1282 3222 1432 3288 collectas
1448 3227 1480 3286 et
1496 3224 1702 3302 imposterum
1718 3214 1913 3298 colligendas

411 3329 451 3392 ml
483 3332 625 3394 nostram
659 3347 817 3393 cameram
851 3328 989 3393 fideliter
1022 3328 1186 3406 destinari,
1209 3328 1404 3393 fraternitati
1434 3332 1490 3391 tue
1516 3344 1573 3408 per
1595 3322 1771 3406 apostolica
1795 3319 1914 3398 scripta

409 3432 606 3512 maneamne,
619 3433 770 3516 quatinus
785 3432 966 3497 huiusmodi
981 3433 1134 3514 pecunias
1150 3451 1208 3514 per
1218 3431 1361 3514 prefatos
1373 3430 1680 3505 Wratislauienscm‚
1692 3425 1913 3490 Lubucensem

411 3545 442 3603 ct
467 3537 688 3603 Caeninensem
712 3537 916 3618 episcopos·)
941 3536 990 3601 vel
1014 3556 1122 3602 eorum
1150 3544 1206 3601 ant
1236 3537 1408 3601 cuiuslibet
1438 3538 1579 3617 ipsorum
1610 3530 1856 3597 subcollcctores
1879 3531 1915 3590 ut

410 3641 571 3723 prefertur
592 3641 744 3707 collectas
760 3647 792 3706 et
807 3647 844 3706 ut
859 3642 1055 3722 premittitur
1078 3641 1273 3723 colligendas
1296 3642 1454 3724 recipiens
1477 3640 1517 3704 ab
1541 3637 1699 3720 episcopis
1720 3631 1914 3715 supradictis

411 3746 482 3811 illos
504 3747 634 3810 mittere
658 3746 700 3810 ad
722 3751 863 3811 nostram
887 3764 1046 3811 cameram
1070 3764 1139 3810 cum
1155 3747 1339 3828 integritate
1355 3762 1516 3828 procures,
1533 3740 1765 3807 certificeturus
1781 3736 1914 3801 eandem

412 3850 495 3914 sicut
519 3850 714 3915 commodius
736 3850 859 3933 poteris
882 3850 922 3916 ule
944 3849 1117 3932 premissis.
1142 3850 1295 3915 Volumus
1319 3856 1436 3928 autem,
1459 3847 1542 3929 quod
1565 3844 1693 3911 eosdem
1712 3839 1915 3905 Wrntislaui-

410 3972 529 4032 ensem,
552 3954 773 4019 Lubucensem
798 3959 830 4019 et
854 3953 1076 4020 Camineusem
1098 3953 1266 4035 episcopos
1293 3959 1327 4018 et
1356 3952 1447 4031 alios,
1470 3969 1603 4033 quorum
1633 3947 1787 4024 intererit,
1811 3943 1915 4025 possis

411 4058 580 4122 absolvere
601 4057 728 4140 plenius
751 4062 784 4122 et
807 4059 947 4139 quittare
970 4058 1009 4123 de
1031 4057 1104 4136 hiis,
1128 4075 1190 4138 que
1213 4057 1286 4122 imle
1309 4057 1470 4139 receperis
1489 4058 1529 4121 ab
1547 4055 1676 4120 eisdem.
1699 4051 1766 4117 Nos
1789 4066 1914 4130 quoque

407 4162 467 4227 tibi
483 4160 525 4225 de
541 4158 730 4225 sufficientis
750 4162 956 4242 quittaeionis
979 4161 1107 4225 cautela
1122 4161 1285 4239 iaciemus,
1302 4179 1372 4225 cum
1388 4160 1517 4224 easdem
1531 4158 1684 4240 pecunias
1700 4155 1740 4219 ad
1757 4171 1914 4218 cameram

407 4267 513 4347 ipsam
537 4265 673 4343 miseris,
697 4265 867 4348 provideri.
900 4267 938 4330 D.
962 4265 1121 4331 Aninione
1145 4265 1189 4330 VI
1213 4265 1255 4329 id.
1280 4263 1429 4331 Octobris
1452 4283 1480 4330 a.
1505 4261 1653 4330 seeundo.

515 4453 665 4508 Clementis
683 4453 722 4507 Vl
741 4454 772 4506 V.
792 4459 841 4507 137
861 4457 940 4522 (seer.
959 4471 984 4509 a
1001 4454 1039 4518 Π)
1057 4453 1075 4508 l.
1097 4453 1155 4507 113'
1174 4470 1201 4506 ιι.
1220 4459 1279 4508 378.
1292 4484 1325 4493 -
1338 4453 1390 4507 Ed.
1403 4452 1524 4508 Theiner
1535 4452 1594 4506 MP.
1606 4451 1620 4504 I
1632 4467 1658 4505 n.
1671 4455 1731 4503 603.
1751 4479 1775 4486 --
1809 4451 1832 4512 ιι)
1851 4462 1915 4514 sup·

407 4541 514 4610 pletum
532 4542 561 4594 in
580 4541 712 4610 margine.

1062 4683 1264 4690 ——-—-

411 4976 502 5041 258.
534 4976 618 5054 otto,
648 4977 812 5060 episcopos
843 4976 1087 5061 Herbipolensis,
1112 4979 1245 5057 ,amicus
1266 4978 1479 5061 fidelissimus
1500 4979 1583 5058 repis
1609 4974 1914 5050 Bromanenses,

409 5078 573 5162 supplicet
591 5101 652 5161 pro
674 5080 835 5162 nepotibus
856 5081 943 5145 suis:
966 5083 1058 5145 Petro
1080 5081 1118 5145 de
1144 5082 1283 5163 Turseli,
1306 5087 1460 5164 quotenus
1483 5103 1585 5147 uocem
1601 5083 1635 5145 in
1649 5082 1787 5164 capitulo
1804 5081 1914 5147 Herbi-

406 5181 530 5264 polensi
551 5182 666 5247 habere
691 5183 803 5266 possit,
826 5187 857 5246 et
885 5204 946 5265 pro
970 5185 1151 5249 Hermanno
1174 5187 1360 5266 Hermarchi,
1383 5185 1496 5250 militis
1525 5186 1564 5250 dc
1589 5184 1737 5266 Tuosclm
1760 5191 1914 5268 quotenus

410 5287 439 5348 ei
460 5286 499 5349 de
521 5288 712 5351 canonicatu
733 5286 883 5352 ecclcsiae
904 5289 1148 5369 Brrmberperssis
1171 5295 1228 5354 uui
1251 5290 1485 5374 Herbipolerrsis
1507 5290 1565 5354 suh
1587 5292 1801 5373 esprcctotrhnc
1818 5313 1913 5374 pree-

453 5389 572 5455 ὺιιιιίιιε
589 5391 806 5473 provideatur.
831 5392 917 5466 ,stat
941 5393 1055 5457 R....
1081 5395 1124 5460 D.
1146 5395 1304 5459 Auinionc
1324 5396 1371 5459 VI
1387 5394 1430 5460 id.
1453 5394 1639 5459 Novembris
1662 5416 1692 5459 o.
1716 5395 1872 5460 seeundo!

1336 5586 1499 5666 Amniooe,
1524 5588 1608 5650 1343
1631 5585 1817 5650 Novembris
1839 5590 1869 5653 8.

514 5684 667 5739 Clementis
685 5685 723 5738 Vl
741 5687 759 5739 S
777 5686 832 5756 llll
853 5691 890 5756 (3)
909 5687 926 5739 f.
945 5693 988 5739 30.
