5184 7050
683 846 746 911 770

679 1070 738 1136 per
760 1052 899 1117 minores
922 1050 1102 1116 ascenderit
1124 1050 1164 1115 sd
1188 1051 1334 1128 maiores,
1359 1068 1416 1116 seu
1440 1050 1524 1134 quod
1547 1051 1579 1116 in
1600 1051 1746 1133 predicta
1767 1050 1963 1129 custodiam,
1995 1067 2065 1131 que
2096 1067 2194 1131 perso

679 1159 775 1221 natus
798 1161 856 1235 est,
880 1161 913 1221 et
935 1173 1028 1237 quem
1051 1159 1184 1237 paratus
1207 1157 1257 1219 est
1280 1154 1450 1235 dimittere,
1475 1174 1546 1220 cum
1568 1155 1676 1238 vigore
1699 1161 1770 1234 ete,
1786 1159 1819 1218 et
1835 1154 1866 1218 in
1882 1153 2031 1219 ecclesia
2057 1154 2192 1218 Budissi-

680 1260 782 1340 nensi,
805 1259 889 1326 dicte
912 1259 1084 1325 Misnensis
1108 1257 1254 1337 diocesis,
1278 1259 1497 1324 canonicatum
1520 1257 1621 1345 [et]l)
1651 1257 1855 1340 prebendam,
1887 1276 2031 1340 quorum
2064 1257 2192 1323 omniun

681 1364 815 1445 fructus,
837 1363 982 1429 redditus
1004 1364 1038 1427 et
1058 1366 1232 1445 proventus
1254 1362 1312 1428 LX
1334 1360 1525 1431 florenorum
1548 1363 1618 1427 anri
1641 1362 1779 1428 valorem
1810 1380 1955 1427 annuum
1987 1364 2192 1427 communiter

680 1487 743 1534 non
759 1467 925 1545 excedunt,
942 1467 1085 1531 noscitur
1106 1465 1259 1547 obtinere,
1283 1483 1354 1532 cnm
1377 1467 1610 1548 acceptatione,
1633 1467 1835 1545 inhibicione,
1852 1465 1986 1531 decreto
2004 1471 2042 1531 et
2058 1465 2192 1532 clausule

682 1572 834 1637 anteferri
857 1576 892 1636 et
913 1571 984 1636 aliis
1005 1589 1068 1636 non
1090 1570 1290 1637 obstantibus
1314 1574 1346 1634 et
1370 1570 1520 1636 clausulis
1544 1570 1707 1652 oportunis
1730 1574 1764 1634 et
1786 1570 2030 1635 executoribus.

786 1677 859 1742 Fiat
880 1676 917 1741 R.
955 1676 999 1742 m
1021 1695 1051 1759 q.
1073 1681 1097 1740 t.
1122 1693 1147 1741 s.
1171 1695 1199 1741 a.
1222 1675 1242 1740 l.
1284 1674 1357 1740 Fiat
1379 1673 1415 1738 R.
1462 1675 1500 1739 D.
1525 1674 1681 1739 Aninione
1704 1674 1737 1739 ΙΙ
1759 1693 1830 1740 non.
1853 1673 1937 1740 Julii
1962 1693 1992 1739 a.
2019 1673 2190 1740 undecimo.

786 1864 934 1920 Clementis
952 1863 991 1918 Vl
1008 1864 1035 1918 S.
1057 1863 1124 1933 xm
1142 1868 1198 1931 (ss)
1215 1863 1235 1919 i.
1253 1867 1306 1918 ὁδ’.
1325 1895 1357 1904 -
1386 1865 1409 1930 ⁸)
1428 1863 1554 1932 sequitur
1571 1862 1725 1933 ,donacioni
1753 1862 1925 1932 apostoliee‘,
1955 1862 2010 1919 sed
2040 1864 2192 1919 ancelli

684 1951 714 2019 b)
732 1951 812 2008 deest
829 1951 857 2008 in
875 1952 912 2020 R,
930 1951 1022 2022 suppl.
1040 1951 1075 2007 ab
1093 1950 1207 2007 editore.

682 2389 801 2457 1498.
824 2386 972 2453 tilbertus
994 2387 1033 2452 de
1054 2387 1222 2471 Stensberg
1243 2387 1416 2472 supplicat,
1438 2393 1475 2452 ut
1496 2387 1558 2455 sibi
1580 2388 1618 2452 de
1634 2387 1820 2472 praebenda
1833 2388 1870 2453 in
1884 2387 2025 2454 ecclesia
2042 2389 2189 2470 Proper·

681 2493 822 2568 saccati,
844 2496 875 2557 et
897 2491 1064 2558 Mirscmcs
1088 2492 1248 2576 quendem
1277 2490 1480 2573 Vojtecboais,
1503 2491 1616 2557 militis
1638 2492 1676 2558 de
1699 2490 1839 2572 Leseics,
1861 2497 1898 2558 ut
1920 2493 1988 2587 eibi
2009 2493 2052 2559 de
2073 2494 2187 2559 conosi

833 2599 909 2663 culs
930 2600 961 2662 et
977 2595 1164 2681 praebemus
1184 2597 1220 2660 in
1242 2595 1374 2661 eeclesia
1399 2595 1597 2663 olomucensi
1616 2596 1804 2663 vacantibus
1821 2596 2052 2680 provideatur.

1710 2748 1873 2828 Asinium,
1897 2753 1990 2817 1352
2012 2752 2103 2822 Julis‘s'
2122 2756 2151 2819 6.

783 2907 949 2992 Supplices
970 2906 1003 2974 S.
1025 2907 1064 2974 V.
1087 2905 1221 2973 devotus
1244 2907 1390 2989 orator·)
1421 2911 1455 2972 et
1477 2905 1662 2988 capellanus
1691 2912 1799 2972 vester
1828 2907 1987 2974 Albertus
2020 2910 2064 2975 ds
2094 2910 2186 2976 Steru

683 3012 790 3091 berch,
813 3017 908 3077 natus
930 3011 1045 3078 nobilis
1067 3012 1127 3077 viri
1151 3010 1313 3094 Stephani,
1337 3009 1454 3076 domini
1478 3009 1517 3076 de
1539 3010 1742 3090 Stemberch,
1765 3011 1893 3078 baronis
1923 3016 2018 3097 regni
2051 3014 2187 3080 Bohemie

684 3122 717 3183 et
748 3117 902 3196 bloranie,
930 3120 1088 3198 quatenus
1117 3116 1178 3181 sibi
1208 3115 1379 3197 specialem
1405 3116 1542 3197 graciam
1565 3115 1728 3195 iacientes,
1752 3117 1782 3181 ei
1807 3116 1847 3180 de
1869 3117 2042 3199 prebenda
2065 3119 2186 3184 ecclesie

686 3221 866 3303 Prsgensis,
881 3222 912 3286 in
927 3239 991 3303 qna
1007 3220 1076 3301 ipse
1091 3220 1243 3285 Albertus
1259 3220 1478 3285 canonicatum
1494 3219 1552 3284 snb
1568 3221 1811 3301 exspectacione
1825 3221 1994 3302 prebende
2009 3223 2187 3288 auctoritate

685 3325 863 3391 litterarum
888 3330 1064 3389 vestrarum
1088 3324 1210 3390 obtinet
1232 3328 1265 3388 et
1288 3323 1403 3388 ibidem
1426 3322 1458 3387 in
1483 3325 1668 3388 canonicum
1698 3328 1748 3388 est
1780 3329 1941 3406 receptus,
1977 3333 2116 3392 vacante
2142 3346 2188 3411 per

683 3430 804 3495 obitum
835 3428 994 3512 quondam
1025 3428 1147 3494 Nicolai
1180 3429 1257 3493 dicti
1286 3426 1479 3507 Melnikerii,
1510 3428 1565 3509 qui
1588 3433 1678 3493 extra
1700 3427 1876 3495 Romanam
1899 3430 2027 3495 curiam
2053 3432 2186 3507 (lucessit,

685 3539 718 3599 et
741 3540 816 3600 ante
838 3533 1018 3599 huiusmodi
1042 3533 1111 3597 eius
1134 3532 1253 3598 obitum
1277 3532 1482 3615 disposicioni
1505 3531 1590 3597 sedis
1614 3533 1789 3615 apostolice
1811 3539 1993 3613 reservata,
2029 3535 2186 3618 dignemini

684 3638 862 3722 providere,
886 3656 958 3704 cnm
988 3637 1133 3702 omnibus
1163 3655 1225 3701 non
1256 3637 1455 3702 obstantibus
1478 3643 1511 3701 et
1533 3636 1685 3703 clausulis
1716 3638 1880 3721 oportunis
1902 3644 1938 3703 et
1962 3641 2186 3716 executoribus,

684 3760 747 3807 non
781 3742 937 3820 obstante,
969 3740 1053 3824 quod
1086 3740 1170 3805 idem
1200 3740 1353 3806 Albertns
1383 3741 1415 3806 in
1437 3741 1548 3806 eadem
1571 3741 1630 3807 sub
1653 3743 1897 3824 exspectatione
1921 3745 2093 3824 prebende
2114 3745 2186 3810 etin

685 3845 890 3913 Olomucensi
920 3845 1066 3911 ecclesiis
1093 3846 1297 3910 canonicatus
1320 3848 1354 3910 et
1376 3845 1569 3928 prebendam
1592 3845 1723 3924 obtinet,
1748 3851 1780 3910 et
1802 3846 1888 3927 quod
1910 3865 2020 3930 nuper
2044 3849 2078 3916 S.
2101 3850 2137 3916 V.
2157 3848 2186 3912 de

686 3950 842 4015 decanatu
867 3950 1008 4014 eiusdem
1032 3948 1252 4014 Olomucensis
1275 3949 1412 4015 ecclesie
1434 3955 1510 4014 tunc
1533 3955 1665 4014 vacante
1687 3949 1749 4014 sibi
1778 3951 1924 4032 graciose
1961 3953 2114 4033 providit,
2142 3971 2186 4018 seu

685 4053 769 4136 quod
792 4054 921 4134 quidem
944 4054 1118 4136 predictam
1140 4052 1334 4136 prebendam
1357 4071 1415 4136 per
1438 4054 1599 4118 biennium
1622 4059 1656 4118 et
1680 4054 1763 4118 ultra
1784 4054 1825 4118 de
1840 4054 1926 4119 iacto
1944 4055 2089 4123 detinuit
2107 4064 2185 4140 prout

686 4157 809 4224 detinet
830 4162 1025 4239 occupatam.

789 4262 861 4327 Fiat
883 4262 921 4330 Il.

790 4366 872 4430 item
906 4367 1065 4449 supplicat
1087 4364 1118 4432 S.
1141 4367 1179 4433 V.
1202 4364 1332 4431 humilis
1366 4372 1472 4432 orator
1505 4372 1612 4431 vester
1641 4367 1803 4432 Mirzanns
1831 4368 2017 4451 presbyter,
2042 4370 2186 4453 qnondam

686 4470 944 4552 Woyczechunis,
967 4471 1077 4535 militis
1100 4470 1141 4535 de
1164 4470 1307 4548 Lesnicu,
1331 4471 1551 4537 Olomucensis
1573 4471 1718 4549 diocesis
1742 4477 1899 4553 quatenus
1931 4475 1996 4538 sibi
2027 4474 2185 4556 specialem

686 4575 825 4658 graciam
855 4576 1020 4653 facientes,
1051 4576 1081 4639 ei
1113 4575 1153 4639 de
1182 4576 1371 4639 canonicatu
1402 4582 1434 4639 et
1461 4575 1623 4657 prebenda
1646 4576 1780 4640 ecclesie
1803 4575 2041 4659 Olomucensis‚
2066 4591 2186 4643 vantome

686 4698 745 4763 per
766 4680 887 4744 obitum
910 4679 1067 4761 quondum
1091 4678 1230 4744 Conradi
1254 4676 1426 4760 Weyiionis
1451 4679 1489 4743 de
1511 4679 1629 4761 Bruna,
1662 4680 1715 4761 qni
1746 4685 1837 4744 extra
1868 4678 2049 4746 Romanam
2083 4685 2185 4747 cirrium

688 4784 835 4861 decessit,
870 4789 944 4848 aute
977 4783 1067 4849 cuins
1101 4783 1222 4848 obitum
1255 4783 1325 4847 eius
1359 4783 1514 4849 beneficia
1547 4793 1639 4848 erant
1669 4784 1873 4866 disposicioni
1903 4786 1994 4853 sedis
2024 4787 2186 4870 apostolice

687 4893 861 4966 reseruata,
886 4888 1059 4969 dignemini
1081 4887 1258 4969 providere,
1282 4906 1353 4952 eum
1376 4888 1520 4952 omnibus
1543 4907 1605 4952 uon
1628 4889 1828 4953 obstantibus
1858 4895 1892 4954 et
1921 4890 2081 4956 clausulis
2111 4911 2186 4974 opor·

687 4994 774 5058 lunis
798 4997 830 5055 et
853 4992 1084 5069 executoribus,
1109 4991 1350 5069 nonobstante,
1374 4991 1457 5073 quod
1481 4992 1564 5056 idem
1588 4992 1750 5056 Mirzanns
1772 4994 2008 5074 parrochialem
2029 4997 2185 5062 ecclesian

688 5098 721 5161 in
745 5096 893 5177 angitz,
917 5096 1001 5159 dicte
1025 5095 1170 5174 diocesis,
1193 5096 1327 5173 obtinet,
1351 5113 1408 5160 seu
1431 5095 1514 5177 qnod
1538 5096 1665 5177 qnidam
1689 5097 1771 5161 alius
1794 5098 1956 5179 predictos
1981 5103 2185 5166 canonicatum

688 5206 722 5264 et
744 5200 938 5282 prebendam
961 5219 1018 5281 per
1041 5199 1200 5264 biennium
1225 5206 1258 5263 ct
1281 5200 1365 5264 ultro
1388 5201 1427 5265 de
1449 5201 1533 5265 iacto
1564 5200 1702 5265 ‹letinuit
1735 5206 1831 5283 prout
1861 5202 1988 5270 detinet
2017 5213 2184 5288 occupatos.

794 5304 867 5369 Fiat
888 5304 925 5369 ll.
968 5305 1011 5370 Et
1034 5323 1063 5386 q.
1087 5309 1110 5368 t.
1133 5322 1159 5369 s.
1183 5323 1211 5370 a.
1235 5304 1255 5368 l.
1293 5303 1367 5370 Fiat
1388 5295 1425 5369 R.
1471 5306 1510 5370 D.
1535 5305 1692 5370 duinione
1715 5306 1748 5371 ll
1771 5324 1842 5372 non.
1865 5306 1948 5373 Julii
1972 5327 2001 5373 a.
2024 5310 2184 5375 undecimo.

795 5491 943 5546 Clementis
961 5490 999 5544 VI
1018 5492 1044 5545 S.
1062 5492 1125 5562 Xlli
1150 5494 1205 5561 (22)
1224 5492 1243 5546 f.
1262 5495 1313 5545 δι’.
1333 5523 1366 5532 -
1393 5493 1416 5559 e)
1436 5492 1561 5560 sequitur
1578 5497 1698 5560 ,vester‘,
1717 5492 1767 5547 sed
1784 5494 1898 5550 cancell.
1915 5494 1943 5549 S.
