5184 7050
674 811 740 879 448

677 1019 768 1088 745.
803 1016 945 1095 Carolus,
983 1016 1194 1080 Rornanorum
1231 1017 1261 1078 ct
1291 1011 1463 1079 Bobemiae
1492 1033 1558 1092 rec,
1592 1013 1764 1098 supplicat,
1801 1017 1959 1096 quotenus
1989 1012 2190 1097 pauperibus

817 1121 965 1188 Bobcmva
988 1125 1018 1186 ct
1039 1119 1229 1203 quibusdam
1251 1118 1327 1185 eliis
1345 1118 1491 1202 personis
1514 1118 1659 1184 diversae
1679 1118 1807 1200 pretinm
1829 1118 2057 1185 concedentur.

1586 1333 1750 1416 Aoiaione,
1772 1334 1861 1402 1346
1882 1332 2076 1403 Novembris
2097 1339 2151 1403 22.

938 1554 1075 1621 Botulus
1098 1570 1273 1636 pauperum
1295 1553 1484 1618 Boemorum
1507 1557 1540 1617 et
1562 1552 1759 1673 quorundam
1783 1551 1928 1618 aliorum.

783 1772 948 1856 Supplicat
971 1771 1002 1839 S.
1027 1772 1064 1837 V.
1088 1770 1217 1836 humilis
1247 1776 1280 1836 et
1304 1770 1437 1836 devotus
1466 1771 1488 1836 l.
1512 1791 1541 1835 v.
1565 1770 1713 1850 Ilarolus,
1744 1771 1958 1836 Mmanorum
1985 1788 2116 1855 semper
2139 1789 2192 1836 au·

678 1885 791 1964 gustus
814 1881 848 1943 et
868 1876 1000 1942 Boemie
1022 1894 1087 1954 rex,
1111 1879 1270 1958 quatenus
1293 1875 1354 1941 sibi
1377 1875 1410 1940 in
1432 1894 1598 1958 personam
1629 1873 1737 1941 dilecti
1768 1875 1818 1941 sni
1849 1874 2007 1942 Bernardi
2032 1875 2190 1959 quondam

678 1983 770 2051 Pauli
794 1983 833 2047 de
855 1980 965 2064 Tepla,
990 1979 1097 2046 clerIci
1119 1980 1288 2064 Pragensis
1312 1980 1459 2063 diocesin,
1482 1981 1621 2063 graciam
1643 1979 1814 2062 specialem
1837 1979 2004 2061 iacientes,
2030 1979 2073 2046 de
2095 1980 2189 2046 bene·

678 2086 750 2154 ficio
773 2086 990 2153 ecclesiastico
1014 2104 1083 2150 eum
1108 2104 1184 2150 cura
1205 2084 1255 2150 vel
1279 2085 1348 2150 siue
1371 2104 1456 2164 cura,
1488 2089 1654 2168 spectante
1689 2085 1896 2151 communiter
1924 2085 1976 2151 vel
1999 2085 2131 2151 divisim
2152 2085 2190 2151 ad

679 2190 894 2270 collationem,
910 2190 1130 2272 provisionem,
1143 2189 1418 2272 presentacIonern
1434 2208 1490 2254 seu
1503 2189 1646 2271 quamvis
1657 2187 1750 2254 aliam
1762 2189 2010 2272 disposicionem
2025 2190 2189 2274 prepositi,

679 2297 832 2380 priorisse
855 2299 887 2360 et
902 2298 1075 2360 conventus
1092 2294 1274 2359 monasterii
1289 2293 1472 2360 monIalium
1487 2294 1519 2359 in
1537 2294 1713 2373 Dobrzano,
1729 2294 1851 2359 ordinis
1874 2294 2190 2374 Premonotratensis‚

678 2400 847 2485 Pragensis
871 2399 1016 2478 diocesis,
1040 2400 1067 2464 si
1091 2398 1175 2482 quod
1198 2404 1291 2464 vacat
1315 2399 1356 2463 ad
1378 2415 1521 2481 presens
1544 2396 1595 2461 vel
1619 2397 1850 2479 quamprimum
1881 2397 2057 2475 vacaverit,
2090 2398 2189 2464 eidem

679 2504 850 2590 dignemini
874 2504 1041 2587 providere
1064 2522 1121 2569 sen
1145 2503 1369 2568 conferendum
1392 2502 1496 2567 eidem
1519 2501 1686 2567 donacIoni
1710 2500 1885 2583 apostolice
1908 2520 2088 2582 reservare,
2122 2523 2188 2568 cum

680 2609 913 2692 acceptaeione,
938 2608 1138 2688 inhibicione,
1174 2608 1302 2673 decreto
1326 2613 1359 2672 et
1382 2605 1524 2672 clausula
1547 2605 1697 2671 anteferri
1728 2611 1762 2670 et
1784 2625 1855 2672 cum
1878 2605 2026 2673 omnibus
2050 2627 2115 2673 non
2137 2607 2189 2673 ob

680 2714 838 2779 stantibus
861 2718 894 2778 et
917 2712 1069 2778 clausulis
1092 2712 1257 2796 oportunis
1280 2716 1313 2777 ct
1336 2711 1569 2777 executoribus
1583 2711 1606 2794 ¹)

783 2844 864 2909 Item
892 2842 1083 2927 supplicat·)
1114 2861 1171 2924 pro
1201 2843 1346 2908 Iohanne
1379 2841 1504 2922 clerico,
1535 2845 1609 2907 nato
1639 2841 1796 2924 quondam
1827 2840 1966 2907 Conradi
2000 2841 2043 2907 de
2077 2842 2189 2908 Maiori

680 2949 810 3015 civitate
832 2948 994 3031 Pragensi,
1019 2948 1059 3012 de
1081 2945 1234 3012 beneficio
1266 2946 1483 3012 ecclesiastico
1515 2965 1585 3011 cum
1615 2964 1692 3011 cura
1722 2945 1772 3011 vel
1803 2945 1874 3011 sine
1904 2964 1992 3025 cura,
2024 2952 2189 3030 spectante

680 3052 888 3120 communiter
921 3051 971 3116 vel
1001 3051 1126 3118 divisim
1156 3051 1196 3118 ad
1226 3051 1433 3118 collacionem
1463 3056 1522 3115 etc.
1553 3051 1716 3116 abbatisse
1747 3054 1780 3116 et
1809 3054 1983 3116 conventus
2006 3052 2190 3117 monasterii

680 3157 862 3223 monialium
886 3156 918 3221 in
940 3157 1153 3235 Thusnowitz,
1177 3157 1297 3222 ordinis
1321 3156 1553 3235 cisterciensis,
1578 3155 1799 3221 Olomucensis
1822 3153 2013 3237 diocesis.¹)

783 3287 865 3352 Item
888 3286 1046 3369 supplicat
1069 3305 1125 3369 pro
1150 3286 1337 3353 Wenceslao
1360 3287 1519 3352 Wintheri
1551 3285 1590 3352 de
1620 3284 1755 3367 Pyeska,
1787 3282 1902 3350 clerico
1926 3285 2101 3370 Pragensis
2124 3286 2188 3351 dio·

680 3391 772 3471 cesis,
797 3392 837 3456 de
858 3390 1011 3458 beneficio
1035 3390 1251 3456 ecclesiastico
1274 3411 1345 3457 cnm
1361 3411 1438 3457 cura
1459 3391 1510 3456 vel
1535 3391 1604 3455 sine
1628 3407 1712 3468 cura,
1729 3392 1896 3471 spectante
1919 3388 1961 3454 ad
1984 3389 2188 3456 collacionem

682 3499 742 3563 etc.
766 3495 997 3580 archiepiscopi
1020 3493 1224 3579 Pragensisl’)
1247 3497 1279 3562 iu
1303 3496 1439 3561 ecclesia
1462 3500 1495 3560 et
1518 3491 1654 3577 extra.³)

783 3629 864 3693 Item
888 3627 1046 3710 supplicat
1069 3647 1126 3711 pro
1141 3627 1286 3694 iohanne
1310 3627 1467 3710 quondam
1490 3626 1676 3705 Fritzoonis,
1693 3625 1840 3695 arcuficis
1857 3625 1897 3692 de
1912 3625 2060 3710 Legnitz,
2076 3626 2191 3693 clerico

680 3732 954 3797 WratIslauiensis
978 3732 1124 3812 diocesis,
1148 3732 1188 3797 de
1211 3730 1365 3797 beneficio
1389 3731 1608 3797 ecclesiastico
1629 3751 1700 3798 cum
1724 3749 1799 3797 cura
1822 3729 1873 3795 vel
1895 3730 1967 3796 siue
1988 3749 2078 3810 cura,
2103 3748 2193 3813 spec·

680 3840 769 3902 tante
793 3836 833 3900 ad
857 3835 1060 3901 collacionem
1084 3841 1143 3903 etc.
1168 3836 1310 3918 episcopi
1333 3834 1616 3901 Wratislauiensis.
1629 3832 1653 3916 ⁴)

786 3968 867 4032 Item
897 3965 1057 4048 supplicat
1087 3985 1144 4048 pro
1174 3965 1332 4044 iohanne,
1363 3972 1437 4031 nato
1468 3964 1625 4047 quondam
1655 3963 1871 4030 Bartholomei
1905 3962 1945 4030 de
1975 3963 2192 4049 Nuemburgc,

680 4070 795 4137 clerico
818 4071 987 4153 Pragensis
1010 4071 1157 4148 diocesis,
1192 4071 1232 4134 de
1262 4069 1417 4134 beneficio
1448 4068 1666 4134 ecclesiastico
1697 4068 1766 4133 sine
1796 4086 1882 4146 cura,
1913 4073 2083 4150 spectante
2111 4090 2192 4135 oom-

682 4176 820 4240 muniter
848 4175 900 4239 vel
931 4174 1057 4239 divisim
1091 4173 1131 4239 ad
1163 4173 1366 4239 collacionem
1397 4178 1457 4239 etc.
1491 4173 1656 4255 prepositi,
1687 4171 1798 4238 decani
1828 4175 1862 4237 et
1891 4171 2025 4254 capituli
2059 4174 2193 4240 ecclesie

682 4277 942 4356 Boleslauiensis,
968 4279 1051 4342 dicte
1075 4278 1222 4345 diocesis.
1233 4279 1258 4359 ὃ)

785 4410 864 4473 Item
888 4408 1047 4490 supplicat
1070 4429 1126 4491 pro
1157 4409 1313 4487 Iohanne,
1348 4414 1423 4473 nato
1454 4408 1611 4490 quondam
1643 4406 1770 4473 Pezoldi
1802 4408 1841 4472 de
1868 4406 2042 4488 Horavitz,
2078 4408 2193 4474 clerico

681 4512 851 4593 Pragensis
875 4512 1020 4590 diocesis,
1045 4514 1084 4577 de
1107 4513 1260 4577 beneficio
1291 4513 1510 4578 ecclesiastico
1542 4532 1612 4577 cum
1640 4531 1716 4576 cura
1737 4510 1789 4577 vel
1812 4512 1881 4576 sine
1904 4530 1991 4591 cura,
2027 4519 2193 4594 spectante

679 4616 887 4681 communiter
909 4615 960 4680 vel
984 4615 1108 4680 divisim
1131 4616 1172 4679 ad
1194 4616 1397 4680 collacIonem
1421 4616 1565 4698 magistri
1589 4616 1803 4696 provincialia,
1821 4615 2100 4697 commendatoris,
2126 4618 2187 4700 pri·

679 4720 744 4786 oris
767 4725 800 4783 et
823 4725 996 4784 conventus
1019 4721 1130 4785 domus
1154 4726 1263 4785 sancte
1287 4720 1388 4784 Maria
1423 4720 1454 4783 in
1486 4720 1567 4801 pede
1598 4720 1704 4801 pontis
1735 4720 1914 4803 PragensIs,
1945 4720 2071 4789 ordinis
2095 4722 2190 4787 sancti

679 4823 835 4890 lobannis
858 4822 1147 4904 lerosolimitani.⁶)

784 4955 864 5019 Item
887 4955 1045 5037 supplicat
1067 4974 1124 5036 pro
1148 4955 1320 5020 Vincenoic
1343 4955 1462 5020 Thome
1478 4956 1518 5020 de
1534 4954 1692 5034 Budwais‚
1710 4953 1825 5020 clerico
1849 4955 2023 5037 Pragensis
2046 4956 2190 5032 diocesis,

681 5059 721 5123 de
744 5058 897 5125 beneficio
921 5059 1140 5124 eeclesiastico
1164 5080 1234 5124 cum
1258 5079 1334 5124 cura
1359 5060 1408 5124 vel
1432 5061 1501 5124 sirie
1525 5079 1609 5138 cura,
1634 5064 1801 5142 spectante
1831 5059 2041 5124 communiter
2072 5060 2125 5125 vel
2146 5059 2188 5122 di·

680 5163 773 5226 visim
797 5164 836 5227 ad
861 5164 1065 5229 collacioncm
1088 5170 1149 5229 etc,
1173 5165 1299 5229 abbatis
1323 5170 1355 5228 et
1378 5171 1551 5229 conventus
1575 5163 1757 5229 monasterii
1785 5164 1827 5228 ad
1849 5163 2002 5229 Sanctam
2026 5163 2188 5240 Coronen,

681 5266 801 5331 ordInis
826 5266 1059 5344 cisterciensis,
1084 5268 1167 5332 dicte
1191 5267 1366 5336 (ΗΜ-((18.7)

784 5397 865 5461 Item
888 5416 944 5479 pro
967 5397 1108 5477 Nicolao,
1140 5403 1214 5462 nato
1245 5397 1403 5478 quondam
1433 5397 1517 5463 Galli
1550 5397 1589 5462 de
1620 5400 1766 5479 Radnitz,
1798 5398 1988 5482 presbytero
2022 5398 2186 5482 Pragensis

681 5499 827 5578 (lienosis,
852 5501 891 5564 de
914 5501 1069 5567 bevrclicio
1093 5501 1309 5566 ecclesiastico
1336 5522 1404 5566 cum
1428 5521 1505 5567 cura
1527 5501 1577 5565 vel
1598 5503 1666 5566 sine
1691 5522 1775 5582 cura,
1792 5507 1961 5586 spectante
1985 5503 2184 5568 communiter

682 5603 731 5667 vel
757 5605 881 5669 divisim
913 5606 951 5669 ad
976 5604 1178 5668 collacionem
1209 5612 1269 5670 etc.
1301 5606 1424 5670 abbatis
1454 5613 1487 5671 et
1518 5611 1691 5671 conventus
1721 5606 1905 5672 monasterii
1935 5607 1970 5672 iu
2001 5606 2182 5673 Breunonia.

681 5708 800 5775 ordinis
824 5710 926 5775 sancti
950 5709 1125 5788 Benedicti,
1150 5709 1235 5775 dicte
1258 5709 1433 5791 diocesis.⁸)
