<?xml version="1.0" encoding="UTF-8"?>
<!DOCTYPE html PUBLIC "-//W3C//DTD XHTML 1.0 Transitional//EN"
    "http://www.w3.org/TR/xhtml1/DTD/xhtml1-transitional.dtd">
<html xmlns="http://www.w3.org/1999/xhtml" xml:lang="en" lang="en">
 <head>
  <title>
</title>
<meta http-equiv="Content-Type" content="text/html;charset=utf-8" />
  <meta name='ocr-system' content='tesseract 3.04.00' />
  <meta name='ocr-capabilities' content='ocr_page ocr_carea ocr_par ocr_line ocrx_word'/>
</head>
<body>
  <div class='ocr_page' id='page_1' title='image "./monumentavatica01vatigoog_0610.png"; bbox 0 0 5184 7050; ppageno 0'>
   <div class='ocr_carea' id='block_1_1' title="bbox 709 840 773 906">
    <p class='ocr_par' dir='ltr' id='par_1_1' title="bbox 709 840 773 906">
     <span class='ocr_line' id='line_1_1' title="bbox 709 840 773 906; baseline -0.016 0"><span class='ocrx_word' id='word_1_1' title='bbox 709 840 773 906; x_wconf 74' lang='lat'>588</span> 
     </span>
    </p>
   </div>
   <div class='ocr_carea' id='block_1_2' title="bbox 711 1040 2213 1544">
    <p class='ocr_par' dir='ltr' id='par_1_2' title="bbox 711 1040 2213 1544">
     <span class='ocr_line' id='line_1_2' title="bbox 719 1040 2212 1129; baseline -0.003 -19"><span class='ocrx_word' id='word_1_2' title='bbox 719 1042 980 1129; x_wconf 89' lang='lat' dir='ltr'>[matrimonium]</span> <span class='ocrx_word' id='word_1_3' title='bbox 988 1042 1015 1125; x_wconf 71' lang='grc'>1’)</span> <span class='ocrx_word' id='word_1_4' title='bbox 1040 1043 1225 1109; x_wconf 75' lang='lat' dir='ltr'>contrahere</span> <span class='ocrx_word' id='word_1_5' title='bbox 1248 1041 1365 1121; x_wconf 84' lang='lat' dir='ltr'>valeat,</span> <span class='ocrx_word' id='word_1_6' title='bbox 1388 1040 1560 1126; x_wconf 70' lang='lat' dir='ltr'>specialem</span> <span class='ocrx_word' id='word_1_7' title='bbox 1590 1040 1730 1124; x_wconf 83' lang='lat' dir='ltr'>graciam</span> <span class='ocrx_word' id='word_1_8' title='bbox 1751 1040 1917 1119; x_wconf 85' lang='lat' dir='ltr'>faciontes,</span> <span class='ocrx_word' id='word_1_9' title='bbox 1949 1057 2075 1115; x_wconf 68' lang='lat' dir='ltr'>maura,</span> <span class='ocrx_word' id='word_1_10' title='bbox 2105 1046 2139 1105; x_wconf 92' lang='lat' dir='ltr'>ut</span> <span class='ocrx_word' id='word_1_11' title='bbox 2157 1057 2212 1105; x_wconf 84' lang='lat' dir='ltr'>cura</span> 
     </span>
     <span class='ocr_line' id='line_1_3' title="bbox 719 1146 2212 1231; baseline -0.003 -16"><span class='ocrx_word' id='word_1_12' title='bbox 719 1168 907 1231; x_wconf 85' lang='lat' dir='ltr'>quacunque</span> <span class='ocrx_word' id='word_1_13' title='bbox 937 1155 1051 1231; x_wconf 88' lang='lat' dir='ltr'>quarto</span> <span class='ocrx_word' id='word_1_14' title='bbox 1081 1149 1132 1213; x_wconf 87' lang='lat' dir='ltr'>rel</span> <span class='ocrx_word' id='word_1_15' title='bbox 1163 1150 1262 1214; x_wconf 87' lang='lat' dir='ltr'>tercio</span> <span class='ocrx_word' id='word_1_16' title='bbox 1293 1148 1579 1230; x_wconf 75' lang='lat' dir='ltr'>consanguinitatis</span> <span class='ocrx_word' id='word_1_17' title='bbox 1609 1148 1659 1212; x_wconf 91' lang='lat' dir='ltr'>vel</span> <span class='ocrx_word' id='word_1_18' title='bbox 1688 1147 1854 1212; x_wconf 83' lang='lat' dir='ltr'>affinitatis</span> <span class='ocrx_word' id='word_1_19' title='bbox 1883 1146 2044 1229; x_wconf 81' lang='lat' dir='ltr'>gradibus</span> <span class='ocrx_word' id='word_1_20' title='bbox 2071 1147 2165 1211; x_wconf 86' lang='lat' dir='ltr'>eciam</span> <span class='ocrx_word' id='word_1_21' title='bbox 2182 1164 2212 1209; x_wconf 82' lang='lat' dir='ltr'>ex</span> 
     </span>
     <span class='ocr_line' id='line_1_4' title="bbox 715 1249 2213 1337; baseline -0.003 -18"><span class='ocrx_word' id='word_1_22' title='bbox 715 1253 862 1337; x_wconf 87' lang='lat' dir='ltr'>pluribus</span> <span class='ocrx_word' id='word_1_23' title='bbox 870 1256 893 1336; x_wconf 78' lang='lat'>⁰)</span> <span class='ocrx_word' id='word_1_24' title='bbox 919 1253 1074 1318; x_wconf 89' lang='lat' dir='ltr'>lateribus</span> <span class='ocrx_word' id='word_1_25' title='bbox 1096 1252 1157 1317; x_wconf 90' lang='lat' dir='ltr'>sibi</span> <span class='ocrx_word' id='word_1_26' title='bbox 1180 1254 1288 1317; x_wconf 87' lang='lat' dir='ltr'>iuncta</span> <span class='ocrx_word' id='word_1_27' title='bbox 1311 1258 1344 1317; x_wconf 93' lang='lat' dir='ltr'>et</span> <span class='ocrx_word' id='word_1_28' title='bbox 1366 1252 1466 1318; x_wconf 89' lang='lat' dir='ltr'>eciam</span> <span class='ocrx_word' id='word_1_29' title='bbox 1488 1253 1520 1317; x_wconf 92' lang='lat' dir='ltr'>in</span> <span class='ocrx_word' id='word_1_30' title='bbox 1544 1270 1630 1331; x_wconf 86' lang='lat' dir='ltr'>casu,</span> <span class='ocrx_word' id='word_1_31' title='bbox 1662 1252 1714 1317; x_wconf 93' lang='lat' dir='ltr'>ubi</span> <span class='ocrx_word' id='word_1_32' title='bbox 1744 1250 1875 1316; x_wconf 88' lang='lat' dir='ltr'>iusticia</span> <span class='ocrx_word' id='word_1_33' title='bbox 1897 1249 2033 1333; x_wconf 89' lang='lat' dir='ltr'>publice</span> <span class='ocrx_word' id='word_1_34' title='bbox 2056 1249 2213 1315; x_wconf 69' lang='lat' dir='ltr'>hermus</span> 
     </span>
     <span class='ocr_line' id='line_1_5' title="bbox 711 1353 2212 1439; baseline -0.003 -15"><span class='ocrx_word' id='word_1_35' title='bbox 711 1358 862 1436; x_wconf 89' lang='lat' dir='ltr'>obstaret,</span> <span class='ocrx_word' id='word_1_36' title='bbox 885 1358 1117 1424; x_wconf 85' lang='lat' dir='ltr'>matrimonium</span> <span class='ocrx_word' id='word_1_37' title='bbox 1139 1357 1227 1422; x_wconf 90' lang='lat' dir='ltr'>licite</span> <span class='ocrx_word' id='word_1_38' title='bbox 1251 1356 1439 1421; x_wconf 87' lang='lat' dir='ltr'>contrahere</span> <span class='ocrx_word' id='word_1_39' title='bbox 1470 1357 1582 1439; x_wconf 83' lang='lat' dir='ltr'>possit,</span> <span class='ocrx_word' id='word_1_40' title='bbox 1613 1355 1784 1439; x_wconf 87' lang='lat' dir='ltr'>dignemini</span> <span class='ocrx_word' id='word_1_41' title='bbox 1814 1354 2078 1421; x_wconf 79' lang='lat' dir='ltr'>misericorditer</span> <span class='ocrx_word' id='word_1_42' title='bbox 2103 1353 2212 1436; x_wconf 86' lang='lat' dir='ltr'>dispeu-</span> 
     </span>
     <span class='ocr_line' id='line_1_6' title="bbox 712 1457 2043 1544; baseline -0.003 -16"><span class='ocrx_word' id='word_1_43' title='bbox 712 1481 793 1542; x_wconf 90' lang='lat' dir='ltr'>sare,</span> <span class='ocrx_word' id='word_1_44' title='bbox 817 1461 937 1544; x_wconf 91' lang='lat' dir='ltr'>prolem</span> <span class='ocrx_word' id='word_1_45' title='bbox 961 1469 1034 1542; x_wconf 85' lang='lat' dir='ltr'>etc,</span> <span class='ocrx_word' id='word_1_46' title='bbox 1057 1481 1127 1528; x_wconf 91' lang='lat' dir='ltr'>cum</span> <span class='ocrx_word' id='word_1_47' title='bbox 1150 1462 1296 1527; x_wconf 89' lang='lat' dir='ltr'>omnibus</span> <span class='ocrx_word' id='word_1_48' title='bbox 1320 1480 1381 1526; x_wconf 91' lang='lat' dir='ltr'>non</span> <span class='ocrx_word' id='word_1_49' title='bbox 1405 1461 1606 1526; x_wconf 88' lang='lat' dir='ltr'>obstantibus</span> <span class='ocrx_word' id='word_1_50' title='bbox 1629 1465 1661 1524; x_wconf 93' lang='lat' dir='ltr'>et</span> <span class='ocrx_word' id='word_1_51' title='bbox 1684 1457 1835 1524; x_wconf 81' lang='lat' dir='ltr'>clausulis</span> <span class='ocrx_word' id='word_1_52' title='bbox 1857 1459 2043 1542; x_wconf 88' lang='lat' dir='ltr'>oportunis.</span> 
     </span>
    </p>
   </div>
   <div class='ocr_carea' id='block_1_3' title="bbox 813 1592 987 1657">
    <p class='ocr_par' dir='ltr' id='par_1_3' title="bbox 813 1592 987 1657">
     <span class='ocr_line' id='line_1_7' title="bbox 813 1592 987 1657; baseline -0.006 0"><span class='ocrx_word' id='word_1_53' title='bbox 813 1593 886 1657; x_wconf 88' lang='lat' dir='ltr'>Fiat</span> <span class='ocrx_word' id='word_1_54' title='bbox 909 1592 945 1657; x_wconf 86' lang='lat' dir='ltr'>R.</span> <span class='ocrx_word' id='word_1_55' title='bbox 985 1627 987 1630; x_wconf 84' lang='grc'><em>·</em></span> 
     </span>
    </p>
   </div>
   <div class='ocr_carea' id='block_1_4' title="bbox 709 1719 2213 2746">
    <p class='ocr_par' dir='ltr' id='par_1_4' title="bbox 709 1719 2213 2746">
     <span class='ocr_line' id='line_1_8' title="bbox 813 1719 2211 1804; baseline -0.003 -15"><span class='ocrx_word' id='word_1_56' title='bbox 813 1723 894 1789; x_wconf 90' lang='lat' dir='ltr'>Item</span> <span class='ocrx_word' id='word_1_57' title='bbox 918 1723 1087 1804; x_wconf 77' lang='lat' dir='ltr'>supplicat,</span> <span class='ocrx_word' id='word_1_58' title='bbox 1121 1728 1279 1804; x_wconf 88' lang='lat' dir='ltr'>quatenus</span> <span class='ocrx_word' id='word_1_59' title='bbox 1311 1721 1388 1786; x_wconf 89' lang='lat' dir='ltr'>dare</span> <span class='ocrx_word' id='word_1_60' title='bbox 1419 1720 1591 1804; x_wconf 81' lang='lat' dir='ltr'>dignemini</span> <span class='ocrx_word' id='word_1_61' title='bbox 1622 1738 1679 1803; x_wconf 91' lang='lat' dir='ltr'>per</span> <span class='ocrx_word' id='word_1_62' title='bbox 1705 1725 1827 1786; x_wconf 89' lang='lat' dir='ltr'>vestras</span> <span class='ocrx_word' id='word_1_63' title='bbox 1850 1720 1987 1785; x_wconf 78' lang='lat' dir='ltr'>litteras</span> <span class='ocrx_word' id='word_1_64' title='bbox 2012 1720 2046 1785; x_wconf 93' lang='lat' dir='ltr'>in</span> <span class='ocrx_word' id='word_1_65' title='bbox 2070 1719 2211 1785; x_wconf 81' lang='lat' dir='ltr'>mandatis</span> 
     </span>
     <span class='ocr_line' id='line_1_9' title="bbox 710 1824 2212 1910; baseline -0.002 -18"><span class='ocrx_word' id='word_1_66' title='bbox 710 1827 756 1894; x_wconf 94' lang='lat' dir='ltr'>illi</span> <span class='ocrx_word' id='word_1_67' title='bbox 779 1827 829 1892; x_wconf 87' lang='lat' dir='ltr'>vel</span> <span class='ocrx_word' id='word_1_68' title='bbox 851 1827 916 1892; x_wconf 93' lang='lat' dir='ltr'>illis</span> <span class='ocrx_word' id='word_1_69' title='bbox 939 1828 1096 1910; x_wconf 88' lang='lat' dir='ltr'>personis,</span> <span class='ocrx_word' id='word_1_70' title='bbox 1119 1844 1198 1909; x_wconf 90' lang='lat' dir='ltr'>quas</span> <span class='ocrx_word' id='word_1_71' title='bbox 1221 1827 1261 1891; x_wconf 93' lang='lat' dir='ltr'>ad</span> <span class='ocrx_word' id='word_1_72' title='bbox 1285 1824 1497 1908; x_wconf 87' lang='lat' dir='ltr'>colligendum</span> <span class='ocrx_word' id='word_1_73' title='bbox 1521 1825 1684 1903; x_wconf 87' lang='lat' dir='ltr'>decimam,</span> <span class='ocrx_word' id='word_1_74' title='bbox 1710 1844 1767 1907; x_wconf 92' lang='lat' dir='ltr'>per</span> <span class='ocrx_word' id='word_1_75' title='bbox 1789 1825 1819 1892; x_wconf 87' lang='lat' dir='ltr'>S.</span> <span class='ocrx_word' id='word_1_76' title='bbox 1844 1824 1883 1890; x_wconf 88' lang='lat' dir='ltr'>V.</span> <span class='ocrx_word' id='word_1_77' title='bbox 1907 1825 1941 1890; x_wconf 92' lang='lat' dir='ltr'>in</span> <span class='ocrx_word' id='word_1_78' title='bbox 1967 1824 2212 1909; x_wconf 82' lang='lat' dir='ltr'>Pragensi,01e</span> 
     </span>
     <span class='ocr_line' id='line_1_10' title="bbox 709 1929 2212 2012; baseline -0.002 -15"><span class='ocrx_word' id='word_1_79' title='bbox 709 1933 862 2012; x_wconf 84' lang='lat' dir='ltr'>murensi,</span> <span class='ocrx_word' id='word_1_80' title='bbox 893 1931 1152 1997; x_wconf 87' lang='lat' dir='ltr'>Lutbomuslensi</span> <span class='ocrx_word' id='word_1_81' title='bbox 1183 1936 1216 1995; x_wconf 92' lang='lat' dir='ltr'>et</span> <span class='ocrx_word' id='word_1_82' title='bbox 1245 1930 1501 1995; x_wconf 89' lang='lat' dir='ltr'>Wratislauieusi</span> <span class='ocrx_word' id='word_1_83' title='bbox 1532 1930 1716 1995; x_wconf 84' lang='lat' dir='ltr'>civitatibus</span> <span class='ocrx_word' id='word_1_84' title='bbox 1746 1934 1780 1994; x_wconf 93' lang='lat' dir='ltr'>et</span> <span class='ocrx_word' id='word_1_85' title='bbox 1804 1930 1994 1995; x_wconf 88' lang='lat' dir='ltr'>diocesibus</span> <span class='ocrx_word' id='word_1_86' title='bbox 2018 1929 2212 2005; x_wconf 83' lang='lat' dir='ltr'>indicendam</span> 
     </span>
     <span class='ocr_line' id='line_1_11' title="bbox 710 2034 2213 2125; baseline -0.002 -24"><span class='ocrx_word' id='word_1_87' title='bbox 710 2037 837 2103; x_wconf 82' lang='lat' dir='ltr'>duxerit</span> <span class='ocrx_word' id='word_1_88' title='bbox 859 2034 1066 2119; x_wconf 87' lang='lat' dir='ltr'>deputandas,</span> <span class='ocrx_word' id='word_1_89' title='bbox 1091 2036 1175 2119; x_wconf 89' lang='lat' dir='ltr'>quod</span> <span class='ocrx_word' id='word_1_90' title='bbox 1197 2035 1371 2100; x_wconf 90' lang='lat' dir='ltr'>secundum</span> <span class='ocrx_word' id='word_1_91' title='bbox 1404 2035 1639 2100; x_wconf 82' lang='lat' dir='ltr'>ordinacionem</span> <span class='ocrx_word' id='word_1_92' title='bbox 1669 2039 1703 2100; x_wconf 91' lang='lat' dir='ltr'>et</span> <span class='ocrx_word' id='word_1_93' title='bbox 1732 2036 1931 2125; x_wconf 84' lang='lat' dir='ltr'>voluntatem</span> <span class='ocrx_word' id='word_1_94' title='bbox 1964 2034 2048 2100; x_wconf 92' lang='lat' dir='ltr'>dicti</span> <span class='ocrx_word' id='word_1_95' title='bbox 2079 2034 2163 2119; x_wconf 87' lang='lat' dir='ltr'>regis</span> <span class='ocrx_word' id='word_1_96' title='bbox 2183 2034 2213 2099; x_wconf 87' lang='lat' dir='ltr'>de</span> 
     </span>
     <span class='ocr_line' id='line_1_12' title="bbox 710 2139 2213 2223; baseline -0.003 -17"><span class='ocrx_word' id='word_1_97' title='bbox 710 2140 847 2223; x_wconf 89' lang='lat' dir='ltr'>pecunia</span> <span class='ocrx_word' id='word_1_98' title='bbox 870 2140 954 2205; x_wconf 89' lang='lat' dir='ltr'>dicte</span> <span class='ocrx_word' id='word_1_99' title='bbox 977 2140 1099 2205; x_wconf 91' lang='lat' dir='ltr'>decime</span> <span class='ocrx_word' id='word_1_100' title='bbox 1122 2139 1266 2218; x_wconf 86' lang='lat' dir='ltr'>fundare,</span> <span class='ocrx_word' id='word_1_101' title='bbox 1291 2144 1477 2205; x_wconf 88' lang='lat' dir='ltr'>construere</span> <span class='ocrx_word' id='word_1_102' title='bbox 1500 2145 1533 2205; x_wconf 92' lang='lat' dir='ltr'>et</span> <span class='ocrx_word' id='word_1_103' title='bbox 1555 2141 1665 2205; x_wconf 91' lang='lat' dir='ltr'>dotare</span> <span class='ocrx_word' id='word_1_104' title='bbox 1689 2139 1806 2205; x_wconf 90' lang='lat' dir='ltr'>debeat</span> <span class='ocrx_word' id='word_1_105' title='bbox 1828 2139 1861 2204; x_wconf 93' lang='lat' dir='ltr'>in</span> <span class='ocrx_word' id='word_1_106' title='bbox 1884 2158 1990 2222; x_wconf 86' lang='lat' dir='ltr'>reguo</span> <span class='ocrx_word' id='word_1_107' title='bbox 2014 2158 2075 2206; x_wconf 91' lang='lat' dir='ltr'>suo</span> <span class='ocrx_word' id='word_1_108' title='bbox 2100 2139 2213 2205; x_wconf 75' lang='grc' dir='ltr'>Βοειιιίι-</span> 
     </span>
     <span class='ocr_line' id='line_1_13' title="bbox 710 2243 2212 2329; baseline 0 -19"><span class='ocrx_word' id='word_1_109' title='bbox 710 2264 806 2310; x_wconf 91' lang='lat' dir='ltr'>unum</span> <span class='ocrx_word' id='word_1_110' title='bbox 829 2245 1053 2311; x_wconf 91' lang='lat' dir='ltr'>monasterium</span> <span class='ocrx_word' id='word_1_111' title='bbox 1077 2244 1216 2309; x_wconf 88' lang='lat' dir='ltr'>virorum</span> <span class='ocrx_word' id='word_1_112' title='bbox 1238 2243 1358 2309; x_wconf 88' lang='lat' dir='ltr'>ordinis</span> <span class='ocrx_word' id='word_1_113' title='bbox 1374 2244 1476 2309; x_wconf 90' lang='lat' dir='ltr'>sancti</span> <span class='ocrx_word' id='word_1_114' title='bbox 1491 2244 1670 2322; x_wconf 79' lang='lat' dir='ltr'>Benedicti,</span> <span class='ocrx_word' id='word_1_115' title='bbox 1687 2263 1745 2325; x_wconf 91' lang='lat' dir='ltr'>per</span> <span class='ocrx_word' id='word_1_116' title='bbox 1759 2244 1909 2309; x_wconf 89' lang='lat' dir='ltr'>abbatem</span> <span class='ocrx_word' id='word_1_117' title='bbox 1927 2246 2103 2327; x_wconf 90' lang='lat' dir='ltr'>proprium</span> <span class='ocrx_word' id='word_1_118' title='bbox 2117 2244 2212 2329; x_wconf 83' lang='lat' dir='ltr'>guber·</span> 
     </span>
     <span class='ocr_line' id='line_1_14' title="bbox 710 2347 2211 2432; baseline 0 -17"><span class='ocrx_word' id='word_1_119' title='bbox 710 2349 856 2428; x_wconf 92' lang='lat' dir='ltr'>nandum,</span> <span class='ocrx_word' id='word_1_120' title='bbox 879 2349 964 2432; x_wconf 87' lang='lat' dir='ltr'>quod</span> <span class='ocrx_word' id='word_1_121' title='bbox 987 2349 1102 2414; x_wconf 91' lang='lat' dir='ltr'>debeat</span> <span class='ocrx_word' id='word_1_122' title='bbox 1125 2349 1306 2414; x_wconf 93' lang='lat' dir='ltr'>immediate</span> <span class='ocrx_word' id='word_1_123' title='bbox 1329 2349 1462 2414; x_wconf 88' lang='lat' dir='ltr'>subesse</span> <span class='ocrx_word' id='word_1_124' title='bbox 1484 2349 1677 2414; x_wconf 92' lang='lat' dir='ltr'>monasterio</span> <span class='ocrx_word' id='word_1_125' title='bbox 1702 2347 1883 2430; x_wconf 70' lang='lat' dir='ltr'>Cazedei,⁶)</span> <span class='ocrx_word' id='word_1_126' title='bbox 1914 2348 2067 2415; x_wconf 90' lang='lat' dir='ltr'>eiusdem</span> <span class='ocrx_word' id='word_1_127' title='bbox 2099 2348 2211 2425; x_wconf 82' lang='lat' dir='ltr'>ordinis,</span> 
     </span>
     <span class='ocr_line' id='line_1_15' title="bbox 711 2452 2210 2536; baseline 0.001 -18"><span class='ocrx_word' id='word_1_128' title='bbox 711 2453 979 2519; x_wconf 80' lang='lat' dir='ltr'>Claromoutensis</span> <span class='ocrx_word' id='word_1_129' title='bbox 1003 2453 1148 2532; x_wconf 90' lang='lat' dir='ltr'>diocesis,</span> <span class='ocrx_word' id='word_1_130' title='bbox 1165 2458 1198 2518; x_wconf 92' lang='lat' dir='ltr'>et</span> <span class='ocrx_word' id='word_1_131' title='bbox 1220 2453 1252 2518; x_wconf 92' lang='lat' dir='ltr'>in</span> <span class='ocrx_word' id='word_1_132' title='bbox 1275 2472 1338 2536; x_wconf 89' lang='lat' dir='ltr'>quo</span> <span class='ocrx_word' id='word_1_133' title='bbox 1362 2454 1436 2535; x_wconf 91' lang='lat' dir='ltr'>poni</span> <span class='ocrx_word' id='word_1_134' title='bbox 1460 2453 1598 2518; x_wconf 89' lang='lat' dir='ltr'>debeant</span> <span class='ocrx_word' id='word_1_135' title='bbox 1620 2453 1773 2532; x_wconf 88' lang='lat' dir='ltr'>monachi,</span> <span class='ocrx_word' id='word_1_136' title='bbox 1790 2470 1870 2535; x_wconf 89' lang='lat' dir='ltr'>quos</span> <span class='ocrx_word' id='word_1_137' title='bbox 1889 2452 1996 2519; x_wconf 88' lang='lat' dir='ltr'>abbas</span> <span class='ocrx_word' id='word_1_138' title='bbox 2020 2454 2100 2521; x_wconf 92' lang='lat' dir='ltr'>dicti</span> <span class='ocrx_word' id='word_1_139' title='bbox 2122 2472 2210 2519; x_wconf 78' lang='lat' dir='ltr'>mous-</span> 
     </span>
     <span class='ocr_line' id='line_1_16' title="bbox 713 2555 2210 2639; baseline -0.001 -15"><span class='ocrx_word' id='word_1_140' title='bbox 713 2558 802 2624; x_wconf 91' lang='lat' dir='ltr'>sterii</span> <span class='ocrx_word' id='word_1_141' title='bbox 827 2558 960 2623; x_wconf 85' lang='lat' dir='ltr'>Casedei</span> <span class='ocrx_word' id='word_1_142' title='bbox 984 2558 1104 2624; x_wconf 89' lang='lat' dir='ltr'>desua</span> <span class='ocrx_word' id='word_1_143' title='bbox 1128 2558 1239 2623; x_wconf 90' lang='lat' dir='ltr'>eadem</span> <span class='ocrx_word' id='word_1_144' title='bbox 1262 2559 1453 2624; x_wconf 88' lang='lat' dir='ltr'>monasterio</span> <span class='ocrx_word' id='word_1_145' title='bbox 1484 2558 1622 2624; x_wconf 87' lang='lat' dir='ltr'>Casedei</span> <span class='ocrx_word' id='word_1_146' title='bbox 1652 2558 1712 2622; x_wconf 92' lang='lat' dir='ltr'>hac</span> <span class='ocrx_word' id='word_1_147' title='bbox 1741 2558 1811 2622; x_wconf 90' lang='lat' dir='ltr'>vice</span> <span class='ocrx_word' id='word_1_148' title='bbox 1829 2555 2002 2639; x_wconf 67' lang='lat' dir='ltr'>&#39;primaria</span> <span class='ocrx_word' id='word_1_149' title='bbox 2034 2558 2080 2624; x_wconf 92' lang='lat' dir='ltr'>ibi</span> <span class='ocrx_word' id='word_1_150' title='bbox 2102 2558 2210 2623; x_wconf 81' lang='lat' dir='ltr'>duxerit</span> 
     </span>
     <span class='ocr_line' id='line_1_17' title="bbox 710 2661 918 2746; baseline 0 -19"><span class='ocrx_word' id='word_1_151' title='bbox 710 2661 918 2746; x_wconf 86' lang='lat' dir='ltr'>deputandos</span> 
     </span>
    </p>
   </div>
   <div class='ocr_carea' id='block_1_5' title="bbox 811 2793 982 2871">
    <p class='ocr_par' dir='ltr' id='par_1_5' title="bbox 811 2793 982 2871">
     <span class='ocr_line' id='line_1_18' title="bbox 811 2793 982 2871; baseline -0.006 -13"><span class='ocrx_word' id='word_1_152' title='bbox 811 2793 885 2858; x_wconf 85' lang='lat' dir='ltr'>Flat</span> <span class='ocrx_word' id='word_1_153' title='bbox 907 2793 944 2858; x_wconf 87' lang='lat' dir='ltr'>R.</span> <span class='ocrx_word' id='word_1_154' title='bbox 958 2795 982 2871; x_wconf 89' lang='lat'>¹)</span> 
     </span>
    </p>
   </div>
   <div class='ocr_carea' id='block_1_6' title="bbox 709 2923 2208 3320">
    <p class='ocr_par' dir='ltr' id='par_1_6' title="bbox 709 2923 2208 3320">
     <span class='ocr_line' id='line_1_19' title="bbox 812 2923 2208 3010; baseline 0 -19"><span class='ocrx_word' id='word_1_155' title='bbox 812 2925 894 2991; x_wconf 85' lang='lat' dir='ltr'>Item</span> <span class='ocrx_word' id='word_1_156' title='bbox 917 2942 974 3006; x_wconf 93' lang='lat' dir='ltr'>pro</span> <span class='ocrx_word' id='word_1_157' title='bbox 998 2923 1084 2990; x_wconf 90' lang='lat' dir='ltr'>cultu</span> <span class='ocrx_word' id='word_1_158' title='bbox 1115 2924 1221 2990; x_wconf 89' lang='lat' dir='ltr'>divino</span> <span class='ocrx_word' id='word_1_159' title='bbox 1251 2926 1284 2989; x_wconf 91' lang='lat' dir='ltr'>in</span> <span class='ocrx_word' id='word_1_160' title='bbox 1315 2925 1444 2992; x_wconf 91' lang='lat' dir='ltr'>civitate</span> <span class='ocrx_word' id='word_1_161' title='bbox 1473 2927 1627 3009; x_wconf 85' lang='lat' dir='ltr'>Prageusi</span> <span class='ocrx_word' id='word_1_162' title='bbox 1658 2925 1788 2991; x_wconf 89' lang='lat' dir='ltr'>uberius</span> <span class='ocrx_word' id='word_1_163' title='bbox 1822 2924 2019 3009; x_wconf 87' lang='lat' dir='ltr'>adaugendo</span> <span class='ocrx_word' id='word_1_164' title='bbox 2052 2924 2208 3010; x_wconf 86' lang='lat' dir='ltr'>‹ligneruiui</span> 
     </span>
     <span class='ocr_line' id='line_1_20' title="bbox 711 3028 2208 3112; baseline 0.001 -19"><span class='ocrx_word' id='word_1_165' title='bbox 711 3028 895 3107; x_wconf 88' lang='lat' dir='ltr'>concedere,</span> <span class='ocrx_word' id='word_1_166' title='bbox 918 3028 1002 3110; x_wconf 90' lang='lat' dir='ltr'>quod</span> <span class='ocrx_word' id='word_1_167' title='bbox 1025 3028 1160 3093; x_wconf 83' lang='lat' dir='ltr'>ecclesia</span> <span class='ocrx_word' id='word_1_168' title='bbox 1183 3029 1399 3109; x_wconf 87' lang='lat' dir='ltr'>Mehrioensis,</span> <span class='ocrx_word' id='word_1_169' title='bbox 1422 3030 1592 3112; x_wconf 87' lang='lat' dir='ltr'>Pragensis</span> <span class='ocrx_word' id='word_1_170' title='bbox 1615 3029 1760 3110; x_wconf 87' lang='lat' dir='ltr'>diocesis,</span> <span class='ocrx_word' id='word_1_171' title='bbox 1776 3029 1817 3094; x_wconf 92' lang='lat' dir='ltr'>de</span> <span class='ocrx_word' id='word_1_172' title='bbox 1832 3029 2017 3096; x_wconf 89' lang='lat' dir='ltr'>collacione</span> <span class='ocrx_word' id='word_1_173' title='bbox 2040 3030 2119 3095; x_wconf 86' lang='lat' dir='ltr'>dluti</span> <span class='ocrx_word' id='word_1_174' title='bbox 2138 3028 2208 3111; x_wconf 81' lang='lat' dir='ltr'>regis</span> 
     </span>
     <span class='ocr_line' id='line_1_21' title="bbox 709 3132 2208 3217; baseline -0.001 -18"><span class='ocrx_word' id='word_1_175' title='bbox 709 3135 891 3217; x_wconf 85' lang='lat' dir='ltr'>existens,⁰)</span> <span class='ocrx_word' id='word_1_176' title='bbox 915 3132 947 3197; x_wconf 90' lang='lat' dir='ltr'>iu</span> <span class='ocrx_word' id='word_1_177' title='bbox 970 3132 1088 3198; x_wconf 88' lang='lat' dir='ltr'>dictam</span> <span class='ocrx_word' id='word_1_178' title='bbox 1110 3133 1276 3199; x_wconf 76' lang='lat' dir='ltr'>mansioni</span> <span class='ocrx_word' id='word_1_179' title='bbox 1300 3134 1407 3199; x_wconf 90' lang='lat' dir='ltr'>valeat</span> <span class='ocrx_word' id='word_1_180' title='bbox 1437 3136 1609 3214; x_wconf 89' lang='lat' dir='ltr'>civitatem,</span> <span class='ocrx_word' id='word_1_181' title='bbox 1644 3154 1714 3199; x_wconf 89' lang='lat' dir='ltr'>cnm</span> <span class='ocrx_word' id='word_1_182' title='bbox 1745 3134 1891 3200; x_wconf 91' lang='lat' dir='ltr'>omnibus</span> <span class='ocrx_word' id='word_1_183' title='bbox 1923 3136 2087 3201; x_wconf 87' lang='lat' dir='ltr'>clausulis</span> <span class='ocrx_word' id='word_1_184' title='bbox 2109 3142 2141 3200; x_wconf 89' lang='lat' dir='ltr'>et</span> <span class='ocrx_word' id='word_1_185' title='bbox 2159 3152 2208 3199; x_wconf 88' lang='lat' dir='ltr'>aaa</span> 
     </span>
     <span class='ocr_line' id='line_1_22' title="bbox 711 3239 1107 3320; baseline -0.005 -16"><span class='ocrx_word' id='word_1_186' title='bbox 711 3239 911 3305; x_wconf 84' lang='lat' dir='ltr'>obstantibus</span> <span class='ocrx_word' id='word_1_187' title='bbox 934 3239 1107 3320; x_wconf 87' lang='lat' dir='ltr'>oportunis.</span> 
     </span>
    </p>
   </div>
   <div class='ocr_carea' id='block_1_7' title="bbox 708 3359 2206 3673">
    <p class='ocr_par' dir='ltr' id='par_1_7' title="bbox 708 3359 2206 3673">
     <span class='ocr_line' id='line_1_23' title="bbox 813 3359 1911 3444; baseline 0.001 -19"><span class='ocrx_word' id='word_1_188' title='bbox 813 3360 886 3425; x_wconf 85' lang='lat' dir='ltr'>Fiat</span> <span class='ocrx_word' id='word_1_189' title='bbox 908 3379 966 3443; x_wconf 90' lang='lat' dir='ltr'>per·</span> <span class='ocrx_word' id='word_1_190' title='bbox 988 3359 1260 3443; x_wconf 89' lang='lat' dir='ltr'>archiepiscopum</span> <span class='ocrx_word' id='word_1_191' title='bbox 1283 3360 1485 3443; x_wconf 84' lang='lat' dir='ltr'>Pragensem,</span> <span class='ocrx_word' id='word_1_192' title='bbox 1509 3360 1536 3424; x_wconf 92' lang='lat' dir='ltr'>si</span> <span class='ocrx_word' id='word_1_193' title='bbox 1560 3360 1676 3425; x_wconf 88' lang='lat' dir='ltr'>viderit</span> <span class='ocrx_word' id='word_1_194' title='bbox 1698 3361 1848 3444; x_wconf 84' lang='lat' dir='ltr'>expedire</span> <span class='ocrx_word' id='word_1_195' title='bbox 1872 3360 1911 3426; x_wconf 85' lang='lat' dir='ltr'>R.</span> 
     </span>
     <span class='ocr_line' id='line_1_24' title="bbox 708 3479 2206 3569; baseline 0 -21"><span class='ocrx_word' id='word_1_196' title='bbox 708 3479 710 3482; x_wconf 73' lang='grc'>’</span> <span class='ocrx_word' id='word_1_197' title='bbox 813 3483 894 3549; x_wconf 90' lang='lat' dir='ltr'>Item</span> <span class='ocrx_word' id='word_1_198' title='bbox 910 3481 1113 3566; x_wconf 70' lang='lat' dir='ltr'>dignemini‘)</span> <span class='ocrx_word' id='word_1_199' title='bbox 1136 3483 1209 3548; x_wconf 90' lang='lat' dir='ltr'>duci</span> <span class='ocrx_word' id='word_1_200' title='bbox 1233 3483 1413 3563; x_wconf 62' lang='lat' dir='ltr'>Saxones)</span> <span class='ocrx_word' id='word_1_201' title='bbox 1436 3482 1521 3566; x_wconf 84' lang='lat' dir='ltr'>quod</span> <span class='ocrx_word' id='word_1_202' title='bbox 1539 3483 1690 3549; x_wconf 89' lang='lat' dir='ltr'>nonnulla</span> <span class='ocrx_word' id='word_1_203' title='bbox 1704 3502 1837 3567; x_wconf 88' lang='lat' dir='ltr'>corpora</span> <span class='ocrx_word' id='word_1_204' title='bbox 1851 3485 2062 3567; x_wconf 88' lang='lat' dir='ltr'>quorundam</span> <span class='ocrx_word' id='word_1_205' title='bbox 2078 3483 2206 3569; x_wconf 83' lang='lat' dir='ltr'>progeni·</span> 
     </span>
     <span class='ocr_line' id='line_1_25' title="bbox 709 3587 2203 3673; baseline 0 -21"><span class='ocrx_word' id='word_1_206' title='bbox 709 3592 813 3652; x_wconf 89' lang='lat' dir='ltr'>torum</span> <span class='ocrx_word' id='word_1_207' title='bbox 836 3607 973 3667; x_wconf 89' lang='lat' dir='ltr'>suorum,</span> <span class='ocrx_word' id='word_1_208' title='bbox 996 3587 1123 3670; x_wconf 88' lang='lat' dir='ltr'>sepulta</span> <span class='ocrx_word' id='word_1_209' title='bbox 1144 3588 1177 3652; x_wconf 92' lang='lat' dir='ltr'>in</span> <span class='ocrx_word' id='word_1_210' title='bbox 1199 3588 1338 3653; x_wconf 89' lang='lat' dir='ltr'>claustro</span> <span class='ocrx_word' id='word_1_211' title='bbox 1360 3589 1495 3654; x_wconf 80' lang='lat' dir='ltr'>fratrum</span> <span class='ocrx_word' id='word_1_212' title='bbox 1518 3588 1676 3653; x_wconf 80' lang='lat' dir='ltr'>Minorem</span> <span class='ocrx_word' id='word_1_213' title='bbox 1699 3590 1731 3653; x_wconf 92' lang='lat' dir='ltr'>in</span> <span class='ocrx_word' id='word_1_214' title='bbox 1744 3589 1970 3673; x_wconf 90' lang='lat' dir='ltr'>Wittemherg,</span> <span class='ocrx_word' id='word_1_215' title='bbox 1995 3590 2203 3656; x_wconf 88' lang='lat' dir='ltr'>Braudenbur·</span> 
     </span>
    </p>
   </div>
   <div class='ocr_carea' id='block_1_8' title="bbox 709 3692 2206 3883">
    <p class='ocr_par' dir='ltr' id='par_1_8' title="bbox 709 3692 2206 3883">
     <span class='ocr_line' id='line_1_26' title="bbox 709 3692 2206 3774; baseline -0.001 -18"><span class='ocrx_word' id='word_1_216' title='bbox 709 3692 817 3774; x_wconf 81' lang='lat' dir='ltr'>gensis</span> <span class='ocrx_word' id='word_1_217' title='bbox 840 3692 986 3772; x_wconf 88' lang='lat' dir='ltr'>diocesis,</span> <span class='ocrx_word' id='word_1_218' title='bbox 1009 3693 1174 3758; x_wconf 81' lang='lat' dir='ltr'>exhumari</span> <span class='ocrx_word' id='word_1_219' title='bbox 1197 3698 1230 3758; x_wconf 92' lang='lat' dir='ltr'>et</span> <span class='ocrx_word' id='word_1_220' title='bbox 1252 3692 1291 3758; x_wconf 91' lang='lat' dir='ltr'>ad</span> <span class='ocrx_word' id='word_1_221' title='bbox 1316 3694 1491 3759; x_wconf 89' lang='lat' dir='ltr'>claustrum</span> <span class='ocrx_word' id='word_1_222' title='bbox 1514 3693 1698 3758; x_wconf 87' lang='lat' dir='ltr'>monasterii</span> <span class='ocrx_word' id='word_1_223' title='bbox 1722 3694 1753 3758; x_wconf 93' lang='lat' dir='ltr'>in</span> <span class='ocrx_word' id='word_1_224' title='bbox 1777 3694 1974 3773; x_wconf 91' lang='lat' dir='ltr'>Doberluch,</span> <span class='ocrx_word' id='word_1_225' title='bbox 2000 3694 2206 3762; x_wconf 78' lang='lat' dir='ltr'>cisterciensis</span> 
     </span>
     <span class='ocr_line' id='line_1_27' title="bbox 710 3796 2167 3883; baseline 0.001 -21"><span class='ocrx_word' id='word_1_226' title='bbox 710 3797 840 3878; x_wconf 87' lang='lat' dir='ltr'>ordinis,</span> <span class='ocrx_word' id='word_1_227' title='bbox 863 3796 1035 3864; x_wconf 90' lang='lat' dir='ltr'>Misnensis</span> <span class='ocrx_word' id='word_1_228' title='bbox 1057 3798 1204 3877; x_wconf 89' lang='lat' dir='ltr'>diocesis,</span> <span class='ocrx_word' id='word_1_229' title='bbox 1228 3797 1394 3863; x_wconf 86' lang='lat' dir='ltr'>transferri</span> <span class='ocrx_word' id='word_1_230' title='bbox 1416 3797 1522 3863; x_wconf 90' lang='lat' dir='ltr'>facere</span> <span class='ocrx_word' id='word_1_231' title='bbox 1545 3799 1660 3876; x_wconf 89' lang='lat' dir='ltr'>valeat,</span> <span class='ocrx_word' id='word_1_232' title='bbox 1668 3796 1695 3879; x_wconf 82' lang='lat'>¹¹)</span> <span class='ocrx_word' id='word_1_233' title='bbox 1718 3798 1973 3874; x_wconf 86' lang='lat' dir='ltr'>misericorditer</span> <span class='ocrx_word' id='word_1_234' title='bbox 1996 3799 2167 3883; x_wconf 84' lang='lat' dir='ltr'>indulgere.</span> 
     </span>
    </p>
   </div>
   <div class='ocr_carea' id='block_1_9' title="bbox 812 3917 1992 4003">
    <p class='ocr_par' dir='ltr' id='par_1_9' title="bbox 812 3917 1992 4003">
     <span class='ocr_line' id='line_1_28' title="bbox 812 3917 1992 4003; baseline 0.001 -18"><span class='ocrx_word' id='word_1_235' title='bbox 812 3917 970 3985; x_wconf 87' lang='lat' dir='ltr'>Videatur</span> <span class='ocrx_word' id='word_1_236' title='bbox 990 3918 1023 3983; x_wconf 94' lang='lat' dir='ltr'>in</span> <span class='ocrx_word' id='word_1_237' title='bbox 1047 3920 1238 3986; x_wconf 89' lang='lat' dir='ltr'>cancellaria</span> <span class='ocrx_word' id='word_1_238' title='bbox 1261 3926 1293 3985; x_wconf 94' lang='lat' dir='ltr'>et</span> <span class='ocrx_word' id='word_1_239' title='bbox 1317 3919 1381 3999; x_wconf 86' lang='lat' dir='ltr'>fiat,</span> <span class='ocrx_word' id='word_1_240' title='bbox 1406 3921 1433 3984; x_wconf 90' lang='lat' dir='ltr'>si</span> <span class='ocrx_word' id='word_1_241' title='bbox 1457 3920 1558 4003; x_wconf 91' lang='lat' dir='ltr'>possit</span> <span class='ocrx_word' id='word_1_242' title='bbox 1580 3918 1648 3985; x_wconf 83' lang='lat' dir='ltr'>lieri</span> <span class='ocrx_word' id='word_1_243' title='bbox 1672 3920 1741 3984; x_wconf 92' lang='lat' dir='ltr'>sine</span> <span class='ocrx_word' id='word_1_244' title='bbox 1764 3920 1927 3985; x_wconf 89' lang='lat' dir='ltr'>iniusticia</span> <span class='ocrx_word' id='word_1_245' title='bbox 1952 3921 1992 3986; x_wconf 90' lang='lat' dir='ltr'>R.</span> 
     </span>
    </p>
   </div>
   <div class='ocr_carea' id='block_1_10' title="bbox 710 4040 2239 5837">
    <p class='ocr_par' dir='ltr' id='par_1_10' title="bbox 710 4040 2239 5066">
     <span class='ocr_line' id='line_1_29' title="bbox 814 4040 2200 4129; baseline -0.001 -22"><span class='ocrx_word' id='word_1_246' title='bbox 814 4041 895 4107; x_wconf 89' lang='lat' dir='ltr'>ltem</span> <span class='ocrx_word' id='word_1_247' title='bbox 917 4040 1087 4124; x_wconf 89' lang='lat' dir='ltr'>supplicat,</span> <span class='ocrx_word' id='word_1_248' title='bbox 1111 4047 1268 4123; x_wconf 88' lang='lat' dir='ltr'>quatenus</span> <span class='ocrx_word' id='word_1_249' title='bbox 1292 4043 1352 4106; x_wconf 92' lang='lat' dir='ltr'>sibi</span> <span class='ocrx_word' id='word_1_250' title='bbox 1376 4044 1407 4106; x_wconf 95' lang='lat' dir='ltr'>in</span> <span class='ocrx_word' id='word_1_251' title='bbox 1424 4061 1592 4124; x_wconf 89' lang='lat' dir='ltr'>personam</span> <span class='ocrx_word' id='word_1_252' title='bbox 1609 4041 1768 4120; x_wconf 89' lang='lat' dir='ltr'>Willelmi,</span> <span class='ocrx_word' id='word_1_253' title='bbox 1785 4043 1930 4108; x_wconf 86' lang='lat' dir='ltr'>canonici</span> <span class='ocrx_word' id='word_1_254' title='bbox 1955 4044 2137 4129; x_wconf 69' lang='lat' dir='ltr'>Pragensia</span> <span class='ocrx_word' id='word_1_255' title='bbox 2152 4040 2200 4108; x_wconf 87' lang='lat' dir='ltr'>nali</span> 
     </span>
     <span class='ocr_line' id='line_1_30' title="bbox 711 4143 2199 4234; baseline 0.007 -23"><span class='ocrx_word' id='word_1_256' title='bbox 711 4143 818 4212; x_wconf 86' lang='lat' dir='ltr'>dilecti</span> <span class='ocrx_word' id='word_1_257' title='bbox 841 4146 952 4212; x_wconf 91' lang='lat' dir='ltr'>militis</span> <span class='ocrx_word' id='word_1_258' title='bbox 975 4150 1010 4211; x_wconf 91' lang='lat' dir='ltr'>et</span> <span class='ocrx_word' id='word_1_259' title='bbox 1032 4146 1204 4213; x_wconf 91' lang='lat' dir='ltr'>consiliarii</span> <span class='ocrx_word' id='word_1_260' title='bbox 1227 4147 1277 4211; x_wconf 90' lang='lat' dir='ltr'>sui</span> <span class='ocrx_word' id='word_1_261' title='bbox 1301 4167 1339 4211; x_wconf 87' lang='lat' dir='ltr'>aa</span> <span class='ocrx_word' id='word_1_262' title='bbox 1361 4148 1488 4211; x_wconf 92' lang='lat' dir='ltr'>baronis</span> <span class='ocrx_word' id='word_1_263' title='bbox 1510 4147 1599 4230; x_wconf 87' lang='lat' dir='ltr'>regni</span> <span class='ocrx_word' id='word_1_264' title='bbox 1622 4147 1752 4212; x_wconf 90' lang='lat' dir='ltr'>Boemie</span> <span class='ocrx_word' id='word_1_265' title='bbox 1775 4147 1969 4214; x_wconf 85' lang='lat' dir='ltr'>Subluconis</span> <span class='ocrx_word' id='word_1_266' title='bbox 1985 4149 2066 4216; x_wconf 90' lang='lat' dir='ltr'>dicti</span> <span class='ocrx_word' id='word_1_267' title='bbox 2082 4149 2199 4234; x_wconf 65' lang='lat' dir='ltr'>hepatis</span> 
     </span>
     <span class='ocr_line' id='line_1_31' title="bbox 711 4250 2198 4334; baseline 0.007 -19"><span class='ocrx_word' id='word_1_268' title='bbox 711 4250 881 4334; x_wconf 88' lang='lat' dir='ltr'>specialem</span> <span class='ocrx_word' id='word_1_269' title='bbox 905 4251 1042 4332; x_wconf 82' lang='lat' dir='ltr'>graciam</span> <span class='ocrx_word' id='word_1_270' title='bbox 1065 4250 1232 4332; x_wconf 88' lang='lat' dir='ltr'>iacientes,</span> <span class='ocrx_word' id='word_1_271' title='bbox 1249 4272 1320 4318; x_wconf 85' lang='lat' dir='ltr'>curn</span> <span class='ocrx_word' id='word_1_272' title='bbox 1344 4252 1455 4317; x_wconf 90' lang='lat' dir='ltr'>eodem</span> <span class='ocrx_word' id='word_1_273' title='bbox 1474 4251 1644 4333; x_wconf 90' lang='lat' dir='ltr'>Willelmo,</span> <span class='ocrx_word' id='word_1_274' title='bbox 1660 4258 1696 4317; x_wconf 91' lang='lat' dir='ltr'>ut</span> <span class='ocrx_word' id='word_1_275' title='bbox 1711 4271 1773 4318; x_wconf 89' lang='lat' dir='ltr'>non</span> <span class='ocrx_word' id='word_1_276' title='bbox 1796 4251 1946 4318; x_wconf 89' lang='lat' dir='ltr'>obstante</span> <span class='ocrx_word' id='word_1_277' title='bbox 1971 4255 2102 4323; x_wconf 86' lang='lat' dir='ltr'>defectu</span> <span class='ocrx_word' id='word_1_278' title='bbox 2116 4255 2198 4326; x_wconf 74' lang='lat' dir='ltr'>stadt</span> 
     </span>
     <span class='ocr_line' id='line_1_32' title="bbox 711 4356 2196 4440; baseline 0.001 -19"><span class='ocrx_word' id='word_1_279' title='bbox 711 4375 803 4440; x_wconf 90' lang='lat' dir='ltr'>quem</span> <span class='ocrx_word' id='word_1_280' title='bbox 826 4356 956 4438; x_wconf 89' lang='lat' dir='ltr'>patitur,</span> <span class='ocrx_word' id='word_1_281' title='bbox 981 4375 1051 4422; x_wconf 89' lang='lat' dir='ltr'>cum</span> <span class='ocrx_word' id='word_1_282' title='bbox 1074 4356 1107 4421; x_wconf 90' lang='lat' dir='ltr'>in</span> <span class='ocrx_word' id='word_1_283' title='bbox 1130 4357 1343 4422; x_wconf 81' lang='lat' dir='ltr'>sextodecimo</span> <span class='ocrx_word' id='word_1_284' title='bbox 1366 4358 1463 4421; x_wconf 89' lang='lat' dir='ltr'>etatis</span> <span class='ocrx_word' id='word_1_285' title='bbox 1486 4375 1543 4421; x_wconf 92' lang='lat' dir='ltr'>sue</span> <span class='ocrx_word' id='word_1_286' title='bbox 1565 4375 1646 4422; x_wconf 90' lang='lat' dir='ltr'>anno</span> <span class='ocrx_word' id='word_1_287' title='bbox 1670 4358 1862 4423; x_wconf 91' lang='lat' dir='ltr'>constitutus</span> <span class='ocrx_word' id='word_1_288' title='bbox 1886 4359 2019 4439; x_wconf 84' lang='lat' dir='ltr'>existat,</span> <span class='ocrx_word' id='word_1_289' title='bbox 2036 4359 2196 4426; x_wconf 74' lang='lat' dir='ltr'>beneficiam</span> 
     </span>
     <span class='ocr_line' id='line_1_33' title="bbox 710 4459 2194 4549; baseline 0.003 -24"><span class='ocrx_word' id='word_1_290' title='bbox 710 4459 960 4526; x_wconf 88' lang='lat' dir='ltr'>ecclesiasticum</span> <span class='ocrx_word' id='word_1_291' title='bbox 984 4480 1054 4525; x_wconf 87' lang='lat' dir='ltr'>curn</span> <span class='ocrx_word' id='word_1_292' title='bbox 1085 4480 1161 4526; x_wconf 90' lang='lat' dir='ltr'>cura</span> <span class='ocrx_word' id='word_1_293' title='bbox 1192 4461 1242 4526; x_wconf 81' lang='lat' dir='ltr'>rel</span> <span class='ocrx_word' id='word_1_294' title='bbox 1273 4462 1342 4526; x_wconf 93' lang='lat' dir='ltr'>sine</span> <span class='ocrx_word' id='word_1_295' title='bbox 1372 4480 1457 4541; x_wconf 91' lang='lat' dir='ltr'>cura,</span> <span class='ocrx_word' id='word_1_296' title='bbox 1492 4466 1526 4526; x_wconf 94' lang='lat' dir='ltr'>et</span> <span class='ocrx_word' id='word_1_297' title='bbox 1537 4459 1559 4547; x_wconf 82' lang='lat'>¹)</span> <span class='ocrx_word' id='word_1_298' title='bbox 1591 4463 1690 4527; x_wconf 89' lang='lat' dir='ltr'>eciam</span> <span class='ocrx_word' id='word_1_299' title='bbox 1722 4462 1749 4527; x_wconf 93' lang='lat' dir='ltr'>si</span> <span class='ocrx_word' id='word_1_300' title='bbox 1780 4462 1919 4546; x_wconf 85' lang='lat' dir='ltr'>dignitas</span> <span class='ocrx_word' id='word_1_301' title='bbox 1951 4466 2005 4530; x_wconf 82' lang='lat' dir='ltr'>uel</span> <span class='ocrx_word' id='word_1_302' title='bbox 2033 4469 2194 4549; x_wconf 79' lang='lat' dir='ltr'>personatu</span> 
     </span>
     <span class='ocr_line' id='line_1_34' title="bbox 711 4563 2193 4649; baseline -0.002 -18"><span class='ocrx_word' id='word_1_303' title='bbox 711 4566 837 4646; x_wconf 82' lang='lat' dir='ltr'>existat,</span> <span class='ocrx_word' id='word_1_304' title='bbox 861 4575 894 4631; x_wconf 93' lang='lat' dir='ltr'>et</span> <span class='ocrx_word' id='word_1_305' title='bbox 916 4566 1017 4631; x_wconf 89' lang='lat' dir='ltr'>eciam</span> <span class='ocrx_word' id='word_1_306' title='bbox 1040 4567 1067 4630; x_wconf 91' lang='lat' dir='ltr'>si</span> <span class='ocrx_word' id='word_1_307' title='bbox 1092 4566 1230 4649; x_wconf 88' lang='lat' dir='ltr'>dignitas</span> <span class='ocrx_word' id='word_1_308' title='bbox 1253 4567 1323 4648; x_wconf 92' lang='lat' dir='ltr'>ipsa</span> <span class='ocrx_word' id='word_1_309' title='bbox 1346 4567 1447 4631; x_wconf 84' lang='lat' dir='ltr'>rraaior</span> <span class='ocrx_word' id='word_1_310' title='bbox 1469 4572 1542 4648; x_wconf 90' lang='lat' dir='ltr'>past</span> <span class='ocrx_word' id='word_1_311' title='bbox 1564 4566 1777 4648; x_wconf 82' lang='lat' dir='ltr'>pontificalem</span> <span class='ocrx_word' id='word_1_312' title='bbox 1793 4568 1825 4632; x_wconf 90' lang='lat' dir='ltr'>in</span> <span class='ocrx_word' id='word_1_313' title='bbox 1841 4568 2024 4635; x_wconf 86' lang='lat' dir='ltr'>cathedrali</span> <span class='ocrx_word' id='word_1_314' title='bbox 2049 4575 2082 4635; x_wconf 84' lang='lat' dir='ltr'>et</span> <span class='ocrx_word' id='word_1_315' title='bbox 2103 4571 2132 4636; x_wconf 92' lang='lat' dir='ltr'>iu</span> <span class='ocrx_word' id='word_1_316' title='bbox 2151 4563 2193 4632; x_wconf 85' lang='lat' dir='ltr'>aal-</span> 
     </span>
     <span class='ocr_line' id='line_1_35' title="bbox 710 4667 2239 4755; baseline 0 -20"><span class='ocrx_word' id='word_1_317' title='bbox 710 4670 828 4753; x_wconf 89' lang='lat' dir='ltr'>legiata</span> <span class='ocrx_word' id='word_1_318' title='bbox 850 4671 993 4737; x_wconf 88' lang='lat' dir='ltr'>ecclesiis</span> <span class='ocrx_word' id='word_1_319' title='bbox 1016 4671 1200 4755; x_wconf 90' lang='lat' dir='ltr'>principalis</span> <span class='ocrx_word' id='word_1_320' title='bbox 1230 4672 1347 4736; x_wconf 83' lang='lat' dir='ltr'>existat</span> <span class='ocrx_word' id='word_1_321' title='bbox 1377 4676 1410 4735; x_wconf 93' lang='lat' dir='ltr'>et</span> <span class='ocrx_word' id='word_1_322' title='bbox 1440 4671 1480 4735; x_wconf 90' lang='lat' dir='ltr'>ad</span> <span class='ocrx_word' id='word_1_323' title='bbox 1504 4690 1575 4735; x_wconf 90' lang='lat' dir='ltr'>earn</span> <span class='ocrx_word' id='word_1_324' title='bbox 1605 4691 1662 4754; x_wconf 90' lang='lat' dir='ltr'>per</span> <span class='ocrx_word' id='word_1_325' title='bbox 1691 4671 1882 4737; x_wconf 89' lang='lat' dir='ltr'>eleccionem</span> <span class='ocrx_word' id='word_1_326' title='bbox 1915 4676 2121 4741; x_wconf 81' lang='lat' dir='ltr'>consueverit</span> <span class='ocrx_word' id='word_1_327' title='bbox 2143 4671 2191 4754; x_wconf 78' lang='lat' dir='ltr'>qai</span> <span class='ocrx_word' id='word_1_328' title='bbox 2238 4667 2239 4690; x_wconf 94' lang='lat'>¹</span> 
     </span>
     <span class='ocr_line' id='line_1_36' title="bbox 711 4775 2190 4859; baseline 0 -21"><span class='ocrx_word' id='word_1_329' title='bbox 711 4775 841 4854; x_wconf 90' lang='lat' dir='ltr'>assumi,</span> <span class='ocrx_word' id='word_1_330' title='bbox 862 4775 890 4839; x_wconf 93' lang='lat' dir='ltr'>si</span> <span class='ocrx_word' id='word_1_331' title='bbox 913 4776 973 4840; x_wconf 92' lang='lat' dir='ltr'>sibi</span> <span class='ocrx_word' id='word_1_332' title='bbox 998 4776 1078 4840; x_wconf 90' lang='lat' dir='ltr'>alias</span> <span class='ocrx_word' id='word_1_333' title='bbox 1101 4776 1250 4840; x_wconf 87' lang='lat' dir='ltr'>canorrice</span> <span class='ocrx_word' id='word_1_334' title='bbox 1277 4776 1468 4854; x_wconf 87' lang='lat' dir='ltr'>conferatur,</span> <span class='ocrx_word' id='word_1_335' title='bbox 1485 4775 1585 4840; x_wconf 90' lang='lat' dir='ltr'>libore</span> <span class='ocrx_word' id='word_1_336' title='bbox 1608 4778 1750 4859; x_wconf 90' lang='lat' dir='ltr'>recipere</span> <span class='ocrx_word' id='word_1_337' title='bbox 1774 4796 1811 4842; x_wconf 89' lang='lat' dir='ltr'>ac</span> <span class='ocrx_word' id='word_1_338' title='bbox 1834 4777 1923 4842; x_wconf 93' lang='lat' dir='ltr'>licite</span> <span class='ocrx_word' id='word_1_339' title='bbox 1949 4780 2090 4845; x_wconf 87' lang='lat' dir='ltr'>retinere</span> <span class='ocrx_word' id='word_1_340' title='bbox 2104 4778 2190 4842; x_wconf 81' lang='lat' dir='ltr'>raleat.</span> 
     </span>
     <span class='ocr_line' id='line_1_37' title="bbox 711 4878 2190 4962; baseline -0.004 -20"><span class='ocrx_word' id='word_1_341' title='bbox 711 4879 882 4962; x_wconf 88' lang='lat' dir='ltr'>dignemini</span> <span class='ocrx_word' id='word_1_342' title='bbox 912 4880 1159 4945; x_wconf 87' lang='lat' dir='ltr'>misericorditer</span> <span class='ocrx_word' id='word_1_343' title='bbox 1189 4880 1384 4961; x_wconf 86' lang='lat' dir='ltr'>dispensare,</span> <span class='ocrx_word' id='word_1_344' title='bbox 1417 4899 1487 4944; x_wconf 82' lang='lat' dir='ltr'>carm</span> <span class='ocrx_word' id='word_1_345' title='bbox 1518 4881 1662 4946; x_wconf 88' lang='lat' dir='ltr'>carnibus</span> <span class='ocrx_word' id='word_1_346' title='bbox 1692 4900 1753 4945; x_wconf 92' lang='lat' dir='ltr'>uon</span> <span class='ocrx_word' id='word_1_347' title='bbox 1784 4883 1989 4948; x_wconf 68' lang='lat' dir='ltr'>(obstantibus</span> <span class='ocrx_word' id='word_1_348' title='bbox 2015 4891 2050 4949; x_wconf 90' lang='lat' dir='ltr'>et</span> <span class='ocrx_word' id='word_1_349' title='bbox 2072 4878 2190 4950; x_wconf 83' lang='lat' dir='ltr'>clausulis</span> 
     </span>
     <span class='ocr_line' id='line_1_38' title="bbox 711 4984 885 5066; baseline 0.011 -20"><span class='ocrx_word' id='word_1_350' title='bbox 711 4984 885 5066; x_wconf 87' lang='lat' dir='ltr'>oportunis.</span> 
     </span>
    </p>

    <p class='ocr_par' dir='ltr' id='par_1_11' title="bbox 815 5106 2239 5208">
     <span class='ocr_line' id='line_1_39' title="bbox 815 5106 2239 5208; baseline 0.01 -38"><span class='ocrx_word' id='word_1_351' title='bbox 815 5106 887 5171; x_wconf 83' lang='lat' dir='ltr'>Fiat</span> <span class='ocrx_word' id='word_1_352' title='bbox 909 5106 947 5171; x_wconf 87' lang='lat' dir='ltr'>R.</span> <span class='ocrx_word' id='word_1_353' title='bbox 2238 5179 2239 5208; x_wconf 16' lang='grc' dir='ltr'>ἦ</span> 
     </span>
    </p>

    <p class='ocr_par' dir='ltr' id='par_1_12' title="bbox 711 5223 2239 5837">
     <span class='ocr_line' id='line_1_40' title="bbox 816 5223 2239 5315; baseline 0.001 -21"><span class='ocrx_word' id='word_1_354' title='bbox 816 5229 899 5295; x_wconf 88' lang='lat' dir='ltr'>Item</span> <span class='ocrx_word' id='word_1_355' title='bbox 922 5227 1089 5310; x_wconf 89' lang='lat' dir='ltr'>supplicat,</span> <span class='ocrx_word' id='word_1_356' title='bbox 1106 5232 1265 5310; x_wconf 91' lang='lat' dir='ltr'>qnatenus</span> <span class='ocrx_word' id='word_1_357' title='bbox 1288 5246 1359 5293; x_wconf 91' lang='lat' dir='ltr'>cum</span> <span class='ocrx_word' id='word_1_358' title='bbox 1383 5228 1499 5295; x_wconf 90' lang='lat' dir='ltr'>dilecto</span> <span class='ocrx_word' id='word_1_359' title='bbox 1524 5248 1581 5294; x_wconf 92' lang='lat' dir='ltr'>sno</span> <span class='ocrx_word' id='word_1_360' title='bbox 1596 5229 1751 5310; x_wconf 81' lang='lat' dir='ltr'>Iohanne,</span> <span class='ocrx_word' id='word_1_361' title='bbox 1767 5235 1843 5295; x_wconf 92' lang='lat' dir='ltr'>nato</span> <span class='ocrx_word' id='word_1_362' title='bbox 1863 5230 2021 5315; x_wconf 85' lang='lat' dir='ltr'>Hugoloti</span> <span class='ocrx_word' id='word_1_363' title='bbox 2046 5232 2086 5298; x_wconf 88' lang='lat' dir='ltr'>de</span> <span class='ocrx_word' id='word_1_364' title='bbox 2106 5227 2188 5311; x_wconf 78' lang='lat' dir='ltr'>alpis</span> <span class='ocrx_word' id='word_1_365' title='bbox 2238 5223 2239 5252; x_wconf 94' lang='lat'>¹</span> 
     </span>
     <span class='ocr_line' id='line_1_41' title="bbox 711 5313 2239 5419; baseline 0.005 -23"><span class='ocrx_word' id='word_1_366' title='bbox 711 5332 902 5398; x_wconf 89' lang='lat' dir='ltr'>marchionis</span> <span class='ocrx_word' id='word_1_367' title='bbox 925 5333 964 5397; x_wconf 90' lang='lat' dir='ltr'>dc</span> <span class='ocrx_word' id='word_1_368' title='bbox 987 5333 1137 5411; x_wconf 86' lang='lat' dir='ltr'>Seruaeo,</span> <span class='ocrx_word' id='word_1_369' title='bbox 1162 5333 1285 5397; x_wconf 84' lang='lat' dir='ltr'>scolare</span> <span class='ocrx_word' id='word_1_370' title='bbox 1308 5334 1480 5413; x_wconf 88' lang='lat' dir='ltr'>Parmensi,</span> <span class='ocrx_word' id='word_1_371' title='bbox 1513 5335 1552 5399; x_wconf 90' lang='lat' dir='ltr'>de</span> <span class='ocrx_word' id='word_1_372' title='bbox 1576 5336 1744 5417; x_wconf 87' lang='lat' dir='ltr'>corriugato</span> <span class='ocrx_word' id='word_1_373' title='bbox 1766 5333 1905 5419; x_wconf 72' lang='lat' dir='ltr'>genitoh</span> <span class='ocrx_word' id='word_1_374' title='bbox 1930 5341 1966 5401; x_wconf 86' lang='lat' dir='ltr'>et</span> <span class='ocrx_word' id='word_1_375' title='bbox 1989 5337 2104 5412; x_wconf 87' lang='lat' dir='ltr'>soluta,</span> <span class='ocrx_word' id='word_1_376' title='bbox 2131 5326 2190 5416; x_wconf 79' lang='lat' dir='ltr'>qud</span> <span class='ocrx_word' id='word_1_377' title='bbox 2238 5313 2239 5360; x_wconf 96' lang='lat'>¹</span> 
     </span>
     <span class='ocr_line' id='line_1_42' title="bbox 712 5436 2190 5520; baseline -0.001 -19"><span class='ocrx_word' id='word_1_378' title='bbox 712 5436 753 5501; x_wconf 93' lang='lat' dir='ltr'>ad</span> <span class='ocrx_word' id='word_1_379' title='bbox 776 5455 883 5502; x_wconf 90' lang='lat' dir='ltr'>omnes</span> <span class='ocrx_word' id='word_1_380' title='bbox 907 5438 1007 5502; x_wconf 91' lang='lat' dir='ltr'>eciam</span> <span class='ocrx_word' id='word_1_381' title='bbox 1032 5455 1138 5503; x_wconf 91' lang='lat' dir='ltr'>sacros</span> <span class='ocrx_word' id='word_1_382' title='bbox 1160 5437 1288 5502; x_wconf 88' lang='lat' dir='ltr'>ordines</span> <span class='ocrx_word' id='word_1_383' title='bbox 1311 5439 1489 5520; x_wconf 89' lang='lat' dir='ltr'>promoveri</span> <span class='ocrx_word' id='word_1_384' title='bbox 1516 5444 1549 5503; x_wconf 92' lang='lat' dir='ltr'>et</span> <span class='ocrx_word' id='word_1_385' title='bbox 1564 5438 1816 5504; x_wconf 89' lang='lat' dir='ltr'>ecclesiasticum</span> <span class='ocrx_word' id='word_1_386' title='bbox 1838 5438 2034 5506; x_wconf 85' lang='lat' dir='ltr'>heneficium</span> <span class='ocrx_word' id='word_1_387' title='bbox 2058 5453 2190 5508; x_wconf 82' lang='lat' dir='ltr'>cumana</span> 
     </span>
     <span class='ocr_line' id='line_1_43' title="bbox 713 5542 2190 5626; baseline 0 -21"><span class='ocrx_word' id='word_1_388' title='bbox 713 5542 761 5607; x_wconf 83' lang='lat' dir='ltr'>rel</span> <span class='ocrx_word' id='word_1_389' title='bbox 785 5542 852 5607; x_wconf 88' lang='lat' dir='ltr'>siae</span> <span class='ocrx_word' id='word_1_390' title='bbox 876 5562 960 5622; x_wconf 91' lang='lat' dir='ltr'>cura,</span> <span class='ocrx_word' id='word_1_391' title='bbox 985 5544 1085 5608; x_wconf 89' lang='lat' dir='ltr'>eciam</span> <span class='ocrx_word' id='word_1_392' title='bbox 1108 5545 1134 5608; x_wconf 88' lang='lat' dir='ltr'>si</span> <span class='ocrx_word' id='word_1_393' title='bbox 1159 5542 1298 5626; x_wconf 88' lang='lat' dir='ltr'>dignitas</span> <span class='ocrx_word' id='word_1_394' title='bbox 1329 5544 1379 5607; x_wconf 87' lang='lat' dir='ltr'>rel</span> <span class='ocrx_word' id='word_1_395' title='bbox 1408 5550 1598 5626; x_wconf 86' lang='lat' dir='ltr'>personatus</span> <span class='ocrx_word' id='word_1_396' title='bbox 1628 5549 1684 5608; x_wconf 89' lang='lat' dir='ltr'>ant</span> <span class='ocrx_word' id='word_1_397' title='bbox 1715 5542 1852 5609; x_wconf 88' lang='lat' dir='ltr'>cilicium</span> <span class='ocrx_word' id='word_1_398' title='bbox 1876 5562 1936 5610; x_wconf 91' lang='lat' dir='ltr'>seu</span> <span class='ocrx_word' id='word_1_399' title='bbox 1960 5547 2154 5611; x_wconf 83' lang='lat' dir='ltr'>canonicatus</span> <span class='ocrx_word' id='word_1_400' title='bbox 2169 5547 2190 5600; x_wconf 81' lang='lat' dir='ltr'>d</span> 
     </span>
     <span class='ocr_line' id='line_1_44' title="bbox 712 5643 2191 5732; baseline 0.002 -23"><span class='ocrx_word' id='word_1_401' title='bbox 712 5648 873 5728; x_wconf 86' lang='lat' dir='ltr'>prebenda</span> <span class='ocrx_word' id='word_1_402' title='bbox 896 5650 927 5712; x_wconf 90' lang='lat' dir='ltr'>in</span> <span class='ocrx_word' id='word_1_403' title='bbox 950 5649 1086 5713; x_wconf 86' lang='lat' dir='ltr'>ecclesia</span> <span class='ocrx_word' id='word_1_404' title='bbox 1109 5648 1282 5714; x_wconf 85' lang='lat' dir='ltr'>cathedrali</span> <span class='ocrx_word' id='word_1_405' title='bbox 1307 5649 1432 5727; x_wconf 85' lang='lat' dir='ltr'>existat,</span> <span class='ocrx_word' id='word_1_406' title='bbox 1464 5650 1608 5714; x_wconf 87' lang='lat' dir='ltr'>obtinere</span> <span class='ocrx_word' id='word_1_407' title='bbox 1639 5650 1725 5715; x_wconf 87' lang='lat' dir='ltr'>licite</span> <span class='ocrx_word' id='word_1_408' title='bbox 1754 5648 1869 5728; x_wconf 77' lang='lat' dir='ltr'>valcurt,</span> <span class='ocrx_word' id='word_1_409' title='bbox 1901 5650 2078 5732; x_wconf 88' lang='lat' dir='ltr'>dignemini</span> <span class='ocrx_word' id='word_1_410' title='bbox 2099 5643 2191 5713; x_wconf 70' lang='lat' dir='ltr'>racina·</span> 
     </span>
     <span class='ocr_line' id='line_1_45' title="bbox 713 5752 2074 5837; baseline 0.004 -24"><span class='ocrx_word' id='word_1_411' title='bbox 713 5752 850 5816; x_wconf 88' lang='lat' dir='ltr'>corditer</span> <span class='ocrx_word' id='word_1_412' title='bbox 872 5753 1067 5833; x_wconf 82' lang='lat' dir='ltr'>dispensare,</span> <span class='ocrx_word' id='word_1_413' title='bbox 1092 5772 1161 5818; x_wconf 86' lang='lat' dir='ltr'>curn</span> <span class='ocrx_word' id='word_1_414' title='bbox 1185 5755 1331 5818; x_wconf 78' lang='lat' dir='ltr'>‹rrrruihus</span> <span class='ocrx_word' id='word_1_415' title='bbox 1354 5772 1415 5816; x_wconf 92' lang='lat' dir='ltr'>non</span> <span class='ocrx_word' id='word_1_416' title='bbox 1439 5754 1638 5818; x_wconf 88' lang='lat' dir='ltr'>obstantibus</span> <span class='ocrx_word' id='word_1_417' title='bbox 1662 5761 1694 5817; x_wconf 89' lang='lat' dir='ltr'>et</span> <span class='ocrx_word' id='word_1_418' title='bbox 1718 5754 1870 5819; x_wconf 80' lang='lat' dir='ltr'>clausulis</span> <span class='ocrx_word' id='word_1_419' title='bbox 1893 5758 2074 5837; x_wconf 85' lang='lat' dir='ltr'>oportunis.</span> 
     </span>
    </p>
   </div>
   <div class='ocr_carea' id='block_1_11' title="bbox 0 0 2596 7044">
    <p class='ocr_par' dir='ltr' id='par_1_13' title="bbox 0 0 2596 7044">
     <span class='ocr_line' id='line_1_46' title="bbox 0 0 2596 7044; baseline 0 0"><span class='ocrx_word' id='word_1_420' title='bbox 0 0 2596 7044; x_wconf 95' lang='lat' dir='ltr'> </span> 
     </span>
    </p>
   </div>
  </div>
 </body>
</html>
