5184 7050
695 860 762 928 462

697 1071 789 1139 767.
822 1068 967 1139 Jolanni
999 1067 1123 1135 Allerti
1155 1069 1202 1135 oie
1227 1069 1388 1146 Hotoman,
1396 1072 1421 1152 ⁸)
1457 1068 1567 1136 clerico
1599 1069 1773 1156 Properms
1794 1068 1938 1150 dicacem
1961 1073 2147 1135 reservatos
2164 1071 2198 1135 al

693 1173 959 1260 supplicationem
982 1171 1099 1250 Caroli,
1121 1175 1205 1258 repis
1228 1177 1452 1256 Romanorum,
1475 1174 1656 1259 beneficium
1678 1194 1750 1241 mon
1771 1172 1820 1240 oel
1837 1175 1908 1241 sinc
1922 1179 2197 1251 curacensium

699 1277 739 1343 ab
762 1278 837 1344 olim
860 1277 983 1344 clericis
997 1278 1215 1345 saecularibus
1230 1279 1402 1363 asmonaei,
1417 1280 1507 1346 enisis
1522 1283 1655 1360 smctns
1670 1281 1715 1346 26
1728 1299 1812 1364 resp.
1827 1282 1871 1346 18
1884 1298 2075 1344 morcarum
2090 1280 2198 1360 orodi

695 1382 963 1450 otiosiorem
987 1403 1127 1448 onnmnr
1149 1404 1212 1449 non
1231 1384 1395 1463 accedant,
1417 1385 1448 1449 si
1468 1384 1551 1468 qood
1572 1383 1617 1450 ool
1637 1382 1833 1450 mllotionem
1853 1382 1982 1449 allatis
1997 1387 2030 1449 et
2045 1387 2196 1449 oannem

695 1488 881 1553 monosterii
913 1488 1075 1569 Lucensis,
1109 1488 1231 1553 ordinis
1264 1490 1601 1569 Praemonstrotensis,
1634 1487 1848 1554 Okmncerosis
1876 1487 2023 1569 diocesin
2045 1492 2141 1553 oacot
2159 1487 2193 1552 al

691 1612 857 1676 praesens,
879 1591 928 1658 oel
950 1612 1021 1658 cnm
1041 1593 1212 1659 oacooerit.
1243 1591 1294 1673 ‚D.
1318 1591 1477 1658 Aninione
1499 1594 1533 1658 X
1549 1591 1614 1658 lsai.
1638 1591 1821 1658 Decembris
1843 1613 1874 1657 a.
1895 1592 2031 1677 qoinla‘
2051 1629 2100 1640 -
2122 1594 2158 1658 In
2174 1615 2194 1656 e.

694 1717 736 1760 m.
760 1695 934 1778 Prayerssis
956 1701 987 1761 et
1017 1697 1278 1778 Vysseoradensis
1302 1716 1404 1782 propo
1425 1696 1570 1780 Propam
1591 1696 1720 1762 decanis
1742 1717 1782 1762 ac
1802 1696 1962 1763 sacristae
1983 1696 2194 1763 Asisionensis

1154 1801 1368 1868 eeclesiarum.
1414 1801 1530 1868 Forma
1552 1805 1589 1867 nt
1610 1802 1646 1867 in
1666 1823 1698 1868 n.
1720 1805 1752 1867 2.

611 2021 614 2028 .
743 1956 852 2024 Gratis
873 1975 931 2040 pro
954 1957 1024 2023 deo.
1603 1958 1767 2040 Asinione,
1792 1959 1878 2024 1346
1900 1956 2094 2024 Novembris
2114 1962 2162 2024 22.

802 2144 951 2200 Clementis
969 2143 1006 2199 Vl
1024 2147 1057 2199 A.
1076 2146 1128 2215 vlt
1148 2149 1203 2216 (81)
1222 2145 1241 2200 l.
1260 2148 1330 2213 274',
1349 2145 1383 2200 ds
1397 2145 1537 2202 beneficiis
1556 2163 1616 2202 cum
1634 2148 1677 2202 vel
1695 2148 1755 2204 sine
1773 2163 1840 2203 curs
1859 2164 1905 2218 qu.
1924 2154 1990 2202 3:
2003 2146 2038 2202 V.
2053 2148 2195 2203 1711111

700 2247 725 2284 ιι.
745 2237 805 2287 217.
824 2261 856 2272 -
875 2231 926 2287 Ed.
946 2231 1030 2287 GDM.
1049 2232 1103 2287 VII
1119 2250 1144 2287 ιι.
1164 2239 1224 2288 619.
1242 2264 1276 2274 -
1303 2234 1327 2301 ·)
1345 2233 1504 2302 ,Horswioz‘
1523 2236 1556 2289 A.

697 2793 788 2862 768.
810 2794 955 2863 Jolianni
976 2794 1091 2863 Jacolri
1112 2794 1151 2859 cie
1172 2797 1305 2879 Pisais)
1328 2794 1436 2860 clerico
1460 2794 1634 2877 itacensis
1657 2794 1798 2874 diocesis,
1821 2797 2006 2860 reservatur
2021 2793 2066 2859 od
2087 2793 2199 2880 suppli

696 2898 851 2965 cationem
875 2899 992 2980 Caroli,
1014 2900 1100 2983 repis
1121 2902 1346 2982 Romanorum,
1369 2899 1549 2983 beneficium
1579 2920 1649 2966 cnm
1677 2898 1725 2965 oel
1754 2898 1823 2964 sine
1849 2918 1939 2977 cisra,
1962 2902 2147 2965 comum
2166 2897 2199 2963 al

694 3003 769 3068 olim
791 3002 912 3069 clericis
934 3004 1154 3071 saecularibus
1177 3005 1350 3088 assiynari
1374 3004 1462 3070 ossius
1482 3007 1614 3084 finctus
1635 3006 1678 3070 25
1701 3025 1783 3088 resp.
1806 3007 1851 3071 18
1872 3022 2062 3073 morcarum
2085 3003 2200 3086 arpensi

694 3129 720 3174 s.
736 3113 759 3174 t.
775 3107 805 3174 d.
821 3107 960 3174 valorem
982 3130 1123 3175 annmm
1144 3130 1207 3175 non
1228 3109 1392 3186 excedant,
1414 3111 1444 3174 si
1466 3108 1548 3194 qnod
1571 3109 1614 3175 acl
1637 3109 1833 3176 collationem
1852 3106 1979 3173 occas
1995 3111 2029 3173 et
2041 3114 2200 3175 consertos

695 3213 880 3278 monasterii
899 3213 936 3279 in
949 3213 1115 3294 Altovada
1133 3214 1348 3282 Osterctensis
1369 3212 1501 3296 ordinis,
1521 3215 1692 3297 lraqensis
1710 3213 1852 3289 diocesis
1866 3215 1962 3279 cacat
1978 3211 2025 3277 ad
2040 3233 2200 3298 pacsano,

673 3317 742 3382 -oel
764 3339 836 3384 cum
856 3318 1027 3385 oaoooerit.
1052 3320 1104 3394 ,D.
1128 3317 1285 3386 Aninione
1307 3322 1341 3384 X
1358 3319 1423 3384 lsai.
1447 3319 1630 3385 Decembris
1653 3341 1683 3386 a.
1706 3319 1835 3402 ocointo‘.
1857 3353 1902 3365 -
1926 3317 1967 3381 ln
1989 3337 2016 3382 e.
2032 3337 2076 3384 m.
2097 3317 2198 3401 Vysse·

694 3422 862 3507 aradensis
890 3443 991 3507 prope
1014 3424 1157 3505 Frayam
1187 3428 1217 3489 et
1246 3423 1427 3500 Sulcensis,
1439 3421 1468 3511 b)
1500 3424 1673 3505 Praycrisis
1703 3423 1843 3502 diocesis,
1874 3420 2006 3488 daconis
2037 3442 2079 3489 ac
2103 3422 2200 3490 arcii

909 3528 1094 3611 presbytero
1116 3529 1332 3596 Ferrariensis
1345 3532 1370 3614 ⁰)
1392 3529 1605 3597 ecclesiam.
1652 3530 1769 3595 lomna
1790 3532 1826 3593 nt
1847 3528 1883 3593 in
1904 3548 1936 3593 n.
1958 3530 1992 3592 2.

741 3701 850 3768 Gratis
872 3721 930 3784 pro
953 3703 1022 3768 dco.
1603 3702 1767 3780 Acinione
1789 3705 1877 3786 1316
1899 3702 2093 3769 Novembris
2113 3707 2163 3769 22.

801 3889 949 3946 Clementis
960 3889 999 3944 v1
1010 3892 1044 3945 A.
1057 3891 1110 3961 Vll
1124 3895 1179 3961 (87)
1198 3892 1217 3946 1.
1235 3896 1305 3960 237',
1325 3893 1359 3947 dc
1377 3892 1518 3949 beneficiis
1536 3910 1597 3948 oum
1615 3894 1657 3947 vol
1684 3894 1743 3948 sine
1767 3909 1834 3949 curs
1860 3909 1906 3963 qu.
1927 3899 1990 3946 1:
2002 3892 2035 3946 V.
2056 3897 2110 3947 114
2127 3893 2146 3947 1.
2163 3894 2200 3948 it'

694 3982 851 4031 ιι.166.-
878 3984 901 4045 ·)
928 3978 1054 4047 ,Pyeskn‘
1080 3994 1149 4034 corr.
1178 3997 1212 4036 ex
1239 3979 1356 4049 ,Pyesls‘
1383 3983 1416 4033 A.
1443 3981 1467 4048 b)
1495 3981 1639 4048 ,sicensis
1666 3983 1699 4035 A.
1726 3983 1749 4051 ο)
1773 3996 1843 4036 corr.
1867 3979 1896 4036 ia
1922 3996 2008 4050 marg.
2028 3997 2065 4037 ax
2084 3982 2200 4049 ,ussisse

696 4064 901 4121 Auinionsnsis‘
919 4067 952 4119 A.

700 4574 788 4640 769.
813 4572 946 4639 Nicolao
967 4574 1126 4657 qnondam
1151 4575 1290 4641 Conradi
1313 4576 1350 4640 cie
1366 4577 1516 4655 Wonsosr,
1533 4574 1643 4641 clerico
1659 4571 1917 4638 Vratislaoiensis
1940 4572 2090 4658 diocesis,
2110 4595 2200 4640 rescr-

697 4682 792 4743 oatmr
815 4678 858 4741 ad
880 4678 1143 4762 supplicationem
1167 4679 1284 4759 Caroli,
1307 4681 1391 4762 repis
1415 4682 1639 4755 Romanorum,
1662 4678 1843 4761 beneficium
1865 4697 1935 4741 mim
1957 4676 2007 4743 oei
2027 4677 2102 4744 sine
2119 4698 2199 4752 curo,

696 4782 785 4847 cniccs
801 4785 932 4862 fricatus
950 4786 993 4847 25
1008 4803 1091 4867 resp.
1109 4786 1150 4849 18
1164 4804 1348 4849 marcamm
1371 4785 1496 4865 arpenti
1510 4804 1536 4848 s.
1552 4787 1574 4848 t.
1591 4783 1621 4847 ol.
1637 4782 1775 4848 oalorcm
1798 4802 1940 4846 annuum
1955 4801 2020 4847 non
2041 4782 2200 4855 medad,

698 4887 729 4950 si
750 4887 832 4969 qnod
855 4888 898 4951 ad
919 4886 1114 4952 collationem
1132 4889 1322 4971 praepositi,
1342 4888 1455 4953 decani
1469 4893 1499 4952 et
1514 4886 1648 4970 capituli
1662 4886 1810 4951 ecclesiae
1823 4890 1957 4951 sanctae
1973 4884 2088 4953 Uenocis
2107 4886 2200 4951 Vrati·

700 4989 867 5056 sianiensis
889 4996 994 5067 oaoat,
1017 4991 1065 5056 oel
1087 5012 1156 5056 cnm
1177 4993 1345 5058 oacaocri.
1369 4994 1422 5067 ,D.
1439 4991 1597 5056 Aninione
1619 4993 1653 5054 X
1669 4990 1735 5057 lral.
1759 4989 1941 5055 Decembris
1964 5012 1997 5055 a.
2018 4992 2151 5074 quintos
2164 5025 2201 5037 -

699 5097 737 5160 In
758 5118 784 5160 c.
807 5116 849 5160 m.
875 5095 1056 5163 caminensi
1078 5102 1108 5161 et
1127 5096 1369 5162 Vratislooiensi
1391 5097 1545 5180 episcopis
1569 5117 1608 5161 aa
1629 5098 1787 5161 sacristae
1808 5093 1958 5161 milesiae
1972 5094 2201 5163 Aninionensis.

1279 5202 1396 5265 Fomna
1418 5206 1454 5265 nt
1476 5201 1510 5265 in
1532 5222 1562 5265 n.
1585 5204 1615 5264 2.

741 5338 850 5406 Gratis
872 5358 930 5422 pro
954 5339 1022 5404 deo.
1603 5340 1766 5421 Anniano,
1789 5340 1876 5404 1316
1899 5338 2092 5407 Novembris
2115 5346 2165 5407 22.

804 5528 950 5584 Clementis
968 5528 1007 5583 Vl
1026 5532 1059 5582 A.
1078 5529 1130 5599 Vst
1150 5533 1205 5598 (81)
1223 5530 1241 5584 f.
1261 5536 1320 5596 339,
1339 5529 1373 5583 de
1393 5528 1534 5585 beneficiis
1553 5546 1614 5583 cum
1632 5529 1674 5585 vel
1694 5529 1754 5583 sine
1773 5543 1839 5583 curs
1857 5544 1903 5597 qu.
1916 5519 1979 5583 5⁵:
1991 5527 2025 5583 V.
2043 5535 2096 5585 174
2112 5530 2131 5585 i.
2152 5531 2205 5584 195²

701 5634 726 5671 n.
746 5624 804 5673 309.
824 5648 857 5657 —
875 5617 941 5688 ng.
961 5617 989 5672 in
1009 5615 1114 5671 ZVGA.
1134 5616 1289 5672 Schlesiens
1308 5615 1393 5684 XXV,
1411 5621 1471 5669 290.
