5184 7050
1989 854 2053 922 273

542 1055 638 1124 46⁰.
670 1055 833 1122 iudicibus
861 1057 1046 1132 mandatur,
1075 1063 1230 1141 quatenus
1255 1061 1516 1144 praeposituram
1546 1060 1732 1125 orooastcrs‘i
1764 1062 2058 1128 sanctimonialium

725 1160 759 1226 ia
785 1160 910 1244 Teplicr
932 1161 967 1227 io
986 1164 1108 1227 atatam
1125 1164 1302 1246 pristimm
1323 1168 1354 1229 ct
1376 1163 1514 1229 debltam
1539 1164 1686 1229 reducere
1703 1172 1885 1248 procurmt.

596 1325 653 1482 ΗΞ
1456 1368 1620 1449 Aoimiooc,
1645 1376 1729 1439 1344
1756 1373 1935 1439 Decembris
1959 1378 2009 1441 15.

648 1585 687 1650 V.
711 1586 732 1651 1.
755 1637 762 1650 .
788 1636 796 1650 .
820 1587 1059 1670 archiepiscopo
1082 1589 1235 1671 Pragensi
1257 1595 1292 1654 et
1314 1590 1366 1654 dd.
1389 1588 1420 1654 n.
1452 1641 1484 1656 ..
1520 1591 1626 1655 abbati
1649 1592 1832 1656 monasterii
1856 1591 1896 1656 de
1916 1592 2054 1674 Ossyeh,

542 1689 715 1773 Pragensis
749 1691 895 1770 diocesis,
922 1712 963 1757 ac
986 1743 993 1757 .
1019 1743 1026 1756 .
1051 1694 1170 1759 decano
1201 1692 1338 1759 ecclesie
1369 1695 1571 1776 Pragensis·)
1603 1714 1627 1759 s.
1659 1701 1719 1760 etc.
1751 1696 1842 1761 Licet
1873 1716 1913 1761 ex
1944 1697 2052 1762 debito

543 1795 716 1876 pastoralis
739 1794 835 1860 officii
859 1797 965 1862 divina
988 1798 1079 1863 uobis
1108 1797 1321 1880 disposicione
1351 1800 1508 1864 commissi
1540 1798 1580 1863 de
1611 1799 1766 1864 universis
1796 1800 1882 1866 orbis
1910 1801 2054 1866 eccleshs

541 1903 577 1963 et
599 1900 802 1964 monasteriis
824 1900 965 1982 cogitare
991 1903 1180 1984 propensius
1201 1908 1377 1981 teneamur,
1401 1903 1441 1967 ad
1464 1902 1519 1967 illa
1536 1908 1642 1967 tamen
1657 1902 1828 1985 specialem
1851 1909 1959 1968 nostre
1983 1924 2057 1969 con·

541 2002 753 2068 sideracIonis
776 2005 925 2069 intuitum
956 2006 1129 2088 dirigimus
1164 2025 1225 2088 que
1255 2006 1400 2088 pluribus
1433 2007 1598 2072 subiacere
1627 2007 1802 2089 dispendiis
1832 2010 2054 2090 presenthnus.

542 2107 593 2172 Ex
618 2107 702 2172 serie
725 2108 882 2190 siquidem
906 2129 962 2191 pro
986 2115 1078 2192 parte
1107 2111 1305 2189 Theoderici,
1341 2111 1465 2176 abbatis
1495 2112 1679 2176 monosterii
1703 2112 1798 2176 Porte
1821 2113 2053 2193 Apostolorum,

543 2210 667 2277 ordinis
689 2213 791 2278 sancti
813 2213 992 2292 Benedicti,
1015 2215 1186 2297 Pragensis
1209 2215 1354 2293 diocesis,
1387 2215 1479 2281 nobis
1501 2235 1603 2298 nuper
1624 2217 1733 2282 oblate
1755 2218 1923 2300 peticionis
1945 2237 2055 2299 perce·

540 2315 658 2397 pimus,
682 2317 775 2398 qnod,
800 2317 875 2382 licet
897 2320 1098 2401 prepositura
1116 2320 1299 2384 monasterii
1322 2320 1606 2386 sanctimonialium
1636 2322 1668 2385 iu
1691 2321 1855 2403 Tepplicz‚
1879 2322 1998 2388 ordinis
2022 2329 2055 2388 et

542 2419 681 2484 diocesis
704 2422 929 2502 predictorum,
954 2423 997 2487 sit
1018 2428 1052 2488 et
1074 2422 1172 2488 fuerit
1186 2423 1290 2488 eidem
1309 2425 1499 2488 rnouasten'o
1515 2426 1610 2489 Porte
1626 2424 1850 2507 Apostolorum
1874 2426 2054 2492 immediate

541 2524 689 2591 subiecta
711 2531 744 2590 et
767 2546 825 2609 per
847 2526 993 2593 abbatem
1017 2532 1049 2592 et
1071 2528 1240 2593 monachos
1264 2528 1343 2595 dicti
1364 2530 1547 2594 monasterii
1569 2534 1660 2594 tanto
1682 2534 1834 2611 ternpore,
1866 2531 1957 2594 cuins
1980 2550 2053 2596 con·

540 2629 634 2693 trarii
655 2632 809 2697 memoria
831 2632 993 2697 hominum
1015 2651 1077 2697 nou
1100 2633 1218 2712 existit,
1242 2634 1444 2698 consueverit
1472 2633 1650 2716 gubernari,
1685 2639 1792 2698 tamen
1815 2634 1999 2699 carissimus
2022 2634 2053 2699 in

541 2733 671 2799 ChrIsta
695 2734 716 2800 f.
740 2754 771 2801 n.
794 2735 967 2815 Iohannes,
990 2757 1046 2802 rex
1068 2737 1198 2802 Boemie
1221 2737 1366 2816 illustris,
1390 2756 1460 2803 earu
1482 2737 1511 2802 d.
1535 2737 1558 2802 f.
1581 2737 1748 2804 Sbinchoni
1771 2737 1888 2820 Lepori
1912 2738 1996 2803 dicto
2013 2738 2053 2805 de

540 2838 720 2918 dasburch,
743 2840 838 2905 militi
861 2859 948 2906 mere
970 2840 1061 2919 laico,
1085 2841 1229 2906 eiusdem
1244 2840 1390 2919 diocesis,
1413 2842 1539 2906 noviter
1553 2839 1688 2906 contulit
1703 2846 1736 2905 et
1751 2840 1791 2905 de
1806 2841 1900 2920 lacto,
1924 2848 2054 2924 propter

539 2941 627 3022 qnod
651 2943 768 3008 ibidem
791 2945 974 3009 inhonestas
997 2950 1032 3009 et
1054 2945 1256 3028 indisciplina
1279 2945 1490 3023 invaluerunt,
1523 2964 1593 3009 curn
1617 2963 1753 3026 persona
1774 2944 1924 3028 reilgiosa
1947 2945 2054 3028 aliqua

538 3064 603 3110 non
627 3047 807 3113 habitatin
830 3049 941 3113 eadem
964 3068 1068 3131 necue
1091 3049 1248 3127 clausuro,
1272 3068 1334 3132 que
1356 3054 1451 3115 antea
1472 3049 1609 3126 inerant,
1638 3047 1755 3113 ibidem
1778 3049 1995 3127 observentur,
2019 3050 2051 3114 in

539 3170 689 3236 magnum
713 3154 923 3234 preiudicium
945 3155 1138 3234 monasterii,
1163 3155 1287 3221 abbatis
1303 3158 1336 3218 et
1350 3153 1574 3219 monachornm
1590 3152 1814 3234 predictorum.
1839 3154 1946 3232 Quare
1968 3154 2052 3218 idern

540 3257 642 3322 abbas
664 3258 756 3323 nobis
778 3258 941 3323 humiliter
963 3259 1164 3341 supplicavit,
1196 3264 1232 3324 ut
1262 3258 1430 3340 providere
1460 3275 1557 3339 snper
1583 3256 1645 3321 hiis
1671 3256 1711 3320 de
1734 3261 1889 3337 oportuno
1911 3258 2051 3322 remedio

539 3366 676 3443 paterna
698 3360 900 3427 solicitudine
923 3363 1134 3445 dignaremur.
1159 3364 1225 3428 Nos
1241 3365 1349 3445 itaque
1366 3361 1578 3440 attendentes,
1602 3359 1686 3443 quod
1706 3360 1791 3424 insta
1814 3361 2051 3442 postulantibus

539 3484 603 3531 non
626 3469 678 3531 est
701 3465 907 3549 denegandus
931 3484 1091 3547 assensus,
1126 3486 1164 3533 ac
1194 3467 1337 3533 volentes
1371 3463 1594 3547 indempnitati
1620 3463 1804 3529 monasterii
1828 3464 1931 3546 ipsius
1954 3465 2050 3531 Porte

539 3569 777 3653 Apostolorum,
802 3571 929 3636 abbatis
952 3577 985 3635 et
1007 3569 1231 3637 monachorum
1254 3571 1469 3654 predIctorum
1492 3570 1525 3634 in
1541 3569 1601 3633 hac
1624 3572 1716 3650 parte
1739 3567 1911 3633 salubriter
1934 3561 2048 3634 subve-

539 3675 619 3751 nire,
655 3673 759 3756 ipsius
794 3675 921 3742 abbatis
952 3675 1243 3757 supplicacionibns
1273 3673 1417 3738 inclinati
1448 3671 1636 3738 discrecioni
1663 3677 1771 3737 vestre
1793 3691 1851 3754 per
1873 3673 2049 3754 apostolica

539 3777 662 3859 scripta
685 3777 883 3855 mandamus,
906 3785 1065 3860 quatenus
1088 3796 1144 3844 vos
1166 3779 1216 3843 vel
1240 3778 1303 3843 dno
1322 3783 1379 3843 aut
1394 3794 1476 3842 unns
1499 3781 1639 3841 vestrum
1663 3794 1722 3857 per
1744 3794 1800 3841 vos
1812 3776 1864 3841 vel
1875 3777 1973 3841 alium
1989 3796 2046 3841 sen

538 3881 631 3959 alios,
655 3882 779 3947 vocatis
802 3881 887 3946 dicta
908 3882 1011 3947 milite
1035 3889 1068 3948 et
1090 3883 1173 3960 aliis,
1204 3882 1258 3963 qni
1281 3880 1400 3946 fuerint
1429 3879 1593 3957 evocandi,
1618 3880 1645 3944 si
1672 3881 1829 3961 premissa
1861 3880 2048 3946 inveneritis

539 4003 618 4049 vera
642 4002 724 4063 esse,
759 3986 917 4067 prefatam
939 3987 1174 4069 preposituram
1204 4004 1277 4051 cunr
1307 3985 1453 4050 omnibus
1476 3983 1599 4050 iuribus
1622 3989 1654 4048 et
1676 3983 1883 4066 pertinenciis
1906 3984 2049 4049 eiusdem

539 4090 571 4155 in
595 4093 718 4156 statum
740 4089 911 4171 pristinum
934 4096 967 4155 et
989 4089 1141 4170 debitum,
1165 4088 1338 4154 collacione
1358 4095 1390 4155 et
1416 4089 1489 4153 aliis
1511 4087 1675 4171 premissis
1697 4106 1898 4169 nequaquam
1921 4088 2049 4153 obstan-

537 4193 636 4271 tibus,
659 4192 815 4258 reducere
843 4194 1032 4276 procuretis
1066 4198 1170 4259 amoto
1212 4192 1252 4256 ab
1292 4211 1332 4258 ea
1364 4193 1449 4258 dicto
1479 4193 1580 4257 milite
1610 4197 1644 4257 et
1674 4191 1816 4273 quolibet
1846 4190 1909 4256 alio
1935 4190 2047 4257 illicito

542 4296 722 4375 detentore,
747 4296 998 4362 contradictores
1020 4316 1078 4379 per
1090 4315 1254 4362 censuram
1266 4296 1516 4362 ecclesiasticam
1532 4295 1750 4377 appellacione
1765 4296 1945 4376 postposita
1967 4313 2050 4360 conr-

537 4400 710 4483 pescendo,
740 4419 803 4464 non
833 4401 991 4480 obstante,
1023 4400 1051 4465 si
1081 4399 1242 4482 aliquibus
1273 4401 1481 4466 communiter
1513 4398 1561 4464 vel
1593 4398 1718 4464 divisim
1742 4399 1783 4463 ab
1806 4397 1983 4481 apostolica
2006 4399 2048 4463 sit

539 4504 618 4569 sede
640 4503 809 4584 indultum,
826 4503 910 4585 quod
927 4504 1084 4584 interdici,
1101 4504 1252 4586 suspendi
1269 4502 1319 4568 vel
1336 4503 1601 4568 excommunicari
1623 4521 1686 4567 non
1708 4503 1833 4585 possint
1849 4520 1907 4583 per
1921 4501 2048 4567 litteras

540 4608 738 4690 apostolicas
760 4627 823 4673 non
844 4608 1001 4673 facientes
1023 4608 1149 4690 plenam
1172 4614 1205 4673 et
1227 4626 1410 4690 expressam
1433 4626 1470 4671 ac
1486 4607 1525 4671 de
1541 4605 1637 4672 verbo
1659 4606 1846 4671 adverbum
1869 4605 1909 4670 de
1925 4605 2048 4672 indulto

536 4712 722 4778 huiusmodi
745 4712 951 4778 mencionem.
974 4710 1014 4776 Ι).
1038 4712 1196 4778 Aulaione
1220 4710 1331 4777 XVIII
1352 4711 1416 4777 hal.
1440 4710 1586 4777 Ianuarii
1610 4728 1639 4775 a.
1662 4711 1773 4776 tercio.

642 5003 793 5059 Clementis
811 5003 850 5057 vl
867 5004 901 5060 A.
919 5004 988 5075 11116
1005 5002 1048 5070 (V.
1062 5009 1125 5070 116)
1144 5005 1162 5058 l.
1175 5009 1234 5071 460,
1247 5004 1401 5059 litterarum
1415 5001 1597 5058 communium
1608 5020 1655 5071 qn.
1669 5008 1727 5056 1:
1736 5001 1768 5056 V.
1783 5007 1832 5055 161
1848 5001 1866 5056 1.
1882 5007 1932 5056 ³01
1946 5018 1972 5055 n.
1984 5007 2044 5056 900.

534 5090 587 5147 ud
608 5088 773 5160 Werunsky,
791 5090 932 5160 Excerpta
948 5106 976 5145 n.
995 5096 1036 5159 11,
1054 5089 1140 5145 Rau.
1157 5088 1197 5145 1v
1214 5106 1240 5145 a
1262 5095 1336 5145 1187.
1363 5091 1387 5159 Ι)
1400 5105 1442 5159 ,ac
1460 5120 1494 5131 -
1511 5090 1667 5160 Pragensis‘
1685 5089 1775 5160 suppl.
1795 5089 1824 5144 ia
1842 5088 1975 5158 margine.
