5184 7050
686 820 751 885 672

686 1031 846 1108 quatenus
877 1026 981 1091 eidem
1012 1025 1175 1092 Friderico
1208 1026 1390 1092 huiusmodi
1413 1028 1553 1108 graciam
1576 1027 1617 1090 ad
1641 1027 1847 1092 collacioncm
1871 1027 2123 1110 archiepiscopi,
2140 1048 2190 1110 pre

683 1131 791 1214 positi,
815 1130 930 1196 decani
956 1134 989 1194 et
1012 1129 1145 1212 capituli
1170 1130 1210 1195 de
1233 1149 1314 1195 novo
1337 1130 1444 1196 iacere
1466 1135 1500 1196 et
1522 1131 1624 1196 eciam
1648 1150 1718 1196 cum
1741 1131 1864 1211 eodem,
1891 1138 1931 1198 ut
1952 1132 2138 1198 huiusmodi
2154 1134 2192 1199 le

684 1234 771 1301 iectu
806 1233 960 1300 natalium
994 1238 1027 1298 et
1061 1235 1143 1313 aliis,
1181 1253 1242 1316 que
1275 1235 1434 1317 premissa
1464 1241 1548 1315 sunt,
1573 1236 1860 1302 nonobstantibus
1885 1236 2046 1318 predicta
2066 1234 2194 1302 beneficia

684 1338 940 1420 ecclesiasticas
964 1343 997 1402 et
1021 1338 1113 1403 simul
1137 1357 1210 1404 cum
1234 1339 1285 1404 eis
1308 1340 1443 1404 tercium
1462 1337 1652 1405 beneficium
1669 1341 1939 1420 ecclesiasticum,
1955 1342 2068 1406 eciam
2083 1340 2196 1407 dubia

682 1442 776 1509 simul
798 1442 839 1507 ad
862 1443 997 1508 invicem
1020 1443 1262 1525 compassibilia,
1287 1445 1387 1509 eciam
1410 1444 1437 1508 si
1461 1443 1656 1526 dignitates,
1681 1450 1882 1527 personatus,
1904 1443 2022 1511 officia
2039 1450 2075 1510 et
2089 1445 2196 1511 admini-

685 1548 860 1614 straciones
879 1547 912 1612 in
927 1548 1064 1614 ecclesia
1077 1567 1139 1613 non
1150 1546 1178 1630 b)
1200 1548 1378 1614 cathedrali
1395 1549 1445 1614 vel
1469 1549 1673 1613 canonicatus
1689 1548 1824 1614 ecclesie
1840 1548 2054 1615 cathedralis
2069 1551 2196 1623 existant

688 1658 722 1718 et
744 1653 785 1718 ad
809 1672 847 1718 ea
868 1653 920 1718 vel
943 1672 1051 1719 eorum
1078 1652 1206 1736 aliquod
1229 1654 1303 1736 quis
1326 1652 1529 1719 consueverit
1544 1655 1569 1735 ⁰)
1601 1672 1659 1735 per
1689 1651 1886 1718 eleccionem
1911 1655 2053 1733 assumi,
2077 1655 2197 1721 obtinere

687 1763 720 1823 et
743 1759 871 1840 assequi
895 1757 1000 1823 valeat
1023 1758 1162 1840 ipsaque
1185 1760 1320 1825 obtenta
1343 1758 1393 1823 vel
1418 1758 1589 1824 obtinenda
1611 1777 1681 1824 cum
1697 1758 1769 1823 aliis
1785 1758 1957 1826 beneficiis
1974 1760 2197 1837 ecclesiasticis,

687 1861 769 1927 alias
791 1868 899 1928 tamen
923 1864 1082 1942 canonice,
1107 1869 1289 1945 permutare
1311 1863 1431 1946 illaque
1455 1864 1621 1929 dimittere
1645 1867 1678 1927 et
1708 1862 1772 1928 alia
1802 1865 1966 1946 racipere,
2000 1871 2102 1948 prout
2129 1884 2198 1948 opor·

685 1974 798 2032 taniam
832 1966 940 2046 fuerit,
976 1968 1145 2051 dignemini
1177 1969 1426 2034 misericorditer
1449 1969 1647 2051 dispensare,
1672 1967 1822 2050 qnodque
1846 1969 1880 2032 in
1905 1969 2037 2034 talibus
2060 1968 2198 2035 beneficii

685 2077 718 2135 at
740 2071 855 2152 graciis
878 2072 1062 2154 peripsum
1085 2072 1235 2155 deinceps
1258 2092 1278 2137 a
1301 2074 1378 2138 sede
1400 2073 1577 2157 apostolica
1600 2071 1807 2153 impetrandis
1831 2072 1873 2136 (le
1905 2073 2064 2155 predicto
2095 2073 2198 2140 deledu

685 2176 878 2241 mencionem
901 2175 1007 2241 facere
1029 2176 1157 2242 minime
1179 2182 1336 2257 teneatur,
1359 2197 1421 2243 non
1444 2178 1644 2243 obstantibus
1676 2178 1971 2243 constitucionibus
2005 2178 2196 2261 generalibus

686 2279 736 2344 vel
760 2279 951 2363 specialibus
974 2300 1031 2346 seu
1055 2281 1127 2347 aliis
1150 2283 1273 2348 iuribus
1295 2283 1327 2346 in
1351 2283 1543 2347 contrarium
1566 2283 1817 2363 quibuscunque,
1842 2301 1918 2347 cum
1954 2281 2036 2348 aliis
2069 2302 2129 2349 non
2156 2283 2197 2345 ab·

685 2384 842 2449 stantibus
865 2390 898 2449 et
921 2384 1073 2450 clausulis
1097 2387 1262 2467 oportunis
1285 2392 1318 2452 et
1341 2388 1579 2453 executoribus.

791 2487 864 2552 Fiat
887 2493 923 2553 nt
944 2489 1065 2571 petitur
1088 2490 1344 2556 consideracione
1368 2492 1452 2573 regis
1475 2491 1696 2569 Romanorum,
1720 2492 1811 2555 cuius
1834 2497 1899 2562 estv
1920 2492 2067 2557 nuncius
2091 2492 2125 2557 li.
2164 2492 2196 2557 st

691 2612 721 2673 q.
745 2598 767 2656 t.
792 2610 817 2657 s.
840 2612 868 2657 a.
893 2592 913 2656 l.
958 2594 1032 2659 Fiat
1054 2595 1091 2659 R.
1137 2596 1176 2660 D.
1200 2596 1358 2660 Auinione
1381 2595 1457 2661 XVI
1479 2594 1542 2660 kal.
1567 2595 1765 2676 Septembris
1788 2614 1816 2659 a.
1841 2613 1942 2661 nono.

794 2747 944 2804 Clementis
961 2748 1040 2804 VIS.
1054 2748 1119 2819 1le
1135 2749 1222 2820 (20)f.
1238 2751 1305 2804 115'.
1325 2781 1358 2789 -
1386 2755 1408 2816 ¹)
1427 2750 1551 2820 sequitur
1570 2750 1731 2819 ,beneficia‘‚
1752 2749 1800 2805 sed
1820 2751 2019 2808 cancellatum
2038 2754 2066 2809 S.
2092 2754 2116 2822 Ιι)
2128 2752 2198 2821 suppl

691 2849 777 2902 supra
794 2833 821 2889 S.
848 2836 870 2902 a)
890 2840 1076 2902 ,consuerunt‘
1093 2837 1119 2891 S.
1766 2858 1770 2866 ·

690 3168 809 3235 1262.
833 3167 911 3234 aaa
934 3169 1095 3234 Friderico
1110 3169 1300 3235 btrornaieri
1322 3169 1361 3235 de
1383 3170 1602 3253 Norimbcrpa,
1611 3171 1637 3253 ⁸)
1662 3169 1771 3235 deriso
1793 3169 2057 3253 Bumbcrqensis
2079 3173 2198 3239 docum

689 3272 893 3356 doponatur
921 3294 962 3339 ea
992 3275 1100 3340 causis
1131 3275 1166 3339 in
1196 3295 1281 3339 num.
1306 3277 1387 3340 1261
1413 3275 1566 3359 expositis
1587 3279 1618 3339 ct
1641 3273 1918 3358 „mundanum
1942 3298 1969 3342 c.
1996 3277 2036 3343 in
2059 3277 2157 3363 Cius.
2176 3300 2198 3341 a

689 3375 807 3456 Caroli,
842 3379 1057 3444 Rmnanomrn
1089 3384 1121 3445 et
1154 3381 1280 3445 Boemie
1313 3381 1395 3462 repis
1429 3378 1576 3459 illustris,
1608 3380 1698 3445 cuins
1721 3379 1765 3443 ad
1787 3399 1843 3442 nos
1865 3381 2013 3447 nuncius
2038 3382 2198 3447 destinmm

688 3481 832 3563 eamus,
863 3503 958 3566 super
988 3485 1113 3565 defectu
1144 3484 1312 3557 natalium,
1342 3489 1378 3549 ut
1407 3483 1467 3549 duo
1498 3482 1565 3550 ntia
1594 3483 1744 3567 beneficia
1777 3483 2004 3552 ecclesiastica
2028 3486 2125 3553 simul
2143 3506 2197 3550 cun

688 3585 840 3669 beneficio,
864 3588 946 3670 quod
964 3595 1069 3672 potest
1089 3591 1195 3671 cipere
1214 3590 1341 3673 primae
1363 3589 1611 3673 dispensationis
1630 3588 1810 3653 buiusnmdi
1824 3587 1980 3670 obtinere,
1999 3592 2053 3657 ael
2068 3592 2132 3658 otia
2145 3590 2197 3654 tria

688 3690 786 3756 simul
808 3691 1007 3758 adinvicem
1029 3694 1278 3777 compassibilia,
1302 3695 1398 3759 etiarn
1420 3695 1450 3758 si
1472 3715 1569 3758 unum
1592 3693 1718 3757 illorann
1744 3692 1900 3775 dipnitas,
1928 3702 2129 3776 personatis
2154 3698 2198 3757 art

689 3793 830 3876 officium
860 3796 979 3861 matut
1008 3802 1038 3862 et
1067 3797 1111 3862 ad
1140 3798 1232 3863 mani
1261 3798 1309 3863 ced
1340 3797 1429 3862 illum
1455 3819 1510 3862 seu
1531 3797 1613 3861 iilud
1635 3797 1828 3863 corrsneverit
1850 3799 1927 3878 quis
1947 3822 2014 3883 per
2037 3801 2195 3866 aaron

689 3899 820 3973 (animi,
852 3905 883 3964 et
912 3902 947 3965 in
977 3901 1154 3984 collepiata,
1186 3923 1246 3967 icon
1271 3909 1379 3967 tamen
1401 3902 1589 3980 cathedrali,
1612 3902 1660 3967 cet
1682 3902 1889 3967 canonicatus
1912 3904 1949 3967 in
1972 3901 2195 3970 cathedralibus

689 4002 827 4068 ecclesiis
853 4008 929 4084 sore
962 4012 1144 4085 noscantur,
1180 4006 1317 4071 obtinere
1339 4007 1458 4090 dicque
1480 4006 1605 4072 obtenta
1626 4005 1827 4071 cel-inantea
1851 4006 2032 4075 obtinenda
2055 4032 2094 4076 ex
2114 4029 2194 4076 cansa

684 4109 932 4189 permutationis
949 4109 995 4174 cel
1011 4110 1097 4175 alias
1120 4110 1278 4176 dimittere
1300 4117 1330 4175 et
1352 4111 1420 4175 adia
1443 4111 1508 4175 loco
1531 4110 1744 4191 dimissoriam,
1762 4115 1861 4194 prout
1883 4118 2083 4194 oportunam
2097 4113 2191 4194 fuerit.

688 4209 784 4275 libere
805 4214 943 4297 recipere
964 4220 995 4280 et
1016 4215 1101 4280 licite
1122 4216 1256 4280 retinere
1273 4217 1387 4298 possit,
1411 4220 1441 4279 et
1463 4216 1640 4280 conceditur
1662 4216 1700 4293 ei,
1723 4236 1761 4278 ne
1782 4215 1817 4277 in
1838 4217 1961 4295 prutiis
1980 4242 2047 4301 per
2068 4241 2133 4284 eccm
2152 4217 2191 4279 ‹le-

689 4315 795 4397 inceps
818 4339 838 4380 a
861 4318 933 4383 sede
964 4319 1138 4402 apostolica
1168 4319 1379 4402 impetrandis
1410 4321 1449 4385 dc
1476 4320 1531 4383 illo
1555 4320 1679 4400 defectu
1700 4320 1886 4383 necationem
1911 4325 2037 4400 fircera
2058 4327 2189 4388 matur.

1046 4426 1099 4502 ,D.
1123 4423 1281 4489 Aninionc
1305 4426 1386 4489 XVI
1406 4423 1469 4490 bal.
1494 4424 1687 4508 Septembris
1709 4445 1739 4488 c.
1762 4430 1863 4489 nona‘

744 4576 829 4629 dili.
852 4559 877 4643 ¹)
1647 4563 1811 4638 Acinione,
1837 4566 1924 4629 1350
1947 4563 2092 4646 Aupusti
2111 4567 2155 4628 lt.

798 4700 947 4754 Clementis
967 4700 1004 4753 Vl
1023 4702 1056 4753 A.
1068 4700 1138 4764 Illis
1158 4705 1230 4769 (113)
1250 4704 1269 4755 f.
1288 4709 1321 4756 36
1341 4720 1366 4755 n.
1385 4708 1444 4768 4²4,
1464 4702 1633 4757 diversarum
1653 4702 1802 4756 formarum
1820 4718 1865 4769 qn.
1885 4701 2039 4768 {umbrica
2057 4703 2114 4757 sola
2128 4717 2186 4767 cqui-

691 4793 786 4842 tornus
804 4786 922 4855 deficit),
939 4786 1049 4843 litterae
1068 4788 1096 4841 in
1116 4787 1147 4841 V.
1167 4793 1217 4841 203
1236 4788 1255 4842 t.
1273 4796 1302 4842 sl
1325 4806 1351 4842 n.
1372 4794 1430 4844 423.
1449 4820 1482 4828 —
1509 4793 1532 4857 ¹)
1551 4788 1732 4857 ,Nureubarg‘
1750 4788 1783 4842 V.
1806 4819 1834 4827 -
1861 4789 1880 4852 ι)
1909 4788 1949 4842 sic
1974 4789 2006 4844 in
2032 4788 2142 4844 rubricis
2162 4789 2185 4837 i

1342 4988 1473 4997 .-.—-.--
1491 4987 1548 4994 .—

691 5136 812 5201 1263.
839 5133 981 5213 Carolus,
1002 5138 1212 5201 Romatiorum
1229 5143 1258 5201 et
1274 5138 1445 5202 Bolaenaiae
1459 5159 1525 5213 ren,
1541 5138 1711 5221 supplicat,
1727 5141 1882 5219 quatenus
1907 5137 1972 5201 sibi
1995 5144 2028 5202 et
2051 5132 2186 5203 manalis

1041 5240 1117 5305 aliis
1134 5242 1281 5324 personis
1303 5242 1461 5324 quaedam
1481 5244 1609 5324 praticae
1632 5242 1852 5307 coracedantur.

1649 5380 1812 5454 Acinionc,
1839 5381 1926 5445 1350
1948 5380 2091 5463 Augusti
2109 5381 2153 5444 li.

795 5518 962 5600 Supplicat
984 5518 1014 5584 S.
1038 5519 1076 5584 V.
1102 5520 1234 5584 devotus
1257 5521 1278 5585 i.
1304 5542 1332 5584 v.
1357 5522 1506 5598 Karalus,
1530 5522 1741 5585 Rornanorum
1756 5527 1790 5585 et
1805 5521 1937 5585 Βοθιιιίθ
1955 5540 2025 5598 rex,
2042 5525 2185 5604 quatenns

691 5642 763 5687 cum
786 5622 854 5704 ipse
878 5623 1041 5687 desideret
1064 5628 1097 5687 et
1120 5624 1271 5703 intendat,
1295 5625 1396 5709 [ut]·l
1420 5625 1460 5690 ad
1482 5626 1698 5689 reverenciam
1722 5626 1891 5690 salvatoris
1911 5633 1946 5690 et
1962 5625 2083 5691 (lamini
2105 5621 2184 5689 nostri

692 5726 795 5790 lbosu
820 5725 941 5791 Christi
965 5726 1078 5808 suique
1103 5727 1207 5792 cultus
1230 5734 1264 5794 et
1286 5729 1420 5793 nominis
1444 5729 1672 5795 exaltacionem
1696 5747 1778 5794 uuus
1800 5747 1840 5793 ex
1864 5728 1978 5808 clavis,
1999 5750 2072 5795 cum
2093 5727 2185 5810 quibus
