5184 7050
1872 837 1935 904 471

425 1040 518 1107 781.
544 1038 678 1103 Nicolao
700 1038 859 1121 quondam
891 1039 1035 1107 (tobelini
1063 1041 1101 1106 de
1123 1039 1227 1124 Aquis
1250 1041 1328 1106 dicti
1351 1039 1587 1125 „Cruptlrinis“‚
1620 1041 1730 1108 clerieo
1752 1044 1935 1109 Leoiliensis

422 1144 571 1222 diocesis,
595 1148 776 1208 reservatur
799 1144 844 1208 ool
865 1144 1128 1228 supplicationem
1152 1145 1269 1228 Caroli,
1301 1148 1385 1228 repis
1408 1149 1632 1222 Ronoonorum,
1660 1147 1841 1230 beneficium
1864 1169 1935 1214 euin

419 1248 472 1310 ool
494 1250 563 1312 sine
585 1270 673 1323 eura,
696 1250 787 1313 cuius
803 1253 936 1329 fruct-us
958 1252 1001 1314 25
1023 1271 1107 1332 resp.
1134 1253 1173 1315 18
1195 1271 1380 1316 marcarum
1410 1251 1535 1333 arpenti
1563 1273 1589 1316 s.
1613 1257 1636 1316 t.
1660 1251 1691 1317 ol.
1718 1252 1856 1318 valorem
1879 1276 1937 1318 an·

423 1374 523 1415 nuum
548 1374 609 1418 non
631 1353 793 1427 crocitant,
809 1353 839 1417 si
860 1353 943 1434 quod
959 1353 1002 1417 ml
1020 1353 1216 1417 collationem
1233 1355 1424 1438 praepositi,
1448 1355 1561 1420 decani
1583 1361 1613 1420 et
1634 1356 1769 1439 capituli
1790 1357 1939 1422 ecclesiae

419 1456 537 1519 beatae
561 1459 689 1522 Mariae
703 1456 871 1538 Aquensis,
889 1456 1071 1521 leodiensis
1093 1456 1234 1536 diocesis,
1249 1463 1346 1522 cocat
1369 1459 1414 1522 ool
1430 1480 1594 1541 praesens,
1610 1459 1658 1524 rel
1680 1480 1751 1524 cum
1765 1461 1937 1527 vacaverit.

608 1563 661 1638 ,D.
685 1560 843 1625 Aninione
866 1562 900 1624 X
917 1560 981 1624 kal.
1006 1561 1188 1625 Decembris
1210 1584 1240 1626 a.
1266 1564 1395 1643 quinto.‘
1418 1565 1534 1627 ronna
1557 1567 1593 1626 ut
1614 1564 1649 1627 in
1671 1586 1701 1629 n.
1725 1569 1756 1630 2.

530 1665 584 1890 ὲ
1337 1761 1610 1839 Aoiniona,1346
1633 1763 1819 1829 Novembris
1841 1768 1892 1830 22.

482 1716 517 1819 A

467 1837 509 1890 .x

530 1985 678 2039 Clementis
697 1984 735 2037 VI
753 1986 786 2038 A.
800 1985 852 2056 Vi⁷
865 1989 921 2051 (91)
933 1985 952 2038 f.
968 1990 1016 2039 105
1029 2001 1054 2037 n.
1068 1991 1127 2052 131,
1140 1985 1174 2039 do
1186 1984 1329 2040 beneflciis
1343 1987 1480 2041 vacaturis
1492 2004 1537 2055 qu.
1556 1994 1572 2041 4
1588 2007 1618 2039 .-.
1633 1986 1664 2041 V.
1685 1986 1764 2042 1711.
1779 1991 1821 2040 (ὅθ’
1836 2005 1862 2042 n.
1879 1994 1935 2042 132.

421 2580 516 2646 782.
562 2579 698 2644 Henrn'oo
728 2577 887 2646 Joloannis
919 2577 957 2641 ile
987 2575 1236 2657 coelaletae)
1270 2576 1380 2641 elerico
1419 2575 1645 2655 temelicos,
1682 2583 1863 2643 reservatur
1892 2580 1936 2644 acl

416 2683 688 2766 supplicationem
721 2681 837 2762 Caroli,
868 2682 952 2764 repis
984 2683 1207 2756 Romanorum,
1239 2668 1418 2756 beneficium
1449 2700 1517 2744 eum
1546 2680 1594 2744 oel
1624 2682 1692 2744 sine
1724 2703 1813 2758 aura,
1844 2682 1934 2747 ouius

409 2792 552 2869 fructas
574 2791 617 2851 25
641 2808 723 2871 resp.
746 2790 790 2852 18
812 2806 996 2851 marcarum
1027 2785 1152 2867 arpenti
1181 2806 1207 2851 s.
1230 2790 1253 2848 t.
1284 2785 1314 2848 d.
1346 2784 1483 2849 valorem
1512 2806 1654 2849 annuum
1685 2805 1746 2850 non
1768 2787 1932 2862 accedant,

417 2892 450 2957 si
482 2891 565 2973 quoa
595 2891 638 2955 ad
667 2891 863 2955 collationem
893 2888 1016 2966 ἀσσααὲ,
1050 2888 1247 2953 thesaurarii
1277 2893 1307 2951 et
1339 2888 1474 2971 capituli
1511 2888 1660 2952 ecclesiae
1701 2891 1937 2955 Wormatiensis

417 3001 530 3066 rarat,
555 2995 652 3057 etiam
675 2997 705 3057 si
727 2995 856 3078 inipso
880 2993 1011 3058 ecclesia
1033 2995 1160 3070 existat,
1184 2994 1231 3057 oet
1255 2994 1518 3057 eumoacaoerit.
1554 2995 1606 3071 ,a
1638 2993 1795 3058 Aninione
1819 2997 1851 3058 X
1868 2994 1933 3058 lal.

792 3098 974 3163 Decembris
996 3118 1027 3160 α.
1051 3097 1181 3178 quintos
1205 3098 1321 3161 Formo
1343 3096 1437 3161 utin
1459 3118 1489 3160 n.
1514 3100 1564 3163 76.

529 3185 566 3396 ¹}
1330 3280 1494 3359 Aetnam,
1516 3281 1604 3346 1346
1626 3280 1812 3345 Novembris
1835 3285 1887 3347 22.

526 3498 676 3553 Clementis
695 3497 733 3552 vl
751 3499 783 3550 A.
802 3496 856 3567 Vl2
874 3495 930 3563 (87)
948 3495 968 3550 f.
985 3500 1044 3561 235,
1063 3495 1098 3550 do
1117 3494 1257 3551 beneflciis
1281 3511 1342 3549 cum
1360 3493 1403 3549 vel
1423 3495 1482 3550 sine
1501 3511 1567 3550 curs
1585 3513 1630 3565 qu.
1652 3504 1709 3549 1:
1724 3496 1756 3551 V.
1778 3502 1827 3551 174
1846 3495 1864 3552 f.
1884 3498 1926 3550 90·

409 3605 439 3642 ιι
468 3592 527 3640 162.
547 3617 578 3625 —
606 3588 629 3653 ΙΙ)
648 3586 860 3655 ‚Bockenheym‘
879 3600 948 3637 corr.
968 3598 1003 3637 ex
1022 3583 1248 3652 ,Bockencheym‘
1267 3584 1300 3635 A.

412 4181 441 4245 7
444 4178 513 4243 83.
537 4172 730 4249 Christiano,
746 4177 821 4237 nato
838 4171 988 4237 Reinaloli
1002 4175 1028 4251 ¹)
1051 4171 1088 4236 de
1108 4171 1302 4255 Zutpleania,
1319 4171 1428 4236 clerieo
1447 4173 1656 4236 Traiectensis
1671 4173 1813 4252 diocesis,
1832 4195 1931 4239 reser-

409 4287 514 4348 vatur
537 4279 580 4343 ao
601 4277 862 4362 supplicationem
888 4273 1011 4350 Caroli,
1029 4278 1113 4357 repis
1137 4279 1359 4355 Romanorum,
1382 4275 1563 4358 beneficium
1587 4298 1657 4341 cum
1680 4277 1727 4341 eel
1748 4277 1818 4342 sine
1840 4299 1929 4357 cura,

412 4389 598 4454 consuetum
625 4382 748 4447 clericis
776 4380 994 4445 saecularibus
1027 4382 1200 4461 assipnmri,
1231 4381 1321 4444 cuius
1345 4384 1477 4458 fructus
1506 4384 1549 4445 25
1571 4404 1653 4464 resp.
1677 4386 1719 4446 18
1745 4404 1929 4447 nioreorum

411 4489 543 4572 arpent-i
565 4509 590 4552 s.
613 4492 635 4551 t.
660 4486 690 4551 ol.
713 4485 852 4549 calorem
876 4506 1017 4548 annuum
1041 4506 1103 4549 non
1125 4484 1288 4562 excellant,
1311 4484 1342 4547 si
1365 4486 1446 4565 quod
1467 4485 1510 4547 acl
1534 4484 1730 4550 collationem
1753 4486 1878 4551 abbatis
1900 4493 1930 4551 et

412 4597 589 4661 eoneeutus
612 4588 798 4654 monosterii
816 4589 922 4652 saneti
942 4588 1109 4667 Teutonis,
1125 4586 1249 4651 ordinis
1271 4589 1378 4651 sancti
1395 4589 1568 4663 Benedicti,
1585 4589 1767 4653 Leodiensis
1787 4591 1928 4671 (licensis,

410 4703 512 4767 vacat
536 4697 579 4761 ad
597 4714 762 4779 praesens,
785 4693 833 4756 rel
855 4715 924 4757 oum
946 4693 1116 4757 vacaverit.
1140 4694 1193 4765 A).
1218 4691 1376 4756 Auinione
1398 4694 1430 4756 Χ
1449 4691 1513 4757 kal.
1540 4692 1722 4757 Decernebris
1746 4715 1776 4757 a.
1799 4697 1926 4776 quinto?

1004 4798 1119 4861 barma
1143 4797 1235 4859 utin
1258 4818 1288 4860 n.
1312 4801 1343 4861 2.

448 4901 504 5076 ὲ.
529 4954 576 5075 ᾗ
1329 4952 1492 5028 Aetione,
1514 4954 1602 5017 osio
1624 4952 1809 5017 Novembris
1831 4957 1882 5019 22.

520 5178 669 5234 Clementis
687 5178 725 5232 VI
743 5181 777 5232 A.
796 5177 848 5248 Vis
868 5183 969 5244 (tomus
989 5178 1033 5242 33)
1053 5175 1070 5227 f.
1092 5178 1151 5228 556'
1171 5192 1197 5227 n.
1213 5180 1252 5241 11,
1270 5174 1425 5229 litterarum
1440 5192 1509 5244 „que
1528 5176 1640 5231 luerunt
1658 5184 1766 5245 portate
1784 5185 1848 5246 post
1861 5178 1926 5245 ligu-

410 5269 522 5322 cionem
540 5266 689 5320 librorunt‘
710 5283 755 5336 qu.
776 5273 787 5320 l
808 5271 837 5319 et
853 5266 964 5330 unicus3
982 5263 1011 5317 ia
1029 5261 1060 5315 V.
1080 5261 1207 5331 quaterni
1226 5261 1383 5316 huiusmodi
1403 5262 1540 5318 deficiunt.
1576 5296 1601 5303 -
1630 5265 1835 5331 ¹·),ltl1ristiono
1855 5265 1926 5334 Ray-

409 5356 498 5410 nuldi‘
517 5357 551 5407 A.
