<?xml version="1.0" encoding="UTF-8"?>
<!DOCTYPE html PUBLIC "-//W3C//DTD XHTML 1.0 Transitional//EN"
    "http://www.w3.org/TR/xhtml1/DTD/xhtml1-transitional.dtd">
<html xmlns="http://www.w3.org/1999/xhtml" xml:lang="en" lang="en">
 <head>
  <title>
</title>
<meta http-equiv="Content-Type" content="text/html;charset=utf-8" />
  <meta name='ocr-system' content='tesseract 3.04.00' />
  <meta name='ocr-capabilities' content='ocr_page ocr_carea ocr_par ocr_line ocrx_word'/>
</head>
<body>
  <div class='ocr_page' id='page_1' title='image "./monumentavatica01vatigoog_0604.png"; bbox 0 0 5184 7050; ppageno 0'>
   <div class='ocr_carea' id='block_1_1' title="bbox 541 831 605 901">
    <p class='ocr_par' dir='ltr' id='par_1_1' title="bbox 541 831 605 901">
     <span class='ocr_line' id='line_1_1' title="bbox 541 831 605 901; baseline -0.063 0"><span class='ocrx_word' id='word_1_1' title='bbox 541 831 605 901; x_wconf 78' lang='lat'><strong><em>582</em></strong></span> 
     </span>
    </p>
   </div>
   <div class='ocr_carea' id='block_1_2' title="bbox 544 1034 2060 1746">
    <p class='ocr_par' dir='ltr' id='par_1_2' title="bbox 544 1034 2060 1746">
     <span class='ocr_line' id='line_1_2' title="bbox 545 1034 2058 1118; baseline -0.003 -14"><span class='ocrx_word' id='word_1_2' title='bbox 545 1040 675 1117; x_wconf 70' lang='lat'><strong><em>1⁰40.¹</em></strong></span> <span class='ocrx_word' id='word_1_3' title='bbox 689 1038 822 1104; x_wconf 86' lang='lat' dir='ltr'><strong><em>Nieoiao</em></strong></span> <span class='ocrx_word' id='word_1_4' title='bbox 844 1038 882 1101; x_wconf 82' lang='lat' dir='ltr'><strong><em>de</em></strong></span> <span class='ocrx_word' id='word_1_5' title='bbox 908 1039 1050 1114; x_wconf 74' lang='lat' dir='ltr'><strong><em>limitem,</em></strong></span> <span class='ocrx_word' id='word_1_6' title='bbox 1085 1038 1139 1118; x_wconf 79' lang='lat' dir='ltr'><strong><em>oui</em></strong></span> <span class='ocrx_word' id='word_1_7' title='bbox 1168 1042 1215 1102; x_wconf 83' lang='lat' dir='ltr'><strong><em>est</em></strong></span> <span class='ocrx_word' id='word_1_8' title='bbox 1237 1034 1406 1102; x_wconf 75' lang='lat' dir='ltr'><strong><em>cormacus</em></strong></span> <span class='ocrx_word' id='word_1_9' title='bbox 1441 1035 1610 1117; x_wconf 76' lang='lat' dir='ltr'><strong><em>l’rayeusis</em></strong></span> <span class='ocrx_word' id='word_1_10' title='bbox 1641 1038 1672 1101; x_wconf 85' lang='lat' dir='ltr'><strong><em>et</em></strong></span> <span class='ocrx_word' id='word_1_11' title='bbox 1702 1036 1919 1102; x_wconf 83' lang='lat' dir='ltr'><strong><em>eauceiiarius</em></strong></span> <span class='ocrx_word' id='word_1_12' title='bbox 1944 1034 2058 1113; x_wconf 68' lang='lat' dir='ltr'><strong><em>(torui,</em></strong></span> 
     </span>
     <span class='ocr_line' id='line_1_3' title="bbox 545 1140 2059 1225; baseline -0.002 -18"><span class='ocrx_word' id='word_1_13' title='bbox 545 1142 630 1224; x_wconf 72' lang='lat' dir='ltr'><strong><em>repis</em></strong></span> <span class='ocrx_word' id='word_1_14' title='bbox 653 1144 876 1220; x_wconf 75' lang='lat' dir='ltr'><strong><em>Romanorum</em></strong></span> <span class='ocrx_word' id='word_1_15' title='bbox 908 1142 1092 1225; x_wconf 77' lang='lat' dir='ltr'><strong><em>providetur</em></strong></span> <span class='ocrx_word' id='word_1_16' title='bbox 1122 1142 1161 1205; x_wconf 85' lang='lat' dir='ltr'><strong><em>de</em></strong></span> <span class='ocrx_word' id='word_1_17' title='bbox 1188 1142 1415 1225; x_wconf 76' lang='lat' dir='ltr'><strong><em>praepositura</em></strong></span> <span class='ocrx_word' id='word_1_18' title='bbox 1445 1140 1596 1206; x_wconf 84' lang='lat' dir='ltr'><strong><em>ecelesiae</em></strong></span> <span class='ocrx_word' id='word_1_19' title='bbox 1630 1142 1813 1221; x_wconf 62' lang='lat' dir='ltr'><strong><em>iborensis,</em></strong></span> <span class='ocrx_word' id='word_1_20' title='bbox 1847 1140 1984 1205; x_wconf 73' lang='lat' dir='ltr'><strong><em>vacanti</em></strong></span> <span class='ocrx_word' id='word_1_21' title='bbox 2005 1163 2059 1223; x_wconf 77' lang='lat' dir='ltr'><strong><em>per</em></strong></span> 
     </span>
     <span class='ocr_line' id='line_1_4' title="bbox 548 1244 2058 1328; baseline -0.001 -17"><span class='ocrx_word' id='word_1_22' title='bbox 548 1244 666 1315; x_wconf 54' lang='lat' dir='ltr'><strong><em>aidum</em></strong></span> <span class='ocrx_word' id='word_1_23' title='bbox 689 1246 831 1321; x_wconf 79' lang='lat' dir='ltr'><strong><em>Hernici,</em></strong></span> <span class='ocrx_word' id='word_1_24' title='bbox 854 1245 960 1310; x_wconf 82' lang='lat' dir='ltr'><strong><em>ultimi</em></strong></span> <span class='ocrx_word' id='word_1_25' title='bbox 977 1246 1156 1328; x_wconf 85' lang='lat' dir='ltr'><strong><em>praepositi</em></strong></span> <span class='ocrx_word' id='word_1_26' title='bbox 1177 1246 1317 1310; x_wconf 72' lang='lat' dir='ltr'><strong><em>eimokm</em></strong></span> <span class='ocrx_word' id='word_1_27' title='bbox 1340 1244 1497 1324; x_wconf 66' lang='lat' dir='ltr'><strong><em>corkaiae,</em></strong></span> <span class='ocrx_word' id='word_1_28' title='bbox 1532 1246 1588 1328; x_wconf 76' lang='lat' dir='ltr'><strong><em>qui</em></strong></span> <span class='ocrx_word' id='word_1_29' title='bbox 1616 1249 1718 1310; x_wconf 73' lang='lat' dir='ltr'><strong><em>entra·</em></strong></span> <span class='ocrx_word' id='word_1_30' title='bbox 1733 1246 1917 1310; x_wconf 79' lang='lat' dir='ltr'><strong><em>Romanam</em></strong></span> <span class='ocrx_word' id='word_1_31' title='bbox 1940 1244 2058 1309; x_wconf 68' lang='lat' dir='ltr'><strong><em>moion</em></strong></span> 
     </span>
     <span class='ocr_line' id='line_1_5' title="bbox 547 1348 2060 1434; baseline -0.002 -20"><span class='ocrx_word' id='word_1_32' title='bbox 547 1349 629 1414; x_wconf 69' lang='lat' dir='ltr'><strong><em>dura</em></strong></span> <span class='ocrx_word' id='word_1_33' title='bbox 653 1349 770 1414; x_wconf 75' lang='lat' dir='ltr'><strong><em>clusit</em></strong></span> <span class='ocrx_word' id='word_1_34' title='bbox 791 1354 982 1427; x_wconf 61' lang='lat' dir='ltr'><strong><em>autenticum</em></strong></span> <span class='ocrx_word' id='word_1_35' title='bbox 1016 1371 1097 1432; x_wconf 73' lang='lat' dir='ltr'><strong><em>attae</em></strong></span> <span class='ocrx_word' id='word_1_36' title='bbox 1127 1349 1251 1431; x_wconf 79' lang='lat' dir='ltr'><strong><em>quidem</em></strong></span> <span class='ocrx_word' id='word_1_37' title='bbox 1282 1350 1520 1434; x_wconf 76' lang='lat' dir='ltr'><strong><em>praepositura,</em></strong></span> <span class='ocrx_word' id='word_1_38' title='bbox 1555 1349 1630 1414; x_wconf 83' lang='lat' dir='ltr'><strong><em>dum</em></strong></span> <span class='ocrx_word' id='word_1_39' title='bbox 1660 1349 1766 1415; x_wconf 80' lang='lat' dir='ltr'><strong><em>adbuc</em></strong></span> <span class='ocrx_word' id='word_1_40' title='bbox 1795 1349 1882 1414; x_wconf 85' lang='lat' dir='ltr'><strong><em>idem</em></strong></span> <span class='ocrx_word' id='word_1_41' title='bbox 1908 1348 2060 1413; x_wconf 81' lang='lat' dir='ltr'><strong><em>Heuriaos</em></strong></span> 
     </span>
     <span class='ocr_line' id='line_1_6' title="bbox 551 1452 2058 1539; baseline 0 -21"><span class='ocrx_word' id='word_1_42' title='bbox 551 1458 658 1536; x_wconf 71' lang='lat' dir='ltr'><strong><em>teperet</em></strong></span> <span class='ocrx_word' id='word_1_43' title='bbox 681 1454 894 1535; x_wconf 75' lang='lat' dir='ltr'><strong><em>intrusionis,</em></strong></span> <span class='ocrx_word' id='word_1_44' title='bbox 917 1455 1059 1518; x_wconf 75' lang='lat' dir='ltr'><strong><em>uidelicet</em></strong></span> <span class='ocrx_word' id='word_1_45' title='bbox 1089 1453 1154 1520; x_wconf 86' lang='lat' dir='ltr'><strong><em>VII</em></strong></span> <span class='ocrx_word' id='word_1_46' title='bbox 1172 1454 1236 1519; x_wconf 82' lang='lat' dir='ltr'><strong><em>tat</em></strong></span> <span class='ocrx_word' id='word_1_47' title='bbox 1262 1454 1454 1538; x_wconf 73' lang='lat' dir='ltr'><strong><em>Septembris</em></strong></span> <span class='ocrx_word' id='word_1_48' title='bbox 1474 1455 1681 1539; x_wconf 77' lang='lat' dir='ltr'><strong><em>pontificatus</em></strong></span> <span class='ocrx_word' id='word_1_49' title='bbox 1706 1454 1884 1521; x_wconf 81' lang='lat' dir='ltr'><strong><em>Clerueutis</em></strong></span> <span class='ocrx_word' id='word_1_50' title='bbox 1916 1452 1960 1519; x_wconf 75' lang='lat'><strong><em>1⁷1</em></strong></span> <span class='ocrx_word' id='word_1_51' title='bbox 1981 1474 2058 1518; x_wconf 77' lang='lat' dir='ltr'><strong><em>renuo</em></strong></span> 
     </span>
     <span class='ocr_line' id='line_1_7' title="bbox 544 1557 2056 1643; baseline 0 -21"><span class='ocrx_word' id='word_1_52' title='bbox 544 1559 660 1643; x_wconf 81' lang='lat' dir='ltr'><strong><em>prium,</em></strong></span> <span class='ocrx_word' id='word_1_53' title='bbox 677 1557 837 1624; x_wconf 82' lang='lat' dir='ltr'><strong><em>collationi</em></strong></span> <span class='ocrx_word' id='word_1_54' title='bbox 857 1559 1048 1642; x_wconf 86' lang='lat' dir='ltr'><strong><em>apostolieae</em></strong></span> <span class='ocrx_word' id='word_1_55' title='bbox 1070 1563 1233 1624; x_wconf 75' lang='lat' dir='ltr'><strong><em>reseruata</em></strong></span> <span class='ocrx_word' id='word_1_56' title='bbox 1248 1559 1329 1639; x_wconf 88' lang='lat' dir='ltr'><strong><em>suit.</em></strong></span> <span class='ocrx_word' id='word_1_57' title='bbox 1355 1561 1407 1635; x_wconf 75' lang='lat' dir='ltr'><strong><em>J).</em></strong></span> <span class='ocrx_word' id='word_1_58' title='bbox 1424 1558 1581 1623; x_wconf 81' lang='lat' dir='ltr'><strong><em>Auiuioae</em></strong></span> <span class='ocrx_word' id='word_1_59' title='bbox 1598 1560 1669 1623; x_wconf 82' lang='lat' dir='ltr'><strong><em>XII</em></strong></span> <span class='ocrx_word' id='word_1_60' title='bbox 1686 1558 1751 1624; x_wconf 76' lang='lat' dir='ltr'><strong><em>itai,</em></strong></span> <span class='ocrx_word' id='word_1_61' title='bbox 1767 1558 1931 1626; x_wconf 84' lang='lat' dir='ltr'><strong><em>Jauuarii</em></strong></span> <span class='ocrx_word' id='word_1_62' title='bbox 1944 1580 1977 1622; x_wconf 86' lang='lat' dir='ltr'><strong><em>a.</em></strong></span> <span class='ocrx_word' id='word_1_63' title='bbox 1992 1578 2056 1640; x_wconf 80' lang='lat' dir='ltr'><strong><em>sep·</em></strong></span> 
     </span>
     <span class='ocr_line' id='line_1_8' title="bbox 548 1660 2054 1746; baseline 0.001 -22"><span class='ocrx_word' id='word_1_64' title='bbox 548 1663 645 1726; x_wconf 62' lang='lat' dir='ltr'><strong><em>timo!</em></strong></span> <span class='ocrx_word' id='word_1_65' title='bbox 668 1700 711 1710; x_wconf 96' lang='lat'><em>-</em></span> <span class='ocrx_word' id='word_1_66' title='bbox 735 1665 773 1727; x_wconf 89' lang='lat' dir='ltr'><strong><em>Iu</em></strong></span> <span class='ocrx_word' id='word_1_67' title='bbox 795 1683 821 1727; x_wconf 87' lang='lat' dir='ltr'><strong><em>e.</em></strong></span> <span class='ocrx_word' id='word_1_68' title='bbox 844 1684 885 1728; x_wconf 83' lang='lat' dir='ltr'><strong><em>ru.</em></strong></span> <span class='ocrx_word' id='word_1_69' title='bbox 911 1664 1148 1727; x_wconf 71' lang='lat' dir='ltr'><strong><em>Beeraouieusis</em></strong></span> <span class='ocrx_word' id='word_1_70' title='bbox 1164 1683 1263 1746; x_wconf 87' lang='lat' dir='ltr'><strong><em>prope</em></strong></span> <span class='ocrx_word' id='word_1_71' title='bbox 1283 1664 1424 1744; x_wconf 75' lang='lat' dir='ltr'><strong><em>Prapam</em></strong></span> <span class='ocrx_word' id='word_1_72' title='bbox 1441 1666 1471 1726; x_wconf 87' lang='lat' dir='ltr'><strong><em>et</em></strong></span> <span class='ocrx_word' id='word_1_73' title='bbox 1486 1662 1707 1743; x_wconf 64' lang='lat' dir='ltr'><strong><em>Aulocrepiua</em></strong></span> <span class='ocrx_word' id='word_1_74' title='bbox 1727 1661 1902 1743; x_wconf 74' lang='lat' dir='ltr'><strong><em>Prapeusis</em></strong></span> <span class='ocrx_word' id='word_1_75' title='bbox 1917 1660 2054 1737; x_wconf 82' lang='lat' dir='ltr'><strong><em>diocesis,</em></strong></span> 
     </span>
    </p>
   </div>
   <div class='ocr_carea' id='block_1_3' title="bbox 462 1764 2054 1838">
    <p class='ocr_par' dir='ltr' id='par_1_3' title="bbox 462 1764 2054 1838">
     <span class='ocr_line' id='line_1_9' title="bbox 462 1764 2054 1838; baseline -0.001 -10"><span class='ocrx_word' id='word_1_76' title='bbox 462 1830 467 1838; x_wconf 72' lang='grc'><strong>,</strong></span> <span class='ocrx_word' id='word_1_77' title='bbox 548 1764 809 1830; x_wconf 80' lang='lat' dir='ltr'><strong><em>ruortrtstrriomm</em></strong></span> <span class='ocrx_word' id='word_1_78' title='bbox 834 1764 999 1830; x_wconf 68' lang='lat' dir='ltr'><strong><em>mortiers</em></strong></span> <span class='ocrx_word' id='word_1_79' title='bbox 1022 1786 1061 1828; x_wconf 91' lang='lat' dir='ltr'><strong><em>ue</em></strong></span> <span class='ocrx_word' id='word_1_80' title='bbox 1082 1766 1240 1829; x_wconf 72' lang='lat' dir='ltr'><strong><em>sorr-arar</em></strong></span> <span class='ocrx_word' id='word_1_81' title='bbox 1261 1765 1410 1830; x_wconf 83' lang='lat' dir='ltr'><strong><em>ecelesiae</em></strong></span> <span class='ocrx_word' id='word_1_82' title='bbox 1433 1766 1664 1831; x_wconf 79' lang='lat' dir='ltr'><strong><em>Ariuioueasis.</em></strong></span> <span class='ocrx_word' id='word_1_83' title='bbox 1703 1768 1818 1831; x_wconf 71' lang='lat' dir='ltr'><strong><em>ibana</em></strong></span> <span class='ocrx_word' id='word_1_84' title='bbox 1851 1769 1889 1829; x_wconf 86' lang='lat' dir='ltr'><strong><em>ut</em></strong></span> <span class='ocrx_word' id='word_1_85' title='bbox 1920 1765 1955 1830; x_wconf 86' lang='lat' dir='ltr'><strong><em>iu</em></strong></span> <span class='ocrx_word' id='word_1_86' title='bbox 1977 1786 2006 1829; x_wconf 90' lang='lat' dir='ltr'><strong><em>u.</em></strong></span> <span class='ocrx_word' id='word_1_87' title='bbox 2028 1768 2054 1829; x_wconf 80' lang='lat'><strong><em>9.</em></strong></span> 
     </span>
    </p>
   </div>
   <div class='ocr_carea' id='block_1_4' title="bbox 1463 1937 2016 2020">
    <p class='ocr_par' dir='ltr' id='par_1_4' title="bbox 1463 1937 2016 2020">
     <span class='ocr_line' id='line_1_10' title="bbox 1463 1937 2016 2020; baseline -0.002 -17"><span class='ocrx_word' id='word_1_88' title='bbox 1463 1939 1626 2020; x_wconf 81' lang='lat' dir='ltr'><strong><em>Aoiuioue,</em></strong></span> <span class='ocrx_word' id='word_1_89' title='bbox 1649 1942 1737 2005; x_wconf 83' lang='lat'><strong><em>1348</em></strong></span> <span class='ocrx_word' id='word_1_90' title='bbox 1762 1937 1944 2004; x_wconf 67' lang='lat' dir='ltr'><strong><em>inuenere</em></strong></span> <span class='ocrx_word' id='word_1_91' title='bbox 1964 1942 2016 2003; x_wconf 77' lang='lat'><strong><em>21.</em></strong></span> 
     </span>
    </p>
   </div>
   <div class='ocr_carea' id='block_1_5' title="bbox 553 2126 2051 2280">
    <p class='ocr_par' dir='ltr' id='par_1_5' title="bbox 553 2126 2051 2280">
     <span class='ocr_line' id='line_1_11' title="bbox 655 2126 2051 2197; baseline -0.001 -18"><span class='ocrx_word' id='word_1_92' title='bbox 655 2128 803 2182; x_wconf 86' lang='lat' dir='ltr'><strong><em>t&#39;lementis</em></strong></span> <span class='ocrx_word' id='word_1_93' title='bbox 828 2127 864 2181; x_wconf 84' lang='lat' dir='ltr'><strong><em>l&#39;l</em></strong></span> <span class='ocrx_word' id='word_1_94' title='bbox 890 2129 922 2181; x_wconf 81' lang='grc' dir='ltr'><strong><em>Α.</em></strong></span> <span class='ocrx_word' id='word_1_95' title='bbox 943 2127 1022 2195; x_wconf 69' lang='lat' dir='ltr'><strong><em>l&#39;llju</em></strong></span> <span class='ocrx_word' id='word_1_96' title='bbox 1045 2130 1118 2192; x_wconf 79' lang='lat' dir='ltr'><strong><em>(tat)</em></strong></span> <span class='ocrx_word' id='word_1_97' title='bbox 1143 2126 1160 2180; x_wconf 87' lang='lat' dir='ltr'><strong><em>i.</em></strong></span> <span class='ocrx_word' id='word_1_98' title='bbox 1180 2133 1230 2179; x_wconf 73' lang='lat' dir='ltr'><strong><em>stt</em></strong></span> <span class='ocrx_word' id='word_1_99' title='bbox 1255 2143 1280 2180; x_wconf 90' lang='lat' dir='ltr'><strong><em>n.</em></strong></span> <span class='ocrx_word' id='word_1_100' title='bbox 1301 2133 1342 2193; x_wconf 73' lang='lat' dir='ltr'><strong><em>tt,</em></strong></span> <span class='ocrx_word' id='word_1_101' title='bbox 1374 2128 1408 2181; x_wconf 89' lang='lat' dir='ltr'><strong><em>de</em></strong></span> <span class='ocrx_word' id='word_1_102' title='bbox 1437 2127 1614 2195; x_wconf 71' lang='lat' dir='ltr'><strong><em>dignitatibus</em></strong></span> <span class='ocrx_word' id='word_1_103' title='bbox 1640 2129 1799 2183; x_wconf 79' lang='lat' dir='ltr'><strong><em>vacantibus</em></strong></span> <span class='ocrx_word' id='word_1_104' title='bbox 1826 2145 1872 2197; x_wconf 84' lang='lat' dir='ltr'><strong><em>qu</em></strong></span> <span class='ocrx_word' id='word_1_105' title='bbox 1900 2134 1925 2194; x_wconf 82' lang='lat'><strong><em>3,</em></strong></span> <span class='ocrx_word' id='word_1_106' title='bbox 1954 2128 2051 2180; x_wconf 74' lang='lat' dir='ltr'><strong><em>albrice</em></strong></span> 
     </span>
     <span class='ocr_line' id='line_1_12' title="bbox 553 2213 1231 2280; baseline -0.001 -12"><span class='ocrx_word' id='word_1_107' title='bbox 553 2216 627 2271; x_wconf 86' lang='lat' dir='ltr'><strong><em>selu:</em></strong></span> <span class='ocrx_word' id='word_1_108' title='bbox 646 2215 754 2270; x_wconf 84' lang='lat' dir='ltr'><strong><em>litterae</em></strong></span> <span class='ocrx_word' id='word_1_109' title='bbox 774 2215 800 2268; x_wconf 91' lang='lat' dir='ltr'><strong><em>in</em></strong></span> <span class='ocrx_word' id='word_1_110' title='bbox 821 2213 852 2267; x_wconf 86' lang='lat' dir='ltr'><strong><em>l&#39;.</em></strong></span> <span class='ocrx_word' id='word_1_111' title='bbox 873 2214 957 2267; x_wconf 73' lang='lat' dir='ltr'><strong><em>ruat,</em></strong></span> <span class='ocrx_word' id='word_1_112' title='bbox 980 2215 1038 2265; x_wconf 77' lang='lat' dir='ltr'><strong><em>tts&#39;</em></strong></span> <span class='ocrx_word' id='word_1_113' title='bbox 1058 2230 1082 2265; x_wconf 95' lang='lat' dir='ltr'><strong><em>u.</em></strong></span> <span class='ocrx_word' id='word_1_114' title='bbox 1103 2219 1136 2263; x_wconf 79' lang='lat' dir='ltr'><strong><em>aa</em></strong></span> <span class='ocrx_word' id='word_1_115' title='bbox 1155 2214 1231 2280; x_wconf 81' lang='lat' dir='ltr'><strong><em>(siet)</em></strong></span> 
     </span>
    </p>
   </div>
   <div class='ocr_carea' id='block_1_6' title="bbox 550 2612 2049 3006">
    <p class='ocr_par' dir='ltr' id='par_1_6' title="bbox 551 2612 2048 2698">
     <span class='ocr_line' id='line_1_13' title="bbox 551 2612 2048 2698; baseline -0.005 -15"><span class='ocrx_word' id='word_1_116' title='bbox 551 2617 672 2685; x_wconf 80' lang='lat'><strong><em>1041.</em></strong></span> <span class='ocrx_word' id='word_1_117' title='bbox 698 2614 897 2696; x_wconf 69' lang='lat' dir='ltr'><strong><em>Pr&#39;edropias</em></strong></span> <span class='ocrx_word' id='word_1_118' title='bbox 921 2615 1059 2684; x_wconf 80' lang='lat' dir='ltr'><strong><em>‹beauas</em></strong></span> <span class='ocrx_word' id='word_1_119' title='bbox 1081 2614 1228 2681; x_wconf 81' lang='lat' dir='ltr'><strong><em>ecciesiae</em></strong></span> <span class='ocrx_word' id='word_1_120' title='bbox 1252 2614 1435 2696; x_wconf 70' lang='lat' dir='ltr'><strong><em>Ibayeasis,</em></strong></span> <span class='ocrx_word' id='word_1_121' title='bbox 1458 2612 1630 2698; x_wconf 82' lang='lat' dir='ltr'><strong><em>supplicat,</em></strong></span> <span class='ocrx_word' id='word_1_122' title='bbox 1660 2617 1696 2678; x_wconf 87' lang='lat' dir='ltr'><strong><em>ut</em></strong></span> <span class='ocrx_word' id='word_1_123' title='bbox 1724 2613 1787 2677; x_wconf 87' lang='lat' dir='ltr'><strong><em>sibi</em></strong></span> <span class='ocrx_word' id='word_1_124' title='bbox 1819 2615 1857 2679; x_wconf 80' lang='lat' dir='ltr'><strong><em>de</em></strong></span> <span class='ocrx_word' id='word_1_125' title='bbox 1880 2613 2048 2698; x_wconf 73' lang='lat' dir='ltr'><strong><em>praebeas</em></strong></span> 
     </span>
    </p>

    <p class='ocr_par' dir='ltr' id='par_1_7' title="bbox 552 2718 2049 2804">
     <span class='ocr_line' id='line_1_14' title="bbox 552 2718 2049 2804; baseline 0.001 -21"><span class='ocrx_word' id='word_1_126' title='bbox 552 2725 646 2804; x_wconf 71' lang='lat' dir='ltr'><strong><em>atam</em></strong></span> <span class='ocrx_word' id='word_1_127' title='bbox 668 2720 706 2785; x_wconf 74' lang='lat' dir='ltr'><strong><em>ae</em></strong></span> <span class='ocrx_word' id='word_1_128' title='bbox 728 2719 920 2784; x_wconf 76' lang='lat' dir='ltr'><strong><em>‹rboedimtia</em></strong></span> <span class='ocrx_word' id='word_1_129' title='bbox 943 2720 1192 2798; x_wconf 66' lang='lat' dir='ltr'><strong><em>indeminute</em></strong></span> <span class='ocrx_word' id='word_1_130' title='bbox 1214 2719 1323 2783; x_wconf 61' lang='lat' dir='ltr'><strong><em>etaemus</em></strong></span> <span class='ocrx_word' id='word_1_131' title='bbox 1346 2719 1477 2784; x_wconf 85' lang='lat' dir='ltr'><strong><em>eeclesia</em></strong></span> <span class='ocrx_word' id='word_1_132' title='bbox 1500 2718 1695 2800; x_wconf 63' lang='lat' dir='ltr'><strong><em>sarromalus,</em></strong></span> <span class='ocrx_word' id='word_1_133' title='bbox 1712 2718 1936 2803; x_wconf 67' lang='lat' dir='ltr'><strong><em>praemiantur,</em></strong></span> <span class='ocrx_word' id='word_1_134' title='bbox 1957 2722 1985 2783; x_wconf 78' lang='lat' dir='ltr'><strong><em>et</em></strong></span> <span class='ocrx_word' id='word_1_135' title='bbox 2003 2719 2049 2785; x_wconf 72' lang='lat' dir='ltr'><strong><em>Ja</em></strong></span> 
     </span>
    </p>

    <p class='ocr_par' dir='ltr' id='par_1_8' title="bbox 550 2821 2049 3006">
     <span class='ocr_line' id='line_1_15' title="bbox 550 2821 2049 2906; baseline -0.003 -17"><span class='ocrx_word' id='word_1_136' title='bbox 550 2825 672 2891; x_wconf 74' lang='lat' dir='ltr'><strong><em>bearna</em></strong></span> <span class='ocrx_word' id='word_1_137' title='bbox 698 2822 824 2887; x_wconf 79' lang='lat' dir='ltr'><strong><em>{lobiiui</em></strong></span> <span class='ocrx_word' id='word_1_138' title='bbox 846 2823 884 2886; x_wconf 86' lang='lat' dir='ltr'><strong><em>de</em></strong></span> <span class='ocrx_word' id='word_1_139' title='bbox 909 2824 1129 2905; x_wconf 77' lang='lat' dir='ltr'><strong><em>Liueurburpo,</em></strong></span> <span class='ocrx_word' id='word_1_140' title='bbox 1151 2827 1187 2886; x_wconf 92' lang='lat' dir='ltr'><strong><em>ut</em></strong></span> <span class='ocrx_word' id='word_1_141' title='bbox 1207 2823 1270 2887; x_wconf 87' lang='lat' dir='ltr'><strong><em>sibi</em></strong></span> <span class='ocrx_word' id='word_1_142' title='bbox 1292 2823 1499 2887; x_wconf 81' lang='lat' dir='ltr'><strong><em>carmirieatus</em></strong></span> <span class='ocrx_word' id='word_1_143' title='bbox 1521 2827 1552 2887; x_wconf 84' lang='lat' dir='ltr'><strong><em>et</em></strong></span> <span class='ocrx_word' id='word_1_144' title='bbox 1566 2822 1750 2906; x_wconf 67' lang='lat' dir='ltr'><strong><em>merobaude</em></strong></span> <span class='ocrx_word' id='word_1_145' title='bbox 1774 2823 1811 2888; x_wconf 86' lang='lat' dir='ltr'><strong><em>iu</em></strong></span> <span class='ocrx_word' id='word_1_146' title='bbox 1833 2821 1967 2887; x_wconf 79' lang='lat' dir='ltr'><strong><em>eeclesia</em></strong></span> <span class='ocrx_word' id='word_1_147' title='bbox 1989 2821 2049 2885; x_wconf 74' lang='lat' dir='ltr'><strong><em>ilie</em></strong></span> 
     </span>
     <span class='ocr_line' id='line_1_16' title="bbox 1031 2928 1583 3006; baseline 0 -14"><span class='ocrx_word' id='word_1_148' title='bbox 1031 2928 1172 2994; x_wconf 69' lang='lat' dir='ltr'><strong><em>uriacensi</em></strong></span> <span class='ocrx_word' id='word_1_149' title='bbox 1193 2931 1344 2993; x_wconf 72' lang='lat' dir='ltr'><strong><em>siccantes</em></strong></span> <span class='ocrx_word' id='word_1_150' title='bbox 1367 2930 1583 3006; x_wconf 76' lang='lat' dir='ltr'><strong><em>majorantur.</em></strong></span> 
     </span>
    </p>
   </div>
   <div class='ocr_carea' id='block_1_7' title="bbox 1460 3083 2012 3166">
    <p class='ocr_par' dir='ltr' id='par_1_9' title="bbox 1460 3083 2012 3166">
     <span class='ocr_line' id='line_1_17' title="bbox 1460 3083 2012 3166; baseline -0.002 -16"><span class='ocrx_word' id='word_1_151' title='bbox 1460 3085 1623 3166; x_wconf 71' lang='lat' dir='ltr'><strong><em>Aristone,</em></strong></span> <span class='ocrx_word' id='word_1_152' title='bbox 1648 3085 1733 3148; x_wconf 75' lang='lat'><em>1348</em></span> <span class='ocrx_word' id='word_1_153' title='bbox 1755 3083 1943 3150; x_wconf 77' lang='lat' dir='ltr'><strong><em>Deoeaibris</em></strong></span> <span class='ocrx_word' id='word_1_154' title='bbox 1964 3087 2012 3150; x_wconf 78' lang='lat' dir='ltr'><strong><em>2i.</em></strong></span> 
     </span>
    </p>
   </div>
   <div class='ocr_carea' id='block_1_8' title="bbox 552 3275 2055 4300">
    <p class='ocr_par' dir='ltr' id='par_1_10' title="bbox 552 3275 2055 4300">
     <span class='ocr_line' id='line_1_18' title="bbox 656 3275 2051 3362; baseline -0.004 -16"><span class='ocrx_word' id='word_1_155' title='bbox 656 3278 822 3362; x_wconf 88' lang='lat' dir='ltr'><strong><em>Supplieat</em></strong></span> <span class='ocrx_word' id='word_1_156' title='bbox 844 3278 875 3343; x_wconf 79' lang='lat' dir='ltr'><strong><em>S.</em></strong></span> <span class='ocrx_word' id='word_1_157' title='bbox 899 3279 935 3344; x_wconf 90' lang='lat' dir='ltr'><strong><em>V.</em></strong></span> <span class='ocrx_word' id='word_1_158' title='bbox 960 3278 1088 3344; x_wconf 92' lang='lat' dir='ltr'><strong><em>bumilis</em></strong></span> <span class='ocrx_word' id='word_1_159' title='bbox 1112 3283 1259 3343; x_wconf 81' lang='lat' dir='ltr'><strong><em>ereatura</em></strong></span> <span class='ocrx_word' id='word_1_160' title='bbox 1281 3283 1390 3342; x_wconf 81' lang='lat' dir='ltr'><strong><em>vestra</em></strong></span> <span class='ocrx_word' id='word_1_161' title='bbox 1413 3276 1644 3358; x_wconf 73' lang='lat' dir='ltr'><strong><em>Praecluogius</em></strong></span> <span class='ocrx_word' id='word_1_162' title='bbox 1661 3276 1802 3341; x_wconf 79' lang='lat' dir='ltr'><strong><em>‹lecanus</em></strong></span> <span class='ocrx_word' id='word_1_163' title='bbox 1825 3275 1963 3341; x_wconf 82' lang='lat' dir='ltr'><strong><em>ecclesie</em></strong></span> <span class='ocrx_word' id='word_1_164' title='bbox 1984 3276 2051 3341; x_wconf 85' lang='lat' dir='ltr'><strong><em>Pm-</em></strong></span> 
     </span>
     <span class='ocr_line' id='line_1_19' title="bbox 552 3379 2052 3465; baseline -0.003 -18"><span class='ocrx_word' id='word_1_165' title='bbox 552 3383 670 3464; x_wconf 72' lang='lat' dir='ltr'><strong><em>geusis</em></strong></span> <span class='ocrx_word' id='word_1_166' title='bbox 694 3388 851 3465; x_wconf 87' lang='lat' dir='ltr'><strong><em>quatenus</em></strong></span> <span class='ocrx_word' id='word_1_167' title='bbox 875 3383 934 3447; x_wconf 89' lang='lat' dir='ltr'><strong><em>sibi</em></strong></span> <span class='ocrx_word' id='word_1_168' title='bbox 960 3381 1131 3464; x_wconf 79' lang='lat' dir='ltr'><strong><em>specialem</em></strong></span> <span class='ocrx_word' id='word_1_169' title='bbox 1154 3382 1292 3463; x_wconf 78' lang='lat' dir='ltr'><strong><em>graciam</em></strong></span> <span class='ocrx_word' id='word_1_170' title='bbox 1315 3382 1478 3459; x_wconf 72' lang='lat' dir='ltr'><strong><em>iacientes</em></strong></span> <span class='ocrx_word' id='word_1_171' title='bbox 1502 3382 1541 3445; x_wconf 90' lang='lat' dir='ltr'><strong><em>de</em></strong></span> <span class='ocrx_word' id='word_1_172' title='bbox 1564 3380 1724 3463; x_wconf 89' lang='lat' dir='ltr'><strong><em>prebenda</em></strong></span> <span class='ocrx_word' id='word_1_173' title='bbox 1748 3380 1894 3445; x_wconf 88' lang='lat' dir='ltr'><strong><em>eiusdem</em></strong></span> <span class='ocrx_word' id='word_1_174' title='bbox 1918 3379 2052 3455; x_wconf 78' lang='lat' dir='ltr'><strong><em>ecclesie,</em></strong></span> 
     </span>
     <span class='ocr_line' id='line_1_20' title="bbox 552 3482 2052 3570; baseline -0.003 -18"><span class='ocrx_word' id='word_1_175' title='bbox 552 3493 687 3554; x_wconf 80' lang='lat' dir='ltr'><strong><em>vacarite</em></strong></span> <span class='ocrx_word' id='word_1_176' title='bbox 709 3507 767 3570; x_wconf 83' lang='lat' dir='ltr'><strong><em>per</em></strong></span> <span class='ocrx_word' id='word_1_177' title='bbox 789 3487 909 3553; x_wconf 90' lang='lat' dir='ltr'><strong><em>obitum</em></strong></span> <span class='ocrx_word' id='word_1_178' title='bbox 933 3487 1091 3569; x_wconf 86' lang='lat' dir='ltr'><strong><em>quondam</em></strong></span> <span class='ocrx_word' id='word_1_179' title='bbox 1121 3486 1255 3552; x_wconf 72' lang='lat' dir='ltr'><strong><em>iterandi</em></strong></span> <span class='ocrx_word' id='word_1_180' title='bbox 1287 3486 1326 3551; x_wconf 84' lang='lat' dir='ltr'><strong><em>‹le</em></strong></span> <span class='ocrx_word' id='word_1_181' title='bbox 1360 3486 1523 3569; x_wconf 78' lang='lat' dir='ltr'><strong><em>Magnam,</em></strong></span> <span class='ocrx_word' id='word_1_182' title='bbox 1559 3486 1653 3553; x_wconf 86' lang='lat' dir='ltr'><strong><em>electi</em></strong></span> <span class='ocrx_word' id='word_1_183' title='bbox 1683 3484 1872 3565; x_wconf 80' lang='lat' dir='ltr'><strong><em>Tridentini,</em></strong></span> <span class='ocrx_word' id='word_1_184' title='bbox 1909 3482 2052 3568; x_wconf 87' lang='lat' dir='ltr'><strong><em>capellani</em></strong></span> 
     </span>
     <span class='ocr_line' id='line_1_21' title="bbox 552 3590 2051 3674; baseline -0.003 -16"><span class='ocrx_word' id='word_1_185' title='bbox 552 3593 662 3672; x_wconf 83' lang='lat' dir='ltr'><strong><em>vestri,</em></strong></span> <span class='ocrx_word' id='word_1_186' title='bbox 684 3610 806 3657; x_wconf 89' lang='lat' dir='ltr'><strong><em>necnon</em></strong></span> <span class='ocrx_word' id='word_1_187' title='bbox 830 3590 869 3656; x_wconf 93' lang='lat' dir='ltr'><strong><em>de</em></strong></span> <span class='ocrx_word' id='word_1_188' title='bbox 892 3592 1077 3656; x_wconf 84' lang='lat' dir='ltr'><strong><em>obediencia</em></strong></span> <span class='ocrx_word' id='word_1_189' title='bbox 1107 3592 1174 3655; x_wconf 80' lang='lat' dir='ltr'><strong><em>sive</em></strong></span> <span class='ocrx_word' id='word_1_190' title='bbox 1198 3592 1403 3671; x_wconf 86' lang='lat' dir='ltr'><strong><em>prestimenio</em></strong></span> <span class='ocrx_word' id='word_1_191' title='bbox 1427 3591 1459 3656; x_wconf 91' lang='lat' dir='ltr'><strong><em>in</em></strong></span> <span class='ocrx_word' id='word_1_192' title='bbox 1483 3591 1644 3674; x_wconf 75' lang='lat' dir='ltr'><strong><em>Genitos,</em></strong></span> <span class='ocrx_word' id='word_1_193' title='bbox 1667 3592 1698 3655; x_wconf 93' lang='lat' dir='ltr'><strong><em>iu</em></strong></span> <span class='ocrx_word' id='word_1_194' title='bbox 1722 3591 1836 3656; x_wconf 87' lang='lat' dir='ltr'><strong><em>eadem</em></strong></span> <span class='ocrx_word' id='word_1_195' title='bbox 1860 3591 2051 3656; x_wconf 78' lang='lat' dir='ltr'><strong><em>ecclesiaru-</em></strong></span> 
     </span>
     <span class='ocr_line' id='line_1_22' title="bbox 553 3694 2055 3778; baseline -0.003 -17"><span class='ocrx_word' id='word_1_196' title='bbox 553 3701 646 3762; x_wconf 86' lang='lat' dir='ltr'><strong><em>cnute</em></strong></span> <span class='ocrx_word' id='word_1_197' title='bbox 668 3714 726 3778; x_wconf 92' lang='lat' dir='ltr'><strong><em>per</em></strong></span> <span class='ocrx_word' id='word_1_198' title='bbox 746 3696 869 3761; x_wconf 89' lang='lat' dir='ltr'><strong><em>obitum</em></strong></span> <span class='ocrx_word' id='word_1_199' title='bbox 891 3695 1048 3777; x_wconf 84' lang='lat' dir='ltr'><strong><em>quondam</em></strong></span> <span class='ocrx_word' id='word_1_200' title='bbox 1073 3694 1204 3760; x_wconf 88' lang='lat' dir='ltr'><strong><em>Heurioi</em></strong></span> <span class='ocrx_word' id='word_1_201' title='bbox 1237 3695 1343 3774; x_wconf 85' lang='lat' dir='ltr'><strong><em>Bonis,</em></strong></span> <span class='ocrx_word' id='word_1_202' title='bbox 1377 3696 1477 3777; x_wconf 92' lang='lat' dir='ltr'><strong><em>ipsius</em></strong></span> <span class='ocrx_word' id='word_1_203' title='bbox 1510 3695 1646 3760; x_wconf 88' lang='lat' dir='ltr'><strong><em>ecclesie</em></strong></span> <span class='ocrx_word' id='word_1_204' title='bbox 1677 3694 1830 3773; x_wconf 84' lang='lat' dir='ltr'><strong><em>canonici,</em></strong></span> <span class='ocrx_word' id='word_1_205' title='bbox 1861 3694 2055 3778; x_wconf 80' lang='lat' dir='ltr'><strong><em>inpartibus</em></strong></span> 
     </span>
     <span class='ocr_line' id='line_1_23' title="bbox 555 3798 2053 3881; baseline -0.003 -16"><span class='ocrx_word' id='word_1_206' title='bbox 555 3800 618 3865; x_wconf 90' lang='lat' dir='ltr'><strong><em>illis</em></strong></span> <span class='ocrx_word' id='word_1_207' title='bbox 642 3800 791 3878; x_wconf 80' lang='lat' dir='ltr'><strong><em>damuati,</em></strong></span> <span class='ocrx_word' id='word_1_208' title='bbox 816 3799 919 3864; x_wconf 91' lang='lat' dir='ltr'><strong><em>eidem</em></strong></span> <span class='ocrx_word' id='word_1_209' title='bbox 943 3798 1114 3881; x_wconf 83' lang='lat' dir='ltr'><strong><em>dignemini</em></strong></span> <span class='ocrx_word' id='word_1_210' title='bbox 1138 3799 1316 3880; x_wconf 77' lang='lat' dir='ltr'><strong><em>previdere,</em></strong></span> <span class='ocrx_word' id='word_1_211' title='bbox 1333 3819 1395 3865; x_wconf 91' lang='lat' dir='ltr'><strong><em>nou</em></strong></span> <span class='ocrx_word' id='word_1_212' title='bbox 1418 3801 1575 3880; x_wconf 83' lang='lat' dir='ltr'><strong><em>obstante,</em></strong></span> <span class='ocrx_word' id='word_1_213' title='bbox 1593 3799 1675 3881; x_wconf 89' lang='lat' dir='ltr'><strong><em>quod</em></strong></span> <span class='ocrx_word' id='word_1_214' title='bbox 1692 3800 1724 3864; x_wconf 92' lang='lat' dir='ltr'><strong><em>in</em></strong></span> <span class='ocrx_word' id='word_1_215' title='bbox 1741 3798 1854 3864; x_wconf 87' lang='lat' dir='ltr'><strong><em>eadem</em></strong></span> <span class='ocrx_word' id='word_1_216' title='bbox 1876 3799 2053 3865; x_wconf 79' lang='lat' dir='ltr'><strong><em>demnatum</em></strong></span> 
     </span>
     <span class='ocr_line' id='line_1_24' title="bbox 554 3901 2054 3986; baseline -0.002 -18"><span class='ocrx_word' id='word_1_217' title='bbox 554 3923 591 3969; x_wconf 89' lang='lat' dir='ltr'><strong><em>ac</em></strong></span> <span class='ocrx_word' id='word_1_218' title='bbox 614 3904 835 3970; x_wconf 84' lang='lat' dir='ltr'><strong><em>canonicatum</em></strong></span> <span class='ocrx_word' id='word_1_219' title='bbox 858 3904 916 3968; x_wconf 87' lang='lat' dir='ltr'><strong><em>sub</em></strong></span> <span class='ocrx_word' id='word_1_220' title='bbox 940 3904 1166 3986; x_wconf 83' lang='lat' dir='ltr'><strong><em>expectaoione</em></strong></span> <span class='ocrx_word' id='word_1_221' title='bbox 1188 3904 1351 3986; x_wconf 89' lang='lat' dir='ltr'><strong><em>prebende</em></strong></span> <span class='ocrx_word' id='word_1_222' title='bbox 1376 3923 1413 3967; x_wconf 86' lang='lat' dir='ltr'><strong><em>ae</em></strong></span> <span class='ocrx_word' id='word_1_223' title='bbox 1436 3904 1467 3967; x_wconf 93' lang='lat' dir='ltr'><strong><em>iu</em></strong></span> <span class='ocrx_word' id='word_1_224' title='bbox 1484 3903 1741 3969; x_wconf 85' lang='lat' dir='ltr'><strong><em>Wmtislauieusi</em></strong></span> <span class='ocrx_word' id='word_1_225' title='bbox 1765 3903 1917 3969; x_wconf 89' lang='lat' dir='ltr'><strong><em>eeclesiis</em></strong></span> <span class='ocrx_word' id='word_1_226' title='bbox 1940 3901 2054 3969; x_wconf 84' lang='lat' dir='ltr'><strong><em>eanoni-</em></strong></span> 
     </span>
     <span class='ocr_line' id='line_1_25' title="bbox 555 4007 2053 4091; baseline -0.003 -19"><span class='ocrx_word' id='word_1_227' title='bbox 555 4014 660 4073; x_wconf 89' lang='lat' dir='ltr'><strong><em>catmn</em></strong></span> <span class='ocrx_word' id='word_1_228' title='bbox 684 4015 717 4073; x_wconf 93' lang='lat' dir='ltr'><strong><em>et</em></strong></span> <span class='ocrx_word' id='word_1_229' title='bbox 740 4008 932 4090; x_wconf 88' lang='lat' dir='ltr'><strong><em>prebendam</em></strong></span> <span class='ocrx_word' id='word_1_230' title='bbox 964 4013 997 4072; x_wconf 85' lang='lat' dir='ltr'><strong><em>et</em></strong></span> <span class='ocrx_word' id='word_1_231' title='bbox 1028 4007 1059 4071; x_wconf 91' lang='lat' dir='ltr'><strong><em>in</em></strong></span> <span class='ocrx_word' id='word_1_232' title='bbox 1082 4008 1194 4073; x_wconf 88' lang='lat' dir='ltr'><strong><em>eadem</em></strong></span> <span class='ocrx_word' id='word_1_233' title='bbox 1224 4009 1378 4091; x_wconf 83' lang='lat' dir='ltr'><strong><em>Pragensi</em></strong></span> <span class='ocrx_word' id='word_1_234' title='bbox 1409 4008 1545 4073; x_wconf 88' lang='lat' dir='ltr'><strong><em>eeclesia</em></strong></span> <span class='ocrx_word' id='word_1_235' title='bbox 1575 4008 1792 4073; x_wconf 80' lang='lat' dir='ltr'><strong><em>obedienciam</em></strong></span> <span class='ocrx_word' id='word_1_236' title='bbox 1824 4010 1856 4073; x_wconf 91' lang='lat' dir='ltr'><strong><em>in</em></strong></span> <span class='ocrx_word' id='word_1_237' title='bbox 1885 4008 2053 4082; x_wconf 80' lang='lat' dir='ltr'><strong><em>Przibisor‚</em></strong></span> 
     </span>
     <span class='ocr_line' id='line_1_26' title="bbox 555 4112 2053 4196; baseline -0.003 -19"><span class='ocrx_word' id='word_1_238' title='bbox 555 4132 648 4196; x_wconf 88' lang='lat' dir='ltr'><strong><em>quam</em></strong></span> <span class='ocrx_word' id='word_1_239' title='bbox 672 4118 744 4196; x_wconf 89' lang='lat' dir='ltr'><strong><em>post</em></strong></span> <span class='ocrx_word' id='word_1_240' title='bbox 759 4114 994 4178; x_wconf 71' lang='lat' dir='ltr'><strong><em>assecutionem</em></strong></span> <span class='ocrx_word' id='word_1_241' title='bbox 1010 4113 1155 4194; x_wconf 89' lang='lat' dir='ltr'><strong><em>predicte</em></strong></span> <span class='ocrx_word' id='word_1_242' title='bbox 1171 4112 1303 4179; x_wconf 89' lang='lat' dir='ltr'><strong><em>alterius</em></strong></span> <span class='ocrx_word' id='word_1_243' title='bbox 1319 4113 1503 4178; x_wconf 82' lang='lat' dir='ltr'><strong><em>obediencie</em></strong></span> <span class='ocrx_word' id='word_1_244' title='bbox 1520 4113 1680 4178; x_wconf 83' lang='lat' dir='ltr'><strong><em>diurittere</em></strong></span> <span class='ocrx_word' id='word_1_245' title='bbox 1696 4118 1746 4176; x_wconf 90' lang='lat' dir='ltr'><strong><em>est</em></strong></span> <span class='ocrx_word' id='word_1_246' title='bbox 1761 4119 1906 4194; x_wconf 87' lang='lat' dir='ltr'><strong><em>paratus,</em></strong></span> <span class='ocrx_word' id='word_1_247' title='bbox 1923 4113 2053 4177; x_wconf 85' lang='lat' dir='ltr'><strong><em>noscitur</em></strong></span> 
     </span>
     <span class='ocr_line' id='line_1_27' title="bbox 554 4217 1942 4300; baseline 0.002 -21"><span class='ocrx_word' id='word_1_248' title='bbox 554 4218 710 4297; x_wconf 77' lang='lat' dir='ltr'><strong><em>ultiuere,</em></strong></span> <span class='ocrx_word' id='word_1_249' title='bbox 734 4236 803 4283; x_wconf 91' lang='lat' dir='ltr'><strong><em>eum</em></strong></span> <span class='ocrx_word' id='word_1_250' title='bbox 827 4217 899 4284; x_wconf 88' lang='lat' dir='ltr'><strong><em>aliis</em></strong></span> <span class='ocrx_word' id='word_1_251' title='bbox 922 4236 983 4281; x_wconf 92' lang='lat' dir='ltr'><strong><em>nou</em></strong></span> <span class='ocrx_word' id='word_1_252' title='bbox 1006 4218 1207 4282; x_wconf 79' lang='lat' dir='ltr'><strong><em>obstantibus</em></strong></span> <span class='ocrx_word' id='word_1_253' title='bbox 1230 4223 1262 4282; x_wconf 90' lang='lat' dir='ltr'><strong><em>et</em></strong></span> <span class='ocrx_word' id='word_1_254' title='bbox 1286 4218 1439 4283; x_wconf 83' lang='lat' dir='ltr'><strong><em>clausulis</em></strong></span> <span class='ocrx_word' id='word_1_255' title='bbox 1462 4217 1627 4300; x_wconf 82' lang='lat' dir='ltr'><strong><em>oportunis</em></strong></span> <span class='ocrx_word' id='word_1_256' title='bbox 1650 4223 1684 4282; x_wconf 90' lang='lat' dir='ltr'><strong><em>et</em></strong></span> <span class='ocrx_word' id='word_1_257' title='bbox 1706 4219 1942 4284; x_wconf 79' lang='lat' dir='ltr'><strong><em>executoribus.</em></strong></span> 
     </span>
    </p>
   </div>
   <div class='ocr_carea' id='block_1_9' title="bbox 659 4357 789 4422">
    <p class='ocr_par' dir='ltr' id='par_1_11' title="bbox 659 4357 789 4422">
     <span class='ocr_line' id='line_1_28' title="bbox 659 4357 789 4422; baseline 0 -1"><span class='ocrx_word' id='word_1_258' title='bbox 659 4357 684 4421; x_wconf 91' lang='lat' dir='ltr'>F</span> <span class='ocrx_word' id='word_1_259' title='bbox 687 4358 731 4422; x_wconf 87' lang='lat' dir='ltr'><strong><em>iat</em></strong></span> <span class='ocrx_word' id='word_1_260' title='bbox 752 4357 789 4421; x_wconf 91' lang='lat' dir='ltr'><strong><em>R.</em></strong></span> 
     </span>
    </p>
   </div>
   <div class='ocr_carea' id='block_1_10' title="bbox 555 4494 2051 4996">
    <p class='ocr_par' dir='ltr' id='par_1_12' title="bbox 555 4494 2051 4996">
     <span class='ocr_line' id='line_1_29' title="bbox 658 4494 2048 4579; baseline -0.003 -18"><span class='ocrx_word' id='word_1_261' title='bbox 658 4497 739 4561; x_wconf 88' lang='lat' dir='ltr'><strong><em>Item</em></strong></span> <span class='ocrx_word' id='word_1_262' title='bbox 764 4494 923 4578; x_wconf 86' lang='lat' dir='ltr'><strong><em>supplicat</em></strong></span> <span class='ocrx_word' id='word_1_263' title='bbox 944 4494 1108 4559; x_wconf 82' lang='lat' dir='ltr'><strong><em>iohannes</em></strong></span> <span class='ocrx_word' id='word_1_264' title='bbox 1131 4494 1260 4561; x_wconf 88' lang='lat' dir='ltr'><strong><em>Gobliui</em></strong></span> <span class='ocrx_word' id='word_1_265' title='bbox 1292 4495 1332 4558; x_wconf 90' lang='lat' dir='ltr'><strong><em>de</em></strong></span> <span class='ocrx_word' id='word_1_266' title='bbox 1354 4495 1583 4578; x_wconf 72' lang='lat' dir='ltr'><strong><em>Lucemburga</em></strong></span> <span class='ocrx_word' id='word_1_267' title='bbox 1614 4501 1771 4578; x_wconf 86' lang='lat' dir='ltr'><strong><em>quatenus</em></strong></span> <span class='ocrx_word' id='word_1_268' title='bbox 1803 4496 1865 4560; x_wconf 88' lang='lat' dir='ltr'><strong><em>sibi</em></strong></span> <span class='ocrx_word' id='word_1_269' title='bbox 1891 4495 2048 4579; x_wconf 82' lang='lat' dir='ltr'><strong><em>specialem</em></strong></span> 
     </span>
     <span class='ocr_line' id='line_1_30' title="bbox 555 4599 2050 4682; baseline -0.003 -17"><span class='ocrx_word' id='word_1_270' title='bbox 555 4601 693 4682; x_wconf 74' lang='lat' dir='ltr'><strong><em>graciam</em></strong></span> <span class='ocrx_word' id='word_1_271' title='bbox 716 4600 881 4677; x_wconf 74' lang='lat' dir='ltr'><strong><em>iacientes</em></strong></span> <span class='ocrx_word' id='word_1_272' title='bbox 905 4599 946 4663; x_wconf 87' lang='lat' dir='ltr'><strong><em>de</em></strong></span> <span class='ocrx_word' id='word_1_273' title='bbox 969 4599 1155 4663; x_wconf 85' lang='lat' dir='ltr'><strong><em>canonicatu</em></strong></span> <span class='ocrx_word' id='word_1_274' title='bbox 1180 4606 1212 4665; x_wconf 86' lang='lat' dir='ltr'><strong><em>et</em></strong></span> <span class='ocrx_word' id='word_1_275' title='bbox 1235 4599 1396 4681; x_wconf 87' lang='lat' dir='ltr'><strong><em>prebenda</em></strong></span> <span class='ocrx_word' id='word_1_276' title='bbox 1420 4601 1554 4665; x_wconf 83' lang='lat' dir='ltr'><strong><em>ecclesie</em></strong></span> <span class='ocrx_word' id='word_1_277' title='bbox 1585 4600 1817 4679; x_wconf 83' lang='lat' dir='ltr'><strong><em>Olonmceusis,</em></strong></span> <span class='ocrx_word' id='word_1_278' title='bbox 1852 4607 1984 4666; x_wconf 78' lang='lat' dir='ltr'><strong><em>vacante</em></strong></span> <span class='ocrx_word' id='word_1_279' title='bbox 2003 4617 2050 4681; x_wconf 86' lang='lat' dir='ltr'><strong><em>per</em></strong></span> 
     </span>
     <span class='ocr_line' id='line_1_31' title="bbox 556 4703 2051 4788; baseline -0.001 -22"><span class='ocrx_word' id='word_1_280' title='bbox 556 4706 675 4769; x_wconf 91' lang='lat' dir='ltr'><strong><em>obitum</em></strong></span> <span class='ocrx_word' id='word_1_281' title='bbox 700 4704 859 4787; x_wconf 83' lang='lat' dir='ltr'><strong><em>qnondam</em></strong></span> <span class='ocrx_word' id='word_1_282' title='bbox 881 4703 1013 4769; x_wconf 84' lang='lat' dir='ltr'><strong><em>Heurici</em></strong></span> <span class='ocrx_word' id='word_1_283' title='bbox 1036 4703 1174 4786; x_wconf 78' lang='lat' dir='ltr'><strong><em>Ruuis,¹])</em></strong></span> <span class='ocrx_word' id='word_1_284' title='bbox 1198 4705 1300 4785; x_wconf 90' lang='lat' dir='ltr'><strong><em>ipsius</em></strong></span> <span class='ocrx_word' id='word_1_285' title='bbox 1323 4704 1458 4768; x_wconf 80' lang='lat' dir='ltr'><strong><em>ecclesie</em></strong></span> <span class='ocrx_word' id='word_1_286' title='bbox 1482 4706 1635 4783; x_wconf 78' lang='lat' dir='ltr'><strong><em>canonici,</em></strong></span> <span class='ocrx_word' id='word_1_287' title='bbox 1654 4706 1757 4769; x_wconf 90' lang='lat' dir='ltr'><strong><em>eidem</em></strong></span> <span class='ocrx_word' id='word_1_288' title='bbox 1772 4704 1948 4786; x_wconf 84' lang='lat' dir='ltr'><strong><em>dignemini</em></strong></span> <span class='ocrx_word' id='word_1_289' title='bbox 1962 4703 2051 4788; x_wconf 84' lang='lat' dir='ltr'><strong><em>prou·</em></strong></span> 
     </span>
     <span class='ocr_line' id='line_1_32' title="bbox 555 4805 2050 4890; baseline 0 -20"><span class='ocrx_word' id='word_1_290' title='bbox 555 4808 641 4887; x_wconf 87' lang='lat' dir='ltr'><strong><em>dere,</em></strong></span> <span class='ocrx_word' id='word_1_291' title='bbox 665 4826 727 4872; x_wconf 77' lang='lat' dir='ltr'><strong><em>riou</em></strong></span> <span class='ocrx_word' id='word_1_292' title='bbox 749 4810 908 4886; x_wconf 82' lang='lat' dir='ltr'><strong><em>obstante,</em></strong></span> <span class='ocrx_word' id='word_1_293' title='bbox 931 4807 1015 4890; x_wconf 79' lang='lat' dir='ltr'><strong><em>qited</em></strong></span> <span class='ocrx_word' id='word_1_294' title='bbox 1039 4826 1095 4890; x_wconf 91' lang='lat' dir='ltr'><strong><em>pro</em></strong></span> <span class='ocrx_word' id='word_1_295' title='bbox 1120 4809 1309 4873; x_wconf 81' lang='lat' dir='ltr'><strong><em>eauorricatu</em></strong></span> <span class='ocrx_word' id='word_1_296' title='bbox 1341 4814 1374 4873; x_wconf 92' lang='lat' dir='ltr'><strong><em>et</em></strong></span> <span class='ocrx_word' id='word_1_297' title='bbox 1405 4809 1565 4889; x_wconf 87' lang='lat' dir='ltr'><strong><em>prebenda</em></strong></span> <span class='ocrx_word' id='word_1_298' title='bbox 1588 4810 1691 4875; x_wconf 87' lang='lat' dir='ltr'><strong><em>sancti</em></strong></span> <span class='ocrx_word' id='word_1_299' title='bbox 1716 4808 1861 4874; x_wconf 84' lang='lat' dir='ltr'><strong><em>Castoris</em></strong></span> <span class='ocrx_word' id='word_1_300' title='bbox 1885 4811 1917 4874; x_wconf 92' lang='lat' dir='ltr'><strong><em>in</em></strong></span> <span class='ocrx_word' id='word_1_301' title='bbox 1940 4805 2050 4874; x_wconf 83' lang='lat' dir='ltr'><strong><em>Condu-</em></strong></span> 
     </span>
     <span class='ocr_line' id='line_1_33' title="bbox 557 4906 1711 4996; baseline 0.001 -19"><span class='ocrx_word' id='word_1_302' title='bbox 557 4906 657 4992; x_wconf 81' lang='lat' dir='ltr'><strong><em>curia,</em></strong></span> <span class='ocrx_word' id='word_1_303' title='bbox 680 4913 888 4977; x_wconf 85' lang='lat' dir='ltr'><strong><em>Treuerensis</em></strong></span> <span class='ocrx_word' id='word_1_304' title='bbox 912 4912 1058 4990; x_wconf 87' lang='lat' dir='ltr'><strong><em>diocesis,</em></strong></span> <span class='ocrx_word' id='word_1_305' title='bbox 1083 4912 1114 4975; x_wconf 93' lang='lat' dir='ltr'><strong><em>iu</em></strong></span> <span class='ocrx_word' id='word_1_306' title='bbox 1138 4912 1276 4977; x_wconf 79' lang='lat' dir='ltr'><strong><em>aonam</em></strong></span> <span class='ocrx_word' id='word_1_307' title='bbox 1301 4913 1389 4977; x_wconf 89' lang='lat' dir='ltr'><strong><em>curia</em></strong></span> <span class='ocrx_word' id='word_1_308' title='bbox 1412 4913 1553 4978; x_wconf 87' lang='lat' dir='ltr'><strong><em>uescitur</em></strong></span> <span class='ocrx_word' id='word_1_309' title='bbox 1575 4913 1711 4996; x_wconf 81' lang='lat' dir='ltr'><strong><em>litigare.</em></strong></span> 
     </span>
    </p>
   </div>
   <div class='ocr_carea' id='block_1_11' title="bbox 632 5031 2045 5136">
    <p class='ocr_par' dir='ltr' id='par_1_13' title="bbox 632 5031 2045 5136">
     <span class='ocr_line' id='line_1_34' title="bbox 632 5031 2045 5136; baseline 0 -21"><span class='ocrx_word' id='word_1_310' title='bbox 632 5121 634 5132; x_wconf 68' lang='grc'>,</span> <span class='ocrx_word' id='word_1_311' title='bbox 660 5050 791 5120; x_wconf 73' lang='lat' dir='ltr'><strong><em>stau.</em></strong></span> <span class='ocrx_word' id='word_1_312' title='bbox 816 5052 860 5116; x_wconf 84' lang='lat' dir='ltr'><strong><em>su</em></strong></span> <span class='ocrx_word' id='word_1_313' title='bbox 881 5070 911 5132; x_wconf 83' lang='lat' dir='ltr'><strong><em>q.</em></strong></span> <span class='ocrx_word' id='word_1_314' title='bbox 936 5058 958 5117; x_wconf 83' lang='lat' dir='ltr'><strong><em>t.</em></strong></span> <span class='ocrx_word' id='word_1_315' title='bbox 982 5072 1007 5118; x_wconf 74' lang='lat' dir='ltr'><strong><em>s.</em></strong></span> <span class='ocrx_word' id='word_1_316' title='bbox 1031 5072 1058 5117; x_wconf 77' lang='lat' dir='ltr'><strong><em>a.</em></strong></span> <span class='ocrx_word' id='word_1_317' title='bbox 1084 5052 1103 5116; x_wconf 84' lang='lat' dir='ltr'><strong><em>t.</em></strong></span> <span class='ocrx_word' id='word_1_318' title='bbox 1129 5052 1200 5116; x_wconf 81' lang='lat' dir='ltr'><strong><em>sm.</em></strong></span> <span class='ocrx_word' id='word_1_319' title='bbox 1224 5052 1260 5117; x_wconf 89' lang='lat' dir='ltr'><strong><em>u.</em></strong></span> <span class='ocrx_word' id='word_1_320' title='bbox 1287 5054 1324 5117; x_wconf 89' lang='lat' dir='ltr'><strong><em>u.</em></strong></span> <span class='ocrx_word' id='word_1_321' title='bbox 1349 5053 1506 5118; x_wconf 72' lang='lat' dir='ltr'><strong><em>uenale</em></strong></span> <span class='ocrx_word' id='word_1_322' title='bbox 1530 5053 1591 5118; x_wconf 83' lang='lat' dir='ltr'><strong><em>xu</em></strong></span> <span class='ocrx_word' id='word_1_323' title='bbox 1616 5051 1678 5117; x_wconf 75' lang='lat' dir='ltr'><strong><em>kat.</em></strong></span> <span class='ocrx_word' id='word_1_324' title='bbox 1702 5031 1849 5117; x_wconf 76' lang='lat' dir='ltr'><strong><em>aluam</em></strong></span> <span class='ocrx_word' id='word_1_325' title='bbox 1872 5073 1902 5118; x_wconf 75' lang='lat' dir='ltr'><strong><em>a.</em></strong></span> <span class='ocrx_word' id='word_1_326' title='bbox 1918 5053 2045 5136; x_wconf 81' lang='lat' dir='ltr'><strong><em>septim.</em></strong></span> 
     </span>
    </p>
   </div>
   <div class='ocr_carea' id='block_1_12' title="bbox 555 5239 2045 5398">
    <p class='ocr_par' dir='ltr' id='par_1_14' title="bbox 555 5239 2045 5398">
     <span class='ocr_line' id='line_1_35' title="bbox 594 5239 2045 5311; baseline -0.001 -18"><span class='ocrx_word' id='word_1_327' title='bbox 594 5250 597 5256; x_wconf 86' lang='lat'>&#39;</span> <span class='ocrx_word' id='word_1_328' title='bbox 662 5239 812 5295; x_wconf 86' lang='lat' dir='ltr'><strong><em>Clementis</em></strong></span> <span class='ocrx_word' id='word_1_329' title='bbox 831 5241 869 5294; x_wconf 83' lang='lat' dir='ltr'><strong><em>l&#39;I</em></strong></span> <span class='ocrx_word' id='word_1_330' title='bbox 887 5239 914 5294; x_wconf 79' lang='lat' dir='ltr'><strong><em>S.</em></strong></span> <span class='ocrx_word' id='word_1_331' title='bbox 933 5240 1012 5308; x_wconf 64' lang='lat' dir='ltr'><strong><em>vles</em></strong></span> <span class='ocrx_word' id='word_1_332' title='bbox 1031 5243 1086 5305; x_wconf 83' lang='lat' dir='ltr'><strong><em>(m)</em></strong></span> <span class='ocrx_word' id='word_1_333' title='bbox 1106 5241 1123 5294; x_wconf 84' lang='lat' dir='ltr'><strong><em>i.</em></strong></span> <span class='ocrx_word' id='word_1_334' title='bbox 1143 5245 1185 5293; x_wconf 72' lang='lat'><strong><em>83.</em></strong></span> <span class='ocrx_word' id='word_1_335' title='bbox 1204 5272 1235 5280; x_wconf 92' lang='lat'>-</span> <span class='ocrx_word' id='word_1_336' title='bbox 1258 5242 1277 5308; x_wconf 87' lang='lat'><strong><em>¹)</em></strong></span> <span class='ocrx_word' id='word_1_337' title='bbox 1297 5240 1337 5294; x_wconf 86' lang='lat' dir='ltr'><strong><em>sie</em></strong></span> <span class='ocrx_word' id='word_1_338' title='bbox 1355 5240 1396 5309; x_wconf 83' lang='lat' dir='ltr'><strong><em>S.;</em></strong></span> <span class='ocrx_word' id='word_1_339' title='bbox 1416 5241 1595 5311; x_wconf 86' lang='lat' dir='ltr'><strong><em>probabiliter</em></strong></span> <span class='ocrx_word' id='word_1_340' title='bbox 1613 5241 1661 5295; x_wconf 91' lang='lat' dir='ltr'><strong><em>ille</em></strong></span> <span class='ocrx_word' id='word_1_341' title='bbox 1678 5241 1825 5309; x_wconf 74' lang='lat' dir='ltr'><strong><em>,Heni-icus</em></strong></span> <span class='ocrx_word' id='word_1_342' title='bbox 1844 5242 1944 5299; x_wconf 82' lang='lat' dir='ltr'><strong><em>Bauis‘.</em></strong></span> <span class='ocrx_word' id='word_1_343' title='bbox 1956 5241 1988 5294; x_wconf 80' lang='lat' dir='ltr'><strong><em>de</em></strong></span> <span class='ocrx_word' id='word_1_344' title='bbox 2002 5253 2045 5308; x_wconf 82' lang='lat' dir='ltr'><strong><em>quo</em></strong></span> 
     </span>
     <span class='ocr_line' id='line_1_36' title="bbox 555 5325 1805 5398; baseline -0.015 -16"><span class='ocrx_word' id='word_1_345' title='bbox 555 5329 683 5398; x_wconf 86' lang='lat' dir='ltr'><strong><em>superius</em></strong></span> <span class='ocrx_word' id='word_1_346' title='bbox 703 5329 733 5381; x_wconf 89' lang='lat' dir='ltr'><strong><em>tit</em></strong></span> <span class='ocrx_word' id='word_1_347' title='bbox 752 5328 860 5381; x_wconf 83' lang='lat' dir='ltr'><strong><em>mentio.</em></strong></span> <span class='ocrx_word' id='word_1_348' title='bbox 1801 5325 1805 5333; x_wconf 71' lang='lat'>¹</span> 
     </span>
    </p>
   </div>
   <div class='ocr_carea' id='block_1_13' title="bbox 0 0 2613 7044">
    <p class='ocr_par' dir='ltr' id='par_1_15' title="bbox 0 0 2613 7044">
     <span class='ocr_line' id='line_1_37' title="bbox 0 0 2613 7044; baseline 0 0"><span class='ocrx_word' id='word_1_349' title='bbox 0 0 2613 7044; x_wconf 95' lang='lat' dir='ltr'><strong><em> </em></strong></span> 
     </span>
    </p>
   </div>
  </div>
 </body>
</html>
