5184 7050
557 848 620 914 230

555 1056 633 1131 dies,
649 1053 713 1117 illis
729 1071 813 1129 vero,
830 1052 884 1131 qui
900 1050 1070 1114 in'octabis
1086 1054 1119 1113 et
1133 1069 1191 1132 per
1207 1049 1338 1113 octabas
1360 1046 1544 1112 festivitatis
1568 1045 1701 1128 ipsius0)
1724 1044 1881 1127 prefatam
1905 1039 2062 1126 capellam

554 1160 668 1223 devote
690 1156 897 1233 visitaverint,
921 1155 1082 1219 annuatim
1112 1160 1239 1218 centum
1269 1153 1338 1217 dies
1369 1153 1408 1216 de
1439 1151 1589 1216 iniunctis
1619 1151 1666 1216 eis
1696 1150 1895 1232 penitenciis,
1927 1148 2060 1230 singulis

554 1263 704 1327 videlicet
726 1261 910 1325 festivitatis
933 1264 965 1324 et
988 1257 1173 1323 octabarum
1196 1257 1319 1335 diebus,
1343 1257 1458 1337 quibus
1481 1255 1649 1321 ecclesiam
1673 1256 1773 1336 ipsam
1804 1254 2005 1317 visitaverint
2027 1257 2062 1317 ut

555 1366 722 1449 prefertur,
746 1348 993 1429 nrisericorditer
1016 1361 1205 1427 relaxamus
1239 1361 1277 1426 Ι).
1302 1361 1459 1425 Aninione
1482 1361 1510 1426 V
1533 1379 1603 1424 non.
1627 1359 1707 1425 Maii
1729 1377 1757 1423 a.
1781 1358 1929 1422 secundo.

658 1604 806 1659 Clementis
830 1602 868 1655 VI
892 1604 925 1655 Α.
949 1602 1005 1671 ΙΙ)4
1026 1606 1081 1668 (74)
1100 1602 1118 1655 f.
1138 1607 1188 1654 442
1206 1618 1232 1655 u.
1252 1606 1311 1668 702,
1331 1600 1501 1655 diversarum
1519 1601 1667 1654 formarum
1686 1615 1731 1668 qu.
1751 1604 1783 1652 18
1795 1598 1874 1653 :V.
1894 1564 1943 1652 162
1962 1600 1982 1654 f.
2000 1603 2059 1655 250'

553 1685 2056 1756 awamummfflmmmmmmmmmmwmeMa-dwmmffimmmm

554 1780 734 1835 cancellatum
753 1781 786 1832 A.
815 1781 837 1844 Ι))
858 1777 935 1830 deest
952 1777 980 1829 in
998 1776 1210 1847 A.,snppletum
1228 1776 1264 1828 ab
1283 1775 1397 1829 editore.
1424 1778 1446 1841 r)
1466 1792 1534 1828 corr.
1549 1791 1583 1828 ex
1596 1775 1688 1839 ‚illius‘
1700 1777 1733 1828 A.
1751 1806 1779 1813 -
1796 1773 1815 1839 1)
1830 1773 2059 1842 supplicationem

553 1869 641 1936 ipsius
659 1867 720 1920 vide
739 1866 767 1919 irr
787 1884 812 1919 n.
831 1871 889 1918 368.

551 2487 646 2552 374.
670 2485 827 2568 Episcopo
851 2484 1006 2563 Propeasi
1027 2482 1210 2560 rrzaadatur,
1242 2486 1395 2562 quatenos
1418 2482 1526 2545 abbati
1548 2481 1642 2560 (sici)
1656 2481 1681 2562 1)
1707 2482 1923 2545 doceremini
1946 2501 2055 2544 mono·

551 2590 641 2652 sterir'
665 2589 864 2652 Douoaeasis
888 2587 1044 2660 concedat,
1067 2590 1102 2647 ot
1124 2586 1206 2647 idem
1228 2587 1455 2649 rnoaosteriora
1478 2586 1512 2648 ia
1541 2585 1700 2647 civitatem
1724 2585 1914 2664 Properasem
1947 2587 2056 2647 troas-

1180 2693 1274 2769 serre
1290 2688 1426 2770 possint.

613 2760 638 2951 Ξ
1504 2777 1510 2788 .
1579 2806 1742 2884 Aoiaioac,
1765 2809 1853 2873 1344
1875 2808 1961 2874 Maii
1981 2810 2013 2874 3.

655 3030 692 3095 V.
716 3028 737 3093 f.
762 3078 769 3091 .
794 3078 801 3091 .
826 3027 975 3107 episcopo
998 3025 1148 3105 Pragensi
1173 3034 1233 3100 s.·)
1256 3021 1434 3089 Pastoralis
1464 3021 1559 3087 oflicii
1583 3024 1735 3103 debitum,
1771 3042 1965 3106 quesumus
1988 3028 2057 3091 urri-

554 3136 655 3198 versis
678 3133 808 3212 obligati
825 3130 969 3194 ecclesiis
984 3135 1018 3193 et
1033 3130 1234 3193 monasteriis
1242 3126 1280 3205 b),
1301 3147 1359 3191 nos
1375 3126 1545 3207 compellit,
1570 3134 1605 3192 ut
1621 3147 1729 3192 eorum
1742 3132 1777 3209 ο)
1800 3134 1833 3193 et
1848 3148 2055 3210 personarum

552 3238 584 3300 in
607 3237 654 3299 eis
678 3235 863 3315 (legencium
888 3232 1088 3296 intendamus
1119 3231 1314 3294 utilitatibus
1345 3237 1377 3294 et
1400 3232 1430 3295 in
1462 3230 1534 3309 hiis,
1565 3234 1665 3313 quel)
1696 3232 1835 3312 ipsorum
1859 3234 2056 3298 commodum

552 3346 585 3404 et
607 3340 756 3403 lmnorenr
780 3338 964 3418 respiciunt,
989 3353 1046 3397 nos
1063 3334 1268 3398 exhibeamus
1285 3334 1476 3399 favorabiles
1500 3340 1533 3398 et
1548 3335 1711 3417 benignos.
1737 3335 1815 3401 Cum
1832 3338 1951 3419 itaque,
1974 3340 2057 3403 sicut

549 3445 666 3526 peticio
682 3462 738 3524 pro
759 3448 850 3524 parte
873 3440 924 3503 dd.
948 3438 979 3503 ff.
1005 3490 1011 3504 .
1036 3490 1043 3503 .
1068 3440 1196 3503 abbatis
1219 3446 1252 3503 et
1275 3443 1450 3504 conventus
1473 3440 1655 3504 monasterii
1682 3441 1888 3519 Dexauensis,
1905 3442 2055 3506 Premen-

550 3549 719 3612 stratensis
742 3547 905 3624 ordinis‘b,
928 3550 984 3608 tue
1008 3545 1153 3621 diocesis,
1177 3545 1268 3607 nobis
1291 3562 1393 3625 nuper
1415 3543 1557 3608 exhibita
1571 3543 1592 3624 ¹)
1615 3546 1809 3623 continebat,
1841 3547 1925 3611 idem
1949 3566 2057 3611 mona·

551 3650 718 3729 steriunr‘)
742 3651 774 3713 in
798 3648 969 3713 solitudine
993 3654 1026 3711 et
1049 3648 1229 3711 nemoribus
1252 3650 1505 3725 eorrstruerurne)
1530 3648 1648 3712 existat
1667 3655 1700 3712 et
1714 3656 1855 3732 tempore
1870 3670 2056 3733 guerramm

549 3756 640 3820 bonis
674 3761 707 3818 et
736 3754 832 3817 rebus
862 3753 930 3816 suis
968 3753 1113 3816 omnibus
1151 3750 1380 3832 quodammodo
1411 3750 1556 3815 totaliter
1590 3752 1746 3834 spolietur
1779 3761 1812 3819 et
1855 3757 2056 3821 cessantibus

550 3859 673 3941 guerris
698 3863 826 3937 propter
848 3854 1084 3919 multitudinem
1115 3855 1265 3919 nobilium
1296 3861 1329 3918 ct
1360 3855 1493 3919 aliorum
1523 3856 1684 3937 lrospituru
1718 3858 1795 3922 illnc
1826 3859 2055 3924 confluencium

551 3963 698 4042 esperlais
723 3961 894 4025 innumeris
918 3966 950 4024 et
974 3960 1227 4040 importabilibus
1252 3959 1331 4022 adeo
1355 3965 1572 4041 pregravatur,
1597 3962 1680 4041 quod
1705 3961 1774 4041 ipse
1797 3962 1897 4026 abbas
1921 3982 1959 4028 ac
1983 3984 2055 4029 con-

550 4066 697 4142 ventusl)
723 4071 755 4128 et
778 4064 841 4127 alie
864 4083 1000 4145 persone
1025 4064 1126 4143 ipsius
1150 4065 1369 4144 rnonaster·ii¹)
1392 4070 1554 4144 nequeunt
1577 4085 1713 4146 congrue
1730 4067 1769 4129 de
1785 4067 1913 4131 residuo
1931 4075 2056 4132 susten-

548 4170 628 4233 tari:
653 4189 709 4249 pro
726 4173 817 4248 parte
841 4170 980 4249 ipsorum
997 4168 1124 4232 abbatis
1145 4176 1178 4232 et
1197 4176 1371 4233 conventus
1382 4167 1402 4247 ¹)
1423 4169 1514 4232 nobis
1530 4169 1638 4232 extitit
1653 4170 1815 4234 lrurniliter
1831 4171 2055 4253 supplicatum,

551 4280 587 4337 ut
609 4273 729 4336 eisdem
752 4273 861 4337 abbati
885 4279 917 4334 et
941 4273 1107 4335 conventui
1117 4275 1158 4351 ¹¹¹)
1188 4290 1245 4352 pro
1276 4271 1370 4335 dictis
1393 4273 1631 4352 gravaminibus
1654 4273 1810 4338 evitandis
1820 4278 1852 4353 Ι·)
1884 4273 2055 4339 edificandi

549 4396 605 4456 pro
629 4377 676 4440 eis
699 4377 955 4453 nronasteriunm)
989 4376 1020 4438 in
1051 4376 1180 4440 civitate
1211 4382 1268 4439 tua
1299 4376 1450 4454 Pragensi
1481 4374 1530 4438 vel
1562 4376 1631 4439 eius
1661 4377 1830 4456 prenrbiis,
1866 4378 1896 4441 in
1928 4378 2055 4442 decenti

548 4487 655 4544 tamen
678 4481 746 4543 laen
770 4500 827 4561 per
856 4498 911 4542 eos
942 4479 1083 4559 legitime
1112 4478 1314 4558 acquirendo,
1348 4497 1444 4559 seque
1475 4480 1515 4542 ad
1547 4480 1650 4561 ipsum
1676 4481 1950 4561 monaster·iurrr‚¹¹)
1986 4501 2055 4546 cura

549 4584 763 4657 erliacaunna
786 4583 894 4659 fuerit,
917 4581 1129 4647 transferendi
1154 4583 1346 4646 arrrrtor'itate
1370 4582 1545 4662 apostolica
1567 4583 1732 4647 licenciam
1749 4585 1921 4648 concedere
1946 4585 2054 4667 digna·

548 4707 661 4752 renrur.
686 4688 752 4753 Nos
768 4688 865 4768 igitur·
881 4687 920 4750 de
936 4687 1100 4768 prontissis
1124 4687 1273 4749 noticiam
1296 4705 1357 4749 nnn
1381 4687 1535 4766 babentes
1560 4706 1597 4750 ac
1619 4692 1767 4767 gerentes
1790 4687 1830 4751 de
1850 4693 1905 4752 tue
1922 4689 2055 4753 circum-

548 4792 724 4872 speccionis
756 4791 912 4856 industria
943 4792 973 4854 in
1008 4791 1070 4853 biis
1104 4795 1137 4852 et
1167 4789 1239 4852 aliis
1271 4789 1418 4854 fiduciam
1453 4790 1484 4853 in
1508 4791 1633 4855 domino
1657 4791 1838 4872 specialem,
1873 4791 2055 4859 huiusmodi

547 4896 836 4976 supplicacionibus
861 4894 1001 4958 inclinati
1027 4894 1219 4958 fraternitati
1242 4899 1297 4957 tue
1328 4914 1385 4975 per
1415 4895 1590 4975 apostolica
1620 4895 1742 4976 scripta
1773 4896 2000 4961 committimus
2023 4903 2059 4962 et

549 4998 743 5076 mandamns,
767 5002 925 5079 quatenus
956 4998 1076 5061 eisdem
1105 4999 1213 5062 abbati
1244 5004 1278 5061 et
1309 4999 1520 5078 conversans)
1559 5000 1585 5062 si
1617 5000 1675 5063 tibi
1707 5000 1879 5081 expediens
1910 5007 1943 5065 et
1976 5002 2054 5066 utile

547 5102 703 5181 videatur,
727 5102 894 5166 erlificandi
916 5107 951 5165 ut
966 5101 1126 5182 prefertur·
1141 5103 1320 5182 predictum
1335 5102 1560 5166 monasterium
1573 5107 1596 5182 ⁸)
1620 5104 1652 5166 in
1676 5104 1804 5167 civitate
1829 5104 1879 5167 vel
1895 5105 2056 5186 preurbiis

546 5207 726 5269 rnonmratis
750 5224 847 5285 seque
864 5205 902 5268 ad
924 5204 1043 5268 dictum
1066 5206 1334 5285 rrronaster·ium,')
1359 5225 1429 5270 oum
1445 5206 1627 5270 edificatum
1641 5211 1666 5286 ¹¹)
1690 5207 1797 5286 fuerit,
1821 5227 1892 5272 cum
1907 5209 2054 5274 omnibus

546 5310 677 5386 inribrrs,
712 5308 897 5389 privilegiis,
940 5307 1145 5371 libertatibus
1176 5314 1209 5372 et
1238 5310 1500 5388 immunitatibus,
1536 5329 1597 5391 que
1628 5311 1781 5389 obtinent,
1813 5313 2056 5392 presencialiter

545 5411 768 5489 transferendi,
793 5411 933 5475 dimissis
956 5417 1061 5473 tamen
1086 5411 1117 5474 in
1142 5412 1284 5491 predicto
1308 5412 1553 5498 monasterias)
1577 5414 1608 5478 in
1633 5412 1803 5478 solitudine
1819 5432 1856 5477 ac
1871 5417 2055 5481 nemoribus

544 5522 580 5578 nt
602 5516 798 5595 premittitur
821 5514 1039 5592 constitutn,¹)
1063 5516 1160 5579 certis
1183 5518 1330 5596 personis
1360 5536 1417 5598 pro
1449 5517 1536 5581 cultu
1561 5517 1667 5581 rlivino
1698 5523 1731 5580 et
1760 5517 1833 5582 aliis
1864 5521 2055 5584 necessariis

544 5619 620 5682 inibi
646 5619 878 5694 conservandis,
903 5618 1137 5699 quodquidam
1161 5623 1425 5700 nronasterium')
1457 5621 1629 5685 membrum
1660 5621 1784 5687 abbatis
1815 5629 1848 5686 et
1878 5630 2054 5688 conventus

543 5728 576 5786 et
591 5723 773 5786 monasterii
791 5722 968 5802 edificandi,
978 5726 1002 5801 ²)
1022 5742 1093 5786 cum
1109 5722 1290 5788 erlilicatum
1301 5727 1340 5803 ¹⁸⁸)
1359 5724 1456 5789 fuerit
1471 5730 1507 5788 ut
1521 5724 1691 5805 prefertur,
1705 5731 1858 5807 perpetuo
1876 5734 2056 5806 censeatur,
