5184 7050
551 865 591 929 18

547 1092 612 1156 21.
634 1090 792 1172 Episcopo
818 1090 972 1170 I'ropersi
994 1088 1177 1161 accindatur,
1199 1092 1354 1169 quotenos
1378 1109 1447 1150 coro
1471 1086 1605 1150 Nicoloo
1630 1086 1758 1151 Nicoloi
1780 1086 1819 1151 de
1836 1086 1939 1151 Litico
1960 1107 2055 1169 sopor

1047 1192 1174 1273 defecto
1196 1192 1356 1257 aetoliam
1380 1192 1548 1275 dispercat.

1526 1382 1708 1460 Aoioiooe,
1734 1384 1819 1447 1342
1841 1383 1936 1449 Jonu·
1957 1385 2010 1448 23.

647 1631 683 1695 V.
708 1631 728 1694 s.
747 1680 778 1694 ..
804 1631 953 1712 episcopo
978 1629 1132 1710 Pragensi
1155 1646 1179 1691 s.
1205 1625 1408 1692 Constitutus
1431 1627 1464 1689 in
1487 1626 1656 1706 presencia
1678 1632 1789 1691 nostra
1811 1626 1840 1689 d.
1862 1626 1882 1690 f.
1900 1626 2054 1692 Nicolaus

544 1734 667 1799 Nicolai
699 1734 738 1799 de
762 1735 878 1811 Lutitz,
911 1734 1045 1797 clericus
1079 1738 1134 1796 tue
1165 1731 1312 1808 diocesis,
1337 1732 1427 1794 nobis
1450 1730 1614 1794 humiliter
1636 1730 1839 1811 supplicavit,
1864 1736 1899 1793 ut
1922 1751 1994 1795 cum
2018 1752 2055 1795 eo

544 1857 641 1918 super·
662 1838 790 1903 defectu
813 1837 977 1915 natalium,
1001 1854 1095 1917 quem
1118 1836 1241 1916 patitur
1263 1835 1304 1898 de
1325 1834 1513 1916 presbytero
1536 1833 1663 1914 geriitus
1687 1838 1720 1897 et
1747 1833 1861 1911 soluta,
1894 1840 1927 1898 et
1958 1854 2056 1916 snper

544 1960 581 2005 eo
605 1943 715 2019 eciam,
739 1941 823 2024 quod
846 1941 945 2005 tacito
976 1941 1015 2003 de
1046 1938 1172 2003 deiectu
1203 1938 1347 2019 predicto
1382 1956 1417 2000 se
1451 1936 1537 2000 lecit.
1563 1936 1644 1999 alias
1677 1942 1784 2000 tamen
1817 1938 1891 2015 rite,
1913 1938 2054 2004 clericali

544 2050 707 2109 caractere
731 2045 885 2127 insigniri,
901 2044 986 2125 quod
1010 2043 1139 2108 defectu
1162 2048 1195 2107 et
1218 2042 1291 2106 aliis
1315 2041 1480 2122 premissis
1504 2059 1705 2121 nequaquam
1728 2040 1929 2105 obstantibus
1952 2044 2056 2123 possit

545 2148 685 2212 clericali
707 2154 839 2213 tonsura
863 2148 910 2212 uti
933 2155 965 2212 et
988 2147 1030 2211 ad
1053 2165 1161 2211 omnes
1184 2146 1312 2210 ordines
1335 2144 1513 2227 promoveri
1531 2148 1564 2207 et
1579 2142 1766 2208 beneficium
1790 2146 2053 2224 ecclesiasticum,

545 2253 645 2316 eciam
680 2253 708 2316 si
742 2271 850 2316 curam
885 2252 1061 2316 animarum
1094 2250 1223 2331 babeat,
1258 2251 1402 2315 obtinere
1436 2248 1553 2325 valeat,
1587 2248 1774 2328 dispensare
1807 2250 2057 2313 misericorditer

545 2358 756 2440 dignaremur.
803 2362 874 2421 Cum
904 2368 1001 2420 autem
1031 2363 1108 2420 idem
1142 2362 1278 2435 clericus,
1302 2377 1386 2433 quem
1409 2378 1462 2433 per
1485 2365 1582 2418 certos
1606 2360 1821 2418 examinatores
1837 2354 1860 2435 ¹)
1883 2379 1972 2433 super
1997 2362 2053 2419 boc

517 2461 519 2466 ’
545 2467 701 2540 deputatos
723 2484 741 2524 a
763 2466 848 2526 nobis
873 2466 908 2525 de
931 2468 1100 2525 litteratura
1123 2465 1284 2524 examinari
1307 2463 1429 2522 fecimus
1453 2464 1619 2537 diligenter,
1643 2464 1777 2521 inventus
1802 2466 1840 2523 sit
1863 2459 1894 2522 ln
1916 2465 1968 2522 illa
1985 2483 2054 2523 con·

544 2571 697 2628 senienter
726 2570 849 2629 idoneus
880 2572 917 2629 ad
951 2571 1182 2629 ecclesiasticum
1216 2565 1389 2626 beneficium
1425 2568 1625 2642 obtinendum,
1649 2587 1702 2627 nos
1726 2570 1845 2627 devita
1868 2576 1898 2627 et
1932 2588 2053 2629 conver·

545 2675 663 2732 sacione
687 2675 780 2748 ipsius
804 2675 904 2733 clerici
927 2676 1066 2735 noticiam
1089 2692 1146 2732 uon
1170 2672 1312 2731 habentes
1335 2671 1515 2730 fraternitati
1539 2679 1599 2746 tue,
1616 2672 1651 2730 de
1668 2691 1725 2745 qua
1744 2675 1858 2746 plenam
1881 2676 1911 2733 in
1936 2676 2053 2733 domino

545 2778 681 2836 fiduciam
704 2778 880 2852 obtinemus,
902 2795 955 2851 per
977 2776 1141 2850 apostolica
1164 2776 1275 2847 scripta
1298 2775 1477 2849 mandamus,
1501 2782 1644 2848 «quatenus
1668 2776 1862 2836 consideratis
1897 2778 2054 2853 diligenter

546 2882 778 2940 circumstanciis
813 2882 968 2955 universis,
1002 2899 1057 2954 que
1093 2881 1171 2938 circa
1202 2880 1392 2938 idoneitatem
1414 2896 1539 2953 persone
1562 2878 1673 2939 fuerint
1695 2881 1883 2957 attendende,
1906 2882 1931 2940 si
1956 2883 2053 2940 dictus

545 2985 670 3043 clericus
703 2986 777 3042 alias
811 2986 850 3042 sit
884 2986 1007 3044 idoneus
1033 3003 1087 3043 nec
1111 2985 1151 3041 sit
1172 2989 1294 3057 paterne
1318 2983 1535 3042 incontinoncie
1558 2984 1700 3058 imitator,
1724 2984 1775 3041 sed
1798 2985 1873 3042 bone
1897 3002 2052 3044 conversa·

546 3087 639 3146 cionis
662 3094 691 3146 et
713 3089 784 3163 vite,
806 3088 937 3160 aliasque
960 3090 1016 3147 sibi
1039 3090 1144 3146 merita
1166 3085 1395 3163 suffragentur·)
1419 3088 1456 3145 ad
1479 3088 1645 3146 huiusmodi
1669 3087 1900 3160 dispensaciunis
1923 3090 2052 3161 graciam

544 3191 741 3263 obtinendam,
757 3207 854 3249 secum
877 3209 966 3263 super
988 3191 1139 3264 premissis
1162 3191 1339 3249 auctoritate
1362 3197 1466 3249 nostra
1489 3192 1650 3265 dispenses,
1672 3197 1760 3264 prout
1783 3193 1942 3250 secundum
1966 3194 2052 3252 deum

543 3296 637 3352 anime
654 3313 705 3353 sne
728 3296 816 3353 saluti
839 3295 948 3353 videris
969 3296 1118 3368 expedire.
1143 3291 1182 3353 D.
1199 3292 1236 3353 ut
1251 3307 1275 3352 s.
1292 3289 1316 3370 ²)
1342 3288 1513 3374 [Aninione
1528 3290 1626 3354 VIIII
1650 3289 1809 3353 calamii
1837 3308 1865 3353 a.
1889 3286 2052 3377 primolbl

650 3546 798 3600 Clementis
825 3547 864 3600 Vl
888 3550 911 3599 Α
931 3548 997 3616 lflu.
1023 3546 1065 3611 (V.
1090 3551 1152 3613 214)
1171 3546 1188 3599 f.
1208 3547 1267 3598 ‘itia'
1287 3564 1313 3599 n.
1333 3553 1392 3613 448,
1412 3563 1495 3616 super
1514 3546 1623 3602 defectu
1642 3546 1772 3601 natalium
1791 3566 1835 3617 qu.
1856 3548 1980 3602 lbzv.
2002 3556 2051 3603 155

545 3633 563 3686 l.
584 3639 634 3685 436
653 3650 678 3685 n.
698 3638 756 3685 448.
778 3664 810 3672 -
837 3641 860 3699 ⁸)
879 3633 1100 3701 ,suffragnantur‘
1120 3635 1152 3685 Α.
1180 3632 1204 3698 b)
1224 3632 1382 3700 suppletum
1401 3635 1434 3687 ab
1455 3635 1566 3688 editore.
1587 3666 1619 3674 -
1640 3638 1659 3700 ¹)
1678 3635 1705 3688 in
1725 3635 1892 3703 A.sequitur
1910 3634 1968 3689 hic:
1991 3644 2050 3702 ‚etc

547 3729 576 3773 nt
592 3720 622 3772 in
641 3719 729 3788 prima
746 3736 833 3787 nsque
852 3720 880 3772 iu
898 3720 997 3785 tinem‘,
1016 3719 1134 3773 scilicet:
1153 3727 1183 3772 nt
1201 3720 1228 3772 in
1248 3720 1337 3787 prima
1356 3719 1447 3773 littera
1459 3723 1586 3789 quaterni
1598 3722 1679 3790 primi
1692 3738 1776 3791 super
1789 3721 1897 3776 defectu
1911 3723 2051 3785 natalium,

546 3806 663 3875 quaein
683 3804 777 3858 eodem
797 3805 933 3858 volumine
951 3805 996 3859 fol.
1017 3812 1068 3858 ‘2⁶20
1088 3807 1250 3872 continetur,
1270 3805 1342 3859 unde
1363 3808 1444 3859 etiam
1464 3809 1547 3860 verba
1566 3825 1657 3877 ,super
1675 3809 1726 3862 boc
1752 3807 1949 3876 deputatos-
1969 3809 2050 3863 saluti

546 3892 647 3946 rideris
672 3891 812 3959 expedire‘
836 3892 863 3944 in
889 3893 940 3946 isto
965 3907 1078 3946 numero
1104 3892 1234 3960 suppleta
1259 3900 1331 3946 sunt.
1355 3924 1383 3932 -
1403 3896 1424 3960 ²)
1444 3892 1549 3948 scilicet
1567 3903 1597 3949 ut
1616 3897 1642 3948 in
1663 3912 1735 3948 aum.
1762 3902 1811 3947 415
1836 3895 1959 3948 eiusdem
1985 3913 2051 3965 qua·

546 3979 617 4033 terni
637 3985 676 4030 10.

547 4520 612 4583 22.
635 4518 791 4600 Episcopo
816 4516 1014 4582 Olomoccnsi
1036 4520 1219 4598 corrodatur,
1242 4525 1397 4602 qroitcaos
1421 4543 1490 4585 caro
1516 4524 1695 4585 Hermanno
1725 4523 1883 4603 querulam
1907 4522 2052 4605 Philippi

676 4620 713 4684 dc
738 4620 885 4685 Olomoco
905 4642 1000 4704 snper
1022 4623 1149 4705 defecto
1171 4625 1330 4688 matidiam
1353 4626 1522 4708 disperiret.
1568 4627 1683 4690 Formo
1709 4631 1741 4689 ot
1763 4628 1798 4689 in
1821 4649 1851 4690 a.
1874 4630 1926 4691 21.

590 4873 700 4938 Gratis
722 4893 780 4956 pro
805 4875 873 4938 deo.
1543 4878 1705 4959 Aninioae,
1732 4881 1815 4944 1342
1838 4879 1932 4944 Jooii
1953 4881 2006 4943 23.

650 5126 687 5190 V.
711 5127 732 5191 f.
757 5128 906 5208 episcopo
937 5128 1141 5193 Olomucensi
1172 5148 1196 5193 s
1229 5129 1431 5195 Constitutus
1463 5133 1494 5194 in
1524 5134 1691 5213 presencia
1725 5138 1834 5196 nostra
1864 5132 1892 5195 d.
1924 5130 1945 5194 f.
1970 5129 2051 5194 ller-

546 5249 690 5308 munnus,
713 5237 808 5295 natus
832 5233 990 5313 qnondam
1014 5232 1154 5313 Philippi
1177 5233 1217 5296 ‹le
1233 5233 1390 5311 Olomutz,
1415 5237 1551 5300 acolitus
1582 5236 1811 5312 Olomucensis,
1836 5236 1927 5300 nobis
1948 5234 2051 5298 bumi-

544 5333 619 5397 litcr
641 5336 843 5415 supplicavit,
867 5342 903 5401 ut
925 5357 996 5401 cum
1019 5358 1056 5400 eo
1080 5355 1177 5417 super
1199 5337 1326 5402 defectu
1350 5339 1513 5417 natalium,
1539 5359 1632 5420 quem
1655 5343 1778 5421 patitur
1800 5344 1839 5408 de
1863 5342 2050 5424 presbytero

544 5437 671 5517 genitus
694 5443 726 5501 et
749 5439 864 5520 soluta,
888 5446 921 5503 et
944 5441 1045 5504 eciam
1068 5458 1165 5520 super
1188 5452 1268 5519 eo,·t
1293 5443 1377 5521 quod
1401 5443 1499 5505 tacito
1523 5443 1562 5505 de
1592 5443 1676 5506 <licto
1711 5444 1836 5509 ‹lelectu
1871 5447 2050 5518 clericalem

544 5547 708 5604 tonsmnm
732 5546 765 5604 et
787 5560 895 5606 ornries
919 5544 1056 5606 minores
1079 5541 1215 5620 ordines
1240 5544 1322 5607 alias
1344 5550 1451 5610 tamen
1482 5547 1552 5623 rite,
1588 5549 1739 5628 suscepit,
1763 5551 1846 5629 quod
1869 5551 2051 5619 huiusmodi

545 5643 671 5706 italiam
695 5649 728 5706 et
750 5643 823 5707 aliis
843 5645 998 5724 predictis
1029 5664 1229 5726 nequaquam
1259 5648 1460 5711 obstantibus
1491 5651 1593 5728 possit
1624 5650 1802 5715 buinsmodi
1837 5661 1969 5720 tonsma
2003 5660 2050 5723 uti

546 5746 633 5809 etin
657 5749 815 5828 susceptis
843 5748 1007 5813 ordinibus
1037 5749 1218 5813 ministrare
1241 5756 1273 5813 et
1296 5751 1336 5813 ad
1361 5770 1468 5815 omnes
1499 5755 1680 5832 superiores
1710 5755 1837 5820 ordines
1873 5764 2052 5839 promoveri
