5184 7050
1857 862 1920 928 521

410 1069 495 1145 sent,
519 1083 577 1148 pro
599 1064 753 1147 predictis
784 1064 831 1128 eis
860 1082 975 1146 penem
1006 1082 1062 1129 seu
1092 1064 1306 1147 penitenciam
1336 1064 1507 1130 solutorem
1537 1064 1735 1149 imponerent
1759 1068 1847 1134 iuxta
1869 1088 1923 1135 eo·

409 1170 546 1236 rundem
568 1169 714 1236 ordinum
736 1169 868 1251 antiqua
889 1173 1022 1248 statute,
1045 1188 1140 1252 quam
1162 1176 1269 1235 mmen
1290 1188 1406 1252 penam
1438 1188 1496 1235 seu
1518 1170 1730 1252 penitenciam
1753 1175 1800 1238 sic
1822 1175 1923 1240 eciam

409 1273 661 1340 misericorditer
682 1272 785 1339 voluit
804 1274 986 1356 temperari,
1012 1273 1096 1355 qnod
1118 1278 1265 1355 apostate
1287 1275 1350 1356 ipsi
1372 1279 1495 1340 tenore
1514 1274 1651 1340 ulcionis
1667 1294 1731 1342 seu
1746 1295 1838 1360 pene
1861 1296 1922 1344 non

411 1379 652 1444 retraherentur
675 1397 694 1443 a
717 1379 937 1461 resumpcione
960 1378 1122 1462 religionis
1146 1384 1181 1444 et
1203 1378 1332 1444 babitus
1362 1379 1543 1445 eorundem.
1583 1380 1768 1446 Memoratis
1794 1382 1925 1465 insuper

410 1483 546 1567 prelatis
568 1483 740 1548 eorundem
771 1489 989 1566 apostatarum
1016 1482 1180 1566 predictos
1210 1489 1385 1566 apostatas,
1413 1484 1454 1549 ad
1476 1484 1661 1567 religionem
1691 1471 1859 1569 pristinam
1885 1491 1923 1552 ut

411 1589 613 1673 pretangitur
635 1588 817 1667 redeuntes
840 1588 1027 1654 absolvendi
1050 1607 1089 1654 eu
1114 1589 1185 1653 vice
1217 1589 1306 1653 iuxta
1336 1589 1469 1655 formum
1492 1588 1627 1655 ecclesie
1649 1591 1688 1656 ab
1712 1591 1924 1656 excommuni-

411 1695 554 1759 caoionis
583 1694 759 1772 sentencia,
790 1694 822 1758 in
852 1713 947 1776 quam
976 1692 1188 1775 apostatando
1218 1692 1328 1758 taliter
1357 1693 1545 1774 inciderunt,
1584 1700 1618 1760 et
1648 1712 1719 1760 curu
1750 1696 1796 1761 eis
1827 1713 1924 1779 super

411 1797 659 1881 irregularitate,
690 1816 786 1880 quam
815 1799 982 1864 occasione
1013 1798 1176 1881 apostasie
1205 1797 1386 1863 huiusmodi
1421 1799 1472 1864 vel
1502 1799 1582 1866 alias
1612 1799 1719 1866 forsan
1753 1802 1799 1867 sic
1832 1801 1923 1885 ligati

413 1902 523 1968 divine
545 1900 650 1968 officia
672 1901 862 1968 celebrando
885 1903 979 1968 immo
1001 1903 1110 1968 verius
1139 1902 1335 1986 profanando
1362 1909 1419 1969 aut
1441 1902 1505 1970 illis
1528 1922 1563 1969 se
1586 1905 1790 1971 immiscendo
1814 1905 1923 1990 damp-

414 2007 605 2090 nabiliter·)
629 2007 840 2088 incurrerunt,
863 2014 958 2090 prout
981 2007 1154 2073 eorundem
1176 2012 1393 2090 apostatarum
1416 2007 1513 2074 saluti
1537 2008 1614 2074 dicti
1635 2009 1751 2092 prelati
1774 2010 1926 2093 expedire

412 2112 645 2194 conspicerent
662 2110 869 2194 dispensandi
883 2111 1011 2194 plenam
1034 2116 1130 2194 atque
1152 2112 1285 2177 liberam
1308 2114 1467 2180 concessit
1488 2114 1677 2179 auctoritate
1700 2115 1811 2180 eadem
1834 2121 1925 2197 pote·

412 2220 543 2294 statem,
574 2235 637 2281 non
667 2217 867 2282 obstantibus
897 2217 1138 2300 quibuscunque
1167 2218 1296 2283 statutis
1327 2223 1361 2283 et
1391 2217 1673 2285 consuetudinibus
1710 2217 1924 2300 quorumlibet

412 2321 571 2398 ordinum,
596 2320 814 2401 ecclesiarum,
837 2322 1099 2387 monasteriorum
1123 2326 1156 2387 et
1177 2321 1311 2388 aliorum
1333 2323 1474 2389 locorum
1496 2323 1721 2406 predictomm,
1736 2324 1924 2405 iuramento,

414 2424 662 2491 confirmacione
684 2425 859 2508 apostolice
881 2425 930 2490 vel
954 2426 1067 2508 quavis
1089 2423 1240 2492 firmitate
1261 2427 1326 2492 elia
1348 2427 1516 2508 roboratis,
1540 2427 1591 2493 vel
1613 2428 1713 2493 eciam
1735 2427 1925 2511 privilegiis,

414 2529 628 2613 indulgenoiis
651 2536 708 2596 aut
729 2530 847 2596 litteris
869 2531 1053 2614 apostolicis
1076 2549 1133 2596 seu
1157 2530 1228 2597 uliis
1250 2531 1501 2614 quibuscunque,
1525 2550 1587 2615 que
1609 2532 1773 2615 premissis
1795 2537 1927 2614 possent

412 2632 653 2716 quomodolibet
675 2636 815 2715 obviare,
838 2642 932 2719 prout
955 2637 987 2700 in
1010 2636 1153 2701 eiusdem
1175 2635 1412 2718 predecessoris
1433 2635 1550 2702 litteris
1579 2635 1706 2720 plenius
1728 2636 1918 2702 continetur.

412 2738 496 2803 Cum
519 2742 637 2820 autem,
660 2741 745 2806 sicut
765 2741 929 2807 lohannes
952 2740 1100 2806 Gobelini
1123 2741 1163 2806 de
1185 2740 1403 2821 Wratislauia,
1420 2742 1589 2807 eanonicus
1612 2741 1795 2808 monasterii
1817 2740 1935 2825 sancti,

412 2841 579 2908 Vincenoii
601 2862 702 2927 prope
726 2845 973 2925 Wratislauiam,
996 2845 1300 2911 Premonstratcnsis
1322 2844 1451 2925 ordinis,
1474 2845 1557 2911 lator
1579 2845 1789 2928 presencium,
1821 2844 1924 2910 burni-

411 2946 489 3012 liter
511 2949 603 3014 nobis
625 2950 783 3032 exposuit,
799 2949 883 3015 idem
905 2949 1067 3015 lohannes
1090 2969 1110 3015 a
1133 2949 1323 3029 carceribus,
1340 2948 1454 3032 quibus
1477 2954 1548 3015 erat
1570 2949 1602 3014 in
1625 2949 1709 3015 dicto
1732 2949 1924 3015 monasterio

411 3070 471 3134 pro
495 3051 686 3134 quibusdam
709 3054 776 3119 suis
799 3054 983 3120 excessibus
1006 3054 1213 3137 mancipatus,
1230 3053 1368 3119 evaserit
1391 3057 1425 3118 et
1443 3053 1484 3118 ab
1499 3054 1580 3136 ipsis
1601 3054 1793 3119 monasterio
1817 3059 1850 3119 et
1873 3072 1924 3118 or·

412 3156 489 3221 dine
518 3158 689 3224 recesserit
710 3177 769 3242 per
798 3158 940 3224 seculum
971 3159 1152 3242 evagando:
1183 3176 1241 3223 nos
1271 3157 1410 3241 predicti
1442 3157 1607 3238 lobannis,
1638 3158 1836 3224 reconciliari
1865 3157 1925 3222 deo

413 3267 447 3327 et
470 3261 576 3327 eidem
599 3263 703 3329 ordini
725 3281 783 3329 suo
799 3268 835 3329 ut
851 3265 966 3329 asserit
989 3264 1156 3347 cupientis,
1172 3262 1296 3329 devotis
1319 3263 1610 3346 supplicationibus
1632 3262 1788 3344 inclinati,
1804 3263 1925 3329 discre-

412 3366 498 3432 cioni
519 3372 628 3433 vestre
650 3387 708 3450 per
730 3369 906 3452 apostolica
936 3369 1056 3452 scripta
1085 3368 1281 3448 mandamus,
1313 3372 1471 3450 quatenus
1501 3385 1557 3432 vos
1586 3368 1637 3433 vel
1671 3368 1733 3433 dno
1764 3374 1820 3434 aut
1842 3383 1925 3432 unus

412 3476 557 3538 vestrum
580 3491 638 3557 per
660 3491 716 3539 vos
737 3474 790 3541 vel
812 3473 909 3541 alium
931 3492 988 3540 seu
1011 3474 1091 3540 alios
1112 3473 1305 3553 voluntates,
1321 3472 1553 3553 ordinaciones,
1569 3472 1718 3539 mandata
1740 3477 1775 3539 et
1796 3488 1926 3538 conces·

411 3578 522 3642 siones
544 3578 781 3660 predecessoris
804 3579 947 3645 eiusdem
969 3579 1055 3646 circa
1076 3578 1212 3645 eundem
1234 3577 1414 3644 iohannem
1436 3577 1563 3644 faciatis
1584 3578 1777 3644 auctoritate
1799 3581 1928 3661 aposto-

411 3681 478 3748 lica
500 3680 635 3749 firmiter
656 3684 831 3763 observari,
862 3683 1111 3751 contradictores
1139 3701 1394 3766 percensuram
1423 3682 1671 3749 ecclesiasticam
1703 3682 1937 3766 appellacione.

411 3787 596 3871 postposita
625 3788 863 3870 compescendo,
893 3807 955 3853 nun
986 3788 1186 3855 obstantibus
1215 3789 1360 3855 omnibus
1390 3788 1593 3872 supradictis,
1624 3806 1681 3854 seu
1705 3788 1731 3853 si
1756 3786 1806 3852 dd.
1830 3786 1862 3853 li.
1885 3834 1927 3851 ..

413 3891 529 3958 abbati
551 3897 587 3958 et
608 3894 778 3960 conventui
800 3899 857 3959 aut
878 3893 1044 3976 quibusvis
1067 3893 1140 3959 aliis
1162 3895 1371 3960 communiter
1396 3892 1446 3959 vel
1469 3892 1595 3959 divisim
1617 3911 1636 3958 a
1659 3891 1735 3958 sede
1758 3892 1801 3956 sit
1823 3889 1927 3955 indul·

410 4002 484 4062 tum
508 3996 632 4076 eadem,
655 3996 739 4079 quod
762 3998 919 4078 interdici,
954 3999 1107 4081 suspendi
1127 3999 1179 4064 vel
1201 3998 1466 4065 excommunicari
1488 4016 1551 4063 non
1573 3998 1698 4080 possint
1719 4014 1778 4080 per
1800 3994 1927 4061 litteras

414 4100 624 4185 apostolicas,
648 4120 710 4168 non
732 4101 887 4169 facientes
909 4102 1036 4186 plenam
1052 4108 1087 4169 et
1101 4109 1284 4187 expressum
1300 4122 1338 4170 oc
1353 4103 1393 4169 de
1407 4103 1504 4169 verbo
1525 4101 1719 4168 adverbum
1742 4101 1782 4165 de
1805 4096 1929 4164 indulto

409 4206 599 4273 huiusmodi
621 4208 829 4273 mencionem.
853 4208 892 4274 D.
916 4208 1074 4275 Aninione
1096 4209 1164 4275 IIII
1187 4226 1259 4274 non.
1283 4207 1373 4274 lunii
1396 4226 1424 4273 a
1447 4212 1550 4275 sexto.

526 4396 676 4453 Clementis
694 4396 733 4452 vl
749 4399 781 4451 Α.
795 4396 862 4468 Vlla
875 4401 931 4467 (97)
944 4398 963 4452 i.
977 4398 1047 4467 456',
1059 4398 1213 4454 litterarum
1225 4398 1409 4453 communium
1420 4414 1466 4470 qu.
1479 4402 1495 4451 2
1507 4414 1542 4451 =
1551 4397 1584 4452 V.
1599 4400 1648 4454 180
1659 4395 1678 4452 i.
1690 4398 1751 4451 Μ’
1764 4410 1790 4449 n.
1805 4398 1880 4449 1048.
1895 4423 1927 4435 -

409 4490 444 4553 ⁸)
462 4482 667 4554 ,dampnaliter‘
684 4485 718 4538 A.

413 4957 514 5026 892.
537 4956 684 5039 Hearico,
707 4956 825 5038 obdab,
849 4961 879 5023 ct
902 4958 1064 5022 coarmari
1085 4957 1272 5022 monasterii
1293 4956 1329 5021 in
1351 4951 1678 5038 durandomarus
1700 4952 1805 5018 sandi
1828 4952 1926 5017 Bruc-

413 5062 508 5142 dicti,
542 5062 716 5144 dimensis
739 5062 881 5144 diocesis,
915 5061 1104 5142 conceditur,
1134 5066 1171 5125 at
1191 5061 1275 5126 Mein
1297 5059 1395 5126 ‹rddao
1418 5060 1544 5143 deeque
1565 5076 1758 5124 succesores
1780 5055 1930 5139 imipniie

408 5166 655 5254 porriificalibus
676 5168 726 5231 uti
751 5172 782 5232 et
810 5166 1051 5232 benedictionem
1073 5166 1239 5231 solemnem
1257 5169 1333 5250 poet
1354 5165 1527 5230 missorum
1548 5162 1703 5228 solemnia
1723 5165 1754 5227 ot
1775 5160 1873 5226 dmm
1897 5161 1933 5225 in

414 5290 532 5337 mensa
555 5270 688 5355 darpa'ri
705 5272 842 5357 possint.
867 5273 920 5352 ,D.
944 5271 1101 5337 Auinione
1125 5271 1173 5336 VI
1189 5270 1233 5335 bl.
1255 5269 1342 5338 ,Μυῒ
1363 5290 1393 5335 a.
1416 5272 1525 5336 secto!
1547 5269 1664 5334 lbmin
1685 5270 1722 5331 at
1742 5267 1778 5333 iri
1799 5287 1830 5333 u.
1852 5267 1929 5331 429.

1433 5424 1596 5505 Amnum,
1619 5425 1706 5530 134]
1727 5421 1813 5491 Jsdii
1834 5426 1888 5487 10.

524 5600 674 5655 Clementis
693 5600 731 5655 Vl
750 5602 783 5654 Α.
802 5600 870 5669 vlle
887 5603 942 5667 (97)
959 5599 979 5656 f.
991 5602 1062 5668 422',
1081 5600 1116 5655 do
1134 5599 1257 5666 indultis,
1276 5598 1427 5669 privilegiis
1446 5605 1474 5652 et
1493 5596 1748 5667 dispensationibus
1766 5610 1812 5666 qu.
1826 5600 1840 5650 7
1855 5613 1887 5648 :
1898 5594 1932 5651 V.

417 5694 471 5744 18⁰
490 5688 509 5746 l.
529 5691 591 5743 ³09'
611 5705 637 5741 n.
659 5692 733 5741 1007.
754 5719 786 5728 -
813 5693 837 5754 Ι)
855 5687 1012 5756 ,Cladruna‘
1032 5691 1065 5742 Α.
