5184 7050
552 814 613 880 190

545 1025 638 1090 315.
683 1022 839 1105 Episcopo
866 1021 1020 1103 Propensi
1042 1025 1072 1084 et
1094 1021 1203 1085 abbati
1233 1021 1456 1084 Breunooicnsi
1485 1020 1668 1099 prandetur,
1702 1023 1857 1102 quotenos
1887 1017 2052 1083 eeclesiam

556 1127 837 1209 Vyssegredcnsern
859 1126 1025 1190 eisitentes
1049 1124 1200 1205 desectus,
1224 1145 1300 1209 qnos
1316 1125 1431 1190 ibidem
1446 1126 1628 1209 repererint,
1651 1127 1825 1205 reforment
1839 1127 1869 1187 ct
1883 1122 2054 1203 corrigant.

1343 1299 1440 1383 Apud
1470 1298 1819 1372 Villemnooam,1344
1842 1296 1961 1363 Martii
1981 1299 2012 1362 2.

652 1477 689 1541 V.
714 1477 735 1541 f.
754 1527 784 1540 ..
810 1477 959 1557 episcopo
983 1475 1135 1555 Pragensi
1158 1479 1191 1538 et
1214 1474 1243 1538 d.
1268 1475 1339 1540 f...
1363 1475 1470 1539 abbati
1500 1472 1683 1538 monasterii
1706 1472 1933 1538 Brenouiensis
1956 1489 2055 1552 prope

548 1581 691 1662 Pragam.
737 1582 808 1646 Etsi
831 1600 869 1645 ex
894 1580 1001 1645 debito
1032 1578 1200 1661 pastoralis
1231 1577 1326 1643 officii
1358 1580 1396 1643 de
1420 1579 1563 1643 omnibus
1594 1576 1738 1642 ecclesiis
1767 1582 1918 1658 tanquam
1948 1579 2056 1658 pastor

548 1684 736 1750 universalis
759 1704 876 1761 earum,
905 1687 940 1747 ut
962 1689 1190 1765 preserventur
1211 1703 1230 1747 a
1253 1684 1354 1748 noxiis
1377 1703 1414 1748 ac
1437 1682 1655 1765 spiritualibus
1678 1686 1712 1745 11
1733 1680 1962 1762 temporalibus
1985 1697 2055 1761 pro

548 1789 655 1854 liciant
678 1790 889 1866 incrementis,
913 1807 1020 1852 curam
1039 1807 1151 1870 gerere
1174 1794 1348 1866 teneamur,
1371 1788 1412 1852 ad
1427 1787 1498 1852 illas
1513 1791 1619 1852 tamen
1641 1792 1749 1851 nostra
1764 1784 1935 1867 specialius
1950 1784 2055 1849 studia

548 1892 721 1975 dirigimus,
752 1914 814 1975 que
845 1894 983 1957 Romane
1015 1892 1150 1957 ecclesie
1181 1891 1266 1957 nullo
1297 1893 1400 1957 medio
1431 1898 1505 1956 suut
1535 1893 1686 1956 subiecta.
1732 1889 1815 1958 Sane
1844 1889 1950 1954 relatu
1980 1906 2054 1953 non-

548 1996 704 2062 nullorum
728 1999 948 2062 canonicorum
970 1996 1106 2061 ecclesie
1121 1996 1367 2078 Vicegradcnsis
1390 2016 1488 2078 prope
1505 1997 1647 2079 Pragam,
1671 1996 1711 2060 ad
1727 1995 1860 2060 eandem
1881 1994 2053 2058 Romanam

547 2100 714 2166 ecclesiam
737 2101 822 2166 nullo
841 2102 946 2166 medio
962 2102 1160 2182 pertinentis,
1184 2107 1217 2165 et
1232 2099 1366 2165 aliorum
1388 2100 1617 2183 fiiledignorum
1640 2120 1742 2182 nuper
1756 2099 1946 2181 accepimus,
1970 2096 2053 2180 quod

548 2207 618 2287 ipsa
639 2206 884 2286 Vicegradensis
914 2205 1050 2270 ecclesia
1079 2206 1188 2270 multis
1218 2207 1422 2271 incommodis
1448 2212 1482 2271 et
1504 2206 1757 2271 deformitatibus
1780 2205 1812 2269 in
1834 2202 2053 2286 spiritualibus

548 2314 582 2374 et
603 2310 830 2392 temporalibus
854 2296 1037 2374 sublatebat
1061 2316 1094 2375 et
1116 2312 1285 2392 presertim
1309 2330 1348 2376 11
1371 2330 1419 2389 11,
1443 2312 1601 2391 quianon
1624 2310 1685 2375 fuit
1706 2331 1725 2374 1
1748 2309 1849 2392 longis
1871 2309 1952 2373 citra
1974 2312 2053 2372 tem·

549 2415 678 2496 poribus
711 2434 767 2496 per
796 2415 933 2496 aliquem
959 2414 1010 2479 uel
1033 2414 1155 2497 aliquos
1185 2417 1374 2480 auctoritate
1404 2415 1578 2498 apostolica
1600 2416 1737 2493 visitata,
1771 2413 1862 2479 nobis
1891 2410 2054 2477 humiliter

549 2519 807 2601 supplicancium,
831 2526 865 2583 ut
889 2520 1055 2601 providere
1078 2539 1176 2602 super
1197 2520 1255 2584 hoc
1279 2526 1411 2602 patema
1441 2519 1608 2601 diligencia
1631 2537 1821 2584 curaremus.
1868 2517 1934 2582 Nos
1958 2517 2054 2598 igitur

549 2624 775 2705 supplicationi
798 2623 977 2688 huiusmodi
993 2623 1081 2689 velut
1103 2625 1221 2689 racioni
1237 2644 1373 2689 consone
1388 2626 1554 2707 benignius
1569 2625 1710 2690 inclinati
1733 2622 1920 2689 discrecioni
1935 2626 2053 2698 vestre,

550 2729 590 2792 de
613 2748 676 2810 qua
697 2727 844 2792 fiduciam
860 2730 892 2793 in
908 2728 1032 2793 domiuo
1055 2730 1194 2811 gerimus
1217 2730 1400 2811 pleniorem,
1424 2750 1482 2813 per
1496 2730 1670 2812 apostolica
1688 2730 1807 2811 scripta
1829 2727 2053 2793 committimus

551 2837 584 2897 et
605 2832 799 2911 mandamus,
823 2833 972 2914 quatinus
987 2852 1043 2897 ros
1059 2834 1109 2897 111
1132 2833 1214 2899 alter
1234 2841 1377 2899 vestrum
1391 2836 1431 2900 ad
1447 2835 1579 2900 eandem
1595 2834 1862 2918 Vicegradenscm
1885 2830 2053 2897 ecclesiam

548 2936 758 3018 personaliter
787 2936 988 3001 conferentes
1019 2939 1181 3019 ipsamque
1211 2939 1380 3003 ecclesiam
1403 2945 1436 3004 et
1458 2959 1609 3020 personas
1639 2938 1782 3005 eiusdem
1805 2938 1924 3002 tamin
1948 2936 2051 3019 capite

549 3061 642 3123 quarn
666 3043 698 3106 in
716 3042 865 3106 membris
888 3041 947 3106 hac
961 3042 1031 3106 vico
1047 3045 1236 3108 auctoritate
1259 3044 1433 3125 apostolica
1454 3045 1620 3110 visitantes
1643 3045 1866 3109 reformarent
1882 3042 2050 3124 corrigere,

548 3166 610 3227 que
634 3146 749 3211 ibidem
770 3148 801 3210 iu
817 3145 1036 3227 spiritualibus
1055 3153 1088 3212 et
1102 3149 1329 3229 temporalibus
1352 3149 1587 3214 reformacionis
1610 3169 1647 3214 ac
1670 3148 1878 3214 correccionis
1900 3145 2051 3222 remedio,

547 3251 733 3332 simpliciter
756 3250 851 3314 etde
875 3249 977 3331 plano,
1008 3254 1076 3317 sine
1107 3255 1243 3334 strepitu
1266 3259 1300 3318 et
1321 3253 1422 3335 figura
1452 3255 1570 3333 iudicii,
1600 3254 1743 3336 indigere
1765 3252 1961 3334 repereritis,
1984 3254 2051 3314 stu-

549 3354 690 3434 deatis,·)
715 3356 963 3420 contradictores
986 3363 1057 3434 111,
1082 3358 1127 3422 sic
1149 3376 1205 3421 vos
1228 3377 1325 3439 super
1347 3359 1408 3423 hiis
1430 3359 1578 3436 babituri,
1609 3358 1693 3440 quod
1715 3377 1755 3422 ex
1776 3356 1893 3422 vestris
1916 3354 2052 3437 1111111-

550 3459 727 3526 racionibus
750 3461 783 3524 11
805 3460 864 3525 hac
887 3465 977 3542 parte
1000 3460 1180 3526 salubribus
1210 3466 1339 3544 sperata
1368 3462 1472 3528 eidem
1498 3462 1633 3529 ecclesie
1664 3461 1850 3545 proveniant
1879 3458 2051 3537 commoda,

546 3582 666 3645 vosque
690 3570 798 3645 preter
827 3567 975 3647 perennis
1005 3567 1161 3631 mercedis
1192 3569 1346 3648 premium
1370 3568 1512 3633 debeatis
1543 3569 1656 3633 exinde
1685 3569 1799 3632 merito
1829 3564 2051 3642 commendari,

547 3667 586 3732 de
610 3668 670 3733 biis
694 3675 809 3746 auteur,
844 3689 906 3750 que
930 3671 1013 3734 circa
1044 3671 1197 3752 premissa
1219 3672 1371 3749 feceritis
1403 3692 1459 3738 nos
1482 3693 1539 3754 per
1562 3677 1684 3737 vestras
1714 3670 1838 3736 litteras
1860 3670 1911 3734 vel
1935 3670 2052 3734 instru-

547 3777 687 3837 mentum
717 3773 877 3854 publicum
900 3775 1056 3839 studeatis
1080 3773 1206 3839 edicere
1233 3777 1401 3840 cerciores.
1447 3779 1486 3842 ll.
1510 3778 1595 3858 apud
1617 3776 1855 3854 Villamnouam,
1879 3774 1916 3839 A.
1942 3775 1983 3852 d.,
2006 3773 2051 3838 VI

547 3895 618 3940 111.
643 3877 754 3941 Marcii
777 3897 805 3942 1.
830 3879 978 3943 secundo.

651 4075 798 4131 Clementis
817 4077 855 4131 VI
873 4078 904 4130 V.
920 4085 968 4131 137
983 4083 1063 4147 (secr.
1076 4095 1100 4132 1.
1114 4081 1151 4146 ll)
1171 4079 1189 4133 1.
1201 4082 1262 4132 214¹
1276 4096 1301 4133 n.
1316 4085 1417 4134 1811-
1435 4085 1457 4149 ¹)
1474 4081 1574 4149 ,iudicii
1591 4112 1621 4120 -
1637 4080 1780 4136 studeatis‘
1800 4079 1894 4134 111111
1907 4095 2006 4133 rasura
2020 4077 2051 4131 V.

1197 4320 1400 4328 m-..—

545 4598 639 4663 316.
665 4599 769 4661 Priori
791 4599 951 4663 durconem
975 4602 1133 4665 bleinciuc
1155 4608 1185 4666 ct
1207 4603 1307 4666 simili
1328 4605 1417 4668 inodo
1438 4607 1541 4688 priori
1563 4605 1734 4671 Bobcnn'oe
1754 4604 1923 4688 hospitalis
1945 4604 2052 4668 suncti

546 4700 706 4766 Jotronnis
721 4702 975 4768 Jerosolimituni
989 4705 1174 4786 recondetur,
1194 4712 1350 4787 quotenos
1364 4715 1513 4790 quartum
1525 4715 1653 4793 portem
1668 4710 1904 4792 responsionum
1918 4728 2051 4772 snorum

540 4806 744 4885 procuratori
766 4807 914 4885 niupistri
936 4808 1015 4872 dicti
1035 4807 1203 4891 hospitatis
1220 4812 1252 4874 in
1266 4812 1441 4876 srobsidiune
1453 4834 1513 4897 pro
1528 4815 1722 4897 repressione
1747 4814 1777 4877 T
1773 4833 1919 4877 nrcornm
1934 4810 2051 4876 soluere

1160 4934 1219 4978 non
1237 4921 1441 4999 postponunt.

1339 5091 1435 5175 Apud
1466 5092 1814 5167 11111111111344
1838 5091 1954 5157 olenii
1975 5093 2006 5155 4.

651 5285 689 5347 l),
714 5286 783 5348 1...
809 5286 906 5365 priori
938 5286 1099 5350 ilouiorum
1131 5288 1262 5353 Francis
1293 5292 1761 5372 1111111111111111111111111
1791 5290 2052 5358 Jerosolimitaui.

545 5389 643 5452 Tuam
668 5388 871 5468 prudenciam
902 5392 1107 5471 supponimus
1131 5392 1257 5457 indubie
1282 5395 1475 5461 1111111111.
1507 5398 1590 5477 (qumi
1615 5398 1732 5461 dudum
1760 5415 1884 5460 rumore
1908 5395 2052 5460 horribili

545 5497 578 5555 et
601 5492 781 5572 displicibili
805 5492 844 5555 ad
868 5494 976 5557 sedem
1006 5495 1484 5576 111111111111111111111111
1516 5503 1662 5566 noticiam
1693 5502 1833 5566 lidelium
1863 5500 2052 5578 deducente,

546 5597 629 5675 (prod
653 5617 730 5672 gens
755 5596 807 5658 illa
827 5596 1021 5661 ferocissium
1045 5603 1184 5664 riucionis
1207 5603 1455 5668 aldimuiuabilis.
1480 5607 1673 5670 l'urcliorum
1697 5606 1845 5670 sirlelicet
1868 5604 2053 5679 infidelium,

544 5700 584 5763 ad
607 5699 829 5765 1111111111111
853 5702 1093 5768 christianormn
1117 5708 1299 5789 sauguinem
1316 5716 1348 5772 et
1364 5712 1601 5792 exstirquuulum
1618 5713 1657 5775 de
1675 5713 1819 5793 [sortibus
1834 5710 2055 5775 transmarinis
