5184 7050
1987 843 2053 910 603

540 1042 664 1111 1092.
686 1042 851 1123 libeolans,
866 1043 980 1108 aecus
1004 1044 1285 1126 Nannbnrpensis,
1301 1046 1471 1130 supplicat,
1494 1051 1651 1130 quatenns
1664 1048 1726 1112 sibi
1739 1047 1909 1114 nonnullae
1923 1048 2051 1130 pratiae

539 1145 753 1212 comedantur
774 1152 805 1211 et
825 1149 1000 1232 capellants
1022 1149 1090 1213 suis
1112 1150 1327 1232 infrascripta
1348 1152 1507 1235 beneficio,
1534 1173 1615 1233 qaae
1639 1153 1847 1238 procreationis
1867 1174 1947 1218 suae
1974 1157 2049 1218 tem-

1055 1274 1132 1337 pore
1154 1255 1322 1336 obtinebat,
1345 1262 1552 1323 reserucntur.

1473 1395 1636 1474 Acinionc,
1659 1399 1747 1464 1349
1770 1397 1938 1463 Februarii
1959 1400 2012 1464 20.

652 1582 818 1665 Supplicat
833 1585 863 1650 S.
880 1585 918 1651 V.
934 1585 1050 1649 devota
1071 1590 1218 1651 creatura
1232 1591 1340 1653 vestra
1355 1587 1514 1668 Nicolaus,
1538 1587 1661 1654 electus
1684 1588 1964 1671 Nuemburgensis,
1981 1606 2057 1670 qua-

542 1691 640 1750 tenus
663 1688 724 1752 sibi
748 1690 781 1754 in
795 1708 948 1772 personas
975 1691 1197 1773 infrascriptae
1223 1691 1459 1775 capellanorum
1474 1697 1508 1758 et
1524 1692 1711 1758 dilectorum
1734 1711 1863 1758 suorum
1886 1692 2056 1775 specialem

543 1791 684 1873 grauem
707 1791 870 1873 facientes,
895 1794 1097 1879 infrascripta
1119 1795 1282 1876 beneficia,
1315 1816 1377 1880 quo
1399 1801 1542 1880 tempore
1572 1799 1781 1879 promotionis
1804 1815 1862 1862 sue
1885 1797 2058 1875 obtinebat,

545 1895 739 1961 conferenda
762 1898 850 1979 ipsis,
875 1917 946 1965 cnm
969 1900 1127 1966 vacabunt
1167 1919 1225 1983 per
1254 1920 1369 1966 munus
1400 1901 1653 1967 consecracionis
1684 1920 1741 1967 cue
1770 1902 1821 1967 vel
1845 1901 1924 1967 alias
1946 1901 2058 1984 quouis

544 1999 639 2064 modo
662 2007 865 2083 preterquam
896 2022 954 2085 per
984 2004 1086 2086 ipsius
1116 2005 1244 2085 obitum,
1279 2006 1446 2072 donacioni
1477 1993 1652 2088 apostolice
1683 2006 1855 2088 dignemini
1882 2023 2057 2084 reservare,

546 2123 619 2167 curn
642 2105 786 2171 omnibus
809 2126 870 2172 norr
894 2109 1094 2173 obstantibus
1117 2114 1151 2174 et
1166 2110 1318 2175 clausulis
1340 2111 1505 2194 oportunis
1528 2129 1565 2176 ac
1588 2110 1820 2188 executoribus,
1845 2108 2013 2176 videlicet:

652 2207 790 2275 Joharrni
813 2211 997 2294 Malaprise,
1028 2213 1143 2279 clerico
1174 2215 1312 2292 Lucano,
1343 2213 1506 2295 capellano
1536 2232 1605 2293 suo,
1637 2213 1778 2279 studenti
1808 2213 2000 2279 Bononiensi
2024 2213 2057 2277 in

544 2311 618 2375 iuro
642 2314 802 2393 canonico,
827 2315 1119 2383 archidiaconatum
1141 2318 1390 2384 Hornouiensem
1414 2317 1446 2382 irr
1469 2318 1605 2384 ecclesia
1628 2319 1789 2403 Pragensi.

652 2416 727 2482 FIat
749 2419 786 2483 R.

653 2520 793 2588 Iohanni
816 2524 976 2609 Sagitarii,
1000 2528 1152 2592 canonico
1176 2526 1340 2606 Osiliensi,
1371 2527 1534 2609 capellano
1565 2545 1632 2606 sno,
1663 2527 1898 2610 preposituram
1922 2525 2058 2592 ecclesie

547 2623 732 2704 Osiliensis,
756 2629 846 2695 cuius
867 2630 1000 2711 fructus,
1024 2631 1169 2696 redditus
1192 2637 1226 2697 et
1248 2636 1422 2713 proventus
1446 2630 1543 2697 XIIII
1570 2650 1747 2697 marcarum
1771 2631 1894 2714 argenti
1918 2631 2057 2696 valorem

546 2747 689 2794 annuum
720 2751 784 2797 non
813 2734 980 2814 excedunt,
1015 2755 1077 2800 non
1108 2737 1266 2816 obstante,
1297 2737 1381 2818 quod
1412 2736 1495 2803 idem
1526 2735 1688 2800 lohannes
1718 2737 1751 2801 in
1781 2735 1894 2801 eadem
1924 2735 2060 2801 ecclesIa

548 2834 772 2901 canonicatum
795 2838 918 2903 othnet
940 2845 974 2905 et
995 2840 1200 2921 prebendam.

655 2939 726 3004 Fiat
749 2941 785 3006 R.
889 2959 892 2964 ·

653 3041 773 3111 Iacobo
788 3048 910 3129 Jacobi,
924 3048 1038 3114 clerico
1054 3050 1217 3132 Pragensi,
1230 3049 1452 3115 cunculcatum
1468 3053 1502 3114 et
1517 3049 1709 3131 prebendam
1724 3049 1861 3114 ecclesie
1877 3047 2059 3115 Osiliensis.

654 3148 726 3214 Fiat
747 3152 785 3216 R.

653 3253 735 3319 Item
758 3256 926 3340 supplicat,
950 3264 1109 3341 quatenus
1132 3258 1192 3323 sibi
1217 3264 1249 3323 et
1265 3257 1442 3323 Katherine
1464 3257 1505 3321 de
1527 3257 1686 3336 Ricciano,
1703 3256 1854 3338 priorisse
1874 3257 2060 3322 monasterii

548 3363 657 3428 sancti
680 3362 849 3431 Laurentii
873 3363 1052 3445 Pragensis,
1066 3362 1185 3428 ordinis
1207 3363 1309 3438 sancti
1333 3362 1513 3444 Augustini,
1544 3363 1658 3427 amicte
1681 3379 1748 3440 sne,
1779 3361 1863 3443 qnod
1887 3361 2059 3441 confessor,

550 3494 649 3560 qnerrr
673 3471 835 3556 elegerint,
848 3469 975 3552 planam
997 3468 1217 3534 remissionem
1229 3468 1261 3533 in
1276 3467 1389 3533 mortis
1413 3466 1547 3532 articulo
1563 3466 1611 3532 eis
1628 3467 1801 3533 concedere
1820 3464 1936 3547 valeat,
1952 3466 2061 3550 digne-

547 3580 627 3646 mini
652 3575 902 3643 misericorditer
924 3572 1099 3656 indulgere.

654 3683 729 3748 Fiat
750 3681 788 3745 R.

657 3788 740 3853 Item
763 3782 934 3867 dignemini
957 3783 1017 3847 sibi
1040 3780 1242 3847 caritativum
1265 3780 1442 3846 subsidium
1464 3781 1636 3863 petendum
1667 3784 1700 3844 et
1722 3779 1911 3861 exigendum
1934 3798 1953 3844 a
1976 3779 2060 3845 clero

548 3913 614 3958 non
638 3895 787 3971 exempto
810 3907 867 3953 sue
893 3887 1032 3952 civitatis
1055 3890 1088 3951 et
1110 3884 1258 3964 diocesis
1281 3890 1377 3967 prout
1399 3904 1457 3967 per
1479 3885 1723 3967 predecessores
1746 3900 1821 3947 snos
1843 3883 1911 3965 peti
1930 3887 1964 3948 et
1978 3885 2061 3967 exigi

550 3997 728 4073 consuevIt,
763 3993 939 4059 concedere
971 3992 1178 4068 moderatum,
1221 4007 1291 4054 cum
1334 3990 1478 4054 omnibus
1512 3989 1664 4055 clausulis
1697 3993 1731 4053 et
1763 4006 1826 4052 non
1860 3988 2062 4054 obstantibus

550 4100 720 4186 oportunis
743 4103 776 4164 et
798 4097 1029 4163 executoribus.

657 4204 733 4269 Fiat
754 4203 792 4267 R.

659 4309 739 4374 Item
773 4306 946 4389 dignemini
983 4305 1044 4369 sibi
1078 4304 1260 4383 concedere,
1295 4304 1380 4387 quod
1410 4305 1442 4370 iu
1473 4322 1531 4369 sna
1562 4309 1595 4369 et
1625 4303 1657 4367 irr
1687 4302 1854 4367 duodecIm
1885 4300 2062 4384 collegiatis

551 4413 700 4479 ecclesiis
723 4429 851 4476 suarum
875 4409 1014 4473 civitatis
1037 4415 1071 4474 et
1094 4408 1229 4473 diocesis
1255 4410 1359 4491 poscit
1381 4409 1514 4491 singulis
1535 4407 1682 4490 personis
1705 4407 1837 4485 idoneis
1854 4406 1954 4471 eciam
1969 4404 2063 4487 plura

550 4516 709 4583 beneficit
731 4514 958 4594 ecclesimtiea,
993 4533 1126 4597 quorum
1149 4513 1249 4578 eciam
1273 4532 1369 4578 unum
1393 4518 1537 4579 curatum
1560 4518 1616 4577 ant
1638 4512 1776 4596 dIgnitas
1799 4511 1850 4575 vel
1872 4514 2062 4594 personatus

551 4641 611 4687 seu
643 4619 781 4686 officium
813 4621 941 4698 existat,
975 4618 1203 4695 obtinentibus,
1238 4616 1381 4682 conferre
1415 4616 1556 4701 singulos
1587 4617 1790 4683 canonicatus
1820 4621 1853 4681 et
1882 4614 2062 4699 prebendas

551 4729 655 4792 eciam
677 4743 853 4799 reservare,
878 4743 948 4788 curn
971 4723 1116 4788 omnibus
1140 4720 1291 4786 clausulis
1316 4727 1349 4787 et
1370 4740 1433 4786 non
1456 4722 1656 4787 obstantibus
1678 4720 1853 4801 oportunis.

658 4827 732 4893 Fiat
754 4828 792 4892 R.
1733 4877 1736 4881 .

658 4933 741 4998 Item
765 4931 936 5014 dignemini
960 4930 1020 4995 sibi
1044 4929 1219 5013 indulgere,
1244 4928 1329 5011 quod
1351 4929 1543 4995 auctoritate
1560 4926 1737 5010 apostolica
1760 4926 1934 4992 concedere
1955 4927 2062 4995 valcat

551 5043 694 5121 quatuor
716 5036 842 5102 clericis
864 5036 987 5101 idoneIs
1009 5033 1236 5099 tabellionatus
1259 5031 1407 5099 officinm.

659 5140 731 5205 Fiat
753 5140 790 5204 R.

659 5246 741 5311 Item
765 5245 848 5327 quod
871 5245 903 5309 irr
925 5242 1004 5307 loeis
1026 5242 1205 5307 interdictIs
1226 5241 1330 5323 possit
1354 5240 1517 5306 celebrare
1540 5245 1573 5306 et
1591 5239 1702 5304 audire
1726 5239 1832 5305 divina
1855 5258 1925 5305 cum
1940 5239 2063 5307 familia

550 5356 587 5417 et
610 5350 760 5415 comitiva
783 5367 851 5427 sua,
865 5354 897 5413 et
920 5347 1013 5429 quod,
1031 5351 1201 5429 antequam
1225 5346 1392 5411 illucescat
1414 5345 1493 5424 dies,
1509 5346 1610 5427 possit
1629 5345 1756 5409 missam
1772 5342 1879 5409 lacere
1895 5345 2062 5425 celebrari,

551 5457 616 5522 sibi
641 5454 807 5537 indulgere
830 5453 1011 5536 dignemini,
1036 5458 1072 5515 ut
1094 5454 1127 5517 in
1149 5452 1260 5517 forma.

661 5559 734 5624 Fiat
755 5559 793 5624 R.
840 5561 877 5624 In
900 5558 1000 5624 Iorma
1023 5557 1059 5621 R.

660 5664 742 5728 Item
776 5663 860 5745 qnod
891 5681 1000 5727 ornnes
1030 5667 1064 5727 et
1093 5660 1235 5743 singulas
1265 5676 1420 5741 personas
1450 5664 1483 5724 et
1513 5659 1740 5724 universitates
1770 5677 1898 5724 suarum
1922 5658 2063 5723 civitatis

555 5776 592 5836 et
616 5768 765 5845 diocesIs,
789 5768 842 5849 qui
864 5784 1034 5851 processus
1057 5772 1091 5832 et
1113 5765 1293 5830 sentencias
1315 5764 1417 5829 factos
1444 5769 1476 5827 et
1492 5763 1575 5828 latos
1598 5769 1708 5828 contm
1724 5763 1893 5845 dampnate
1915 5762 2066 5827 memorie
