5184 7050
1976 852 2037 918 111

524 1059 716 1140 quibusdam
741 1058 947 1139 pecuniarum
970 1059 1102 1122 summis
1126 1064 1158 1122 et
1180 1059 1277 1122 rebus
1301 1058 1375 1122 aliis
1398 1058 1591 1122 iniurientur·
1613 1057 1742 1121 eisdem.
1766 1056 1907 1138 Ideoque
1923 1057 2038 1122 irater·

523 1163 621 1227 nitati
644 1167 701 1227 tue
724 1180 784 1243 per
805 1161 982 1243 apostolica
1005 1162 1126 1242 scripta
1150 1162 1346 1240 rnandamus,
1371 1162 1523 1243 quatinus
1545 1161 1692 1241 partibus
1716 1162 1898 1226 convocatis
1923 1161 2038 1226 audias

525 1283 658 1328 causam
682 1267 715 1328 et
738 1263 959 1347 appellacione
981 1270 1103 1328 remota
1126 1264 1235 1328 debito
1257 1262 1320 1328 fine
1343 1263 1483 1342 decidas,
1507 1262 1639 1342 iaciens,
1663 1264 1747 1345 quod
1771 1264 1960 1342 decreveris,
1982 1285 2039 1347 per

525 1387 691 1433 censuram
715 1367 967 1433 ecclesiasticam
991 1368 1125 1433 firmiter
1147 1369 1321 1433 observari.
1366 1369 1479 1433 Testes
1510 1373 1627 1446 autem,
1651 1368 1706 1448 qui
1729 1366 1849 1432 fuerint
1872 1370 2035 1448 nominati,

525 1473 551 1537 si
575 1490 611 1536 se
635 1472 754 1554 gracia,
778 1472 850 1536 odio
874 1472 923 1537 vel
947 1473 1060 1537 timore
1084 1473 1311 1549 subtraxerint,
1345 1490 1480 1536 censura
1503 1471 1609 1550 simili,
1634 1470 1854 1553 appellaciona
1877 1477 2035 1550 cessante,
2065 1521 2071 1533 „

527 1575 699 1657 compellas
722 1576 851 1640 veritati
873 1576 1092 1641 testimonium
1107 1576 1285 1658 perbibere.
1311 1576 1349 1640 D.
1368 1575 1525 1640 Aninione
1540 1574 1608 1640 IIII
1623 1574 1666 1639 id.
1684 1574 1764 1640 Maii
1779 1594 1809 1655 ρ.
1827 1594 1857 1640 ιι.
1875 1595 1902 1640 a.
1923 1576 2034 1657 primo.

628 1763 768 1832 originale
787 1764 814 1819 in
833 1764 954 1819 archivio
973 1763 1125 1819 Dresdensi
1144 1780 1205 1817 cum
1223 1763 1300 1843 bulla
1318 1763 1446 1832 plumbea
1465 1763 1615 1818 Clementis
1633 1779 1723 1831 papae
1741 1764 1777 1817 VI
1794 1763 1823 1817 in
1842 1764 1888 1818 iilo
1914 1764 2025 1820 canabis

527 1851 555 1904 ln
574 1851 701 1920 registris
720 1858 777 1903 tum
795 1850 1034 1904 Avenionensibus
1053 1858 1110 1904 tum
1129 1849 1270 1905 Vaticanis
1289 1867 1344 1904 non
1365 1856 1407 1904 est
1431 1858 1579 1917 repertum.
1605 1848 1719 1904 Tenatio
1745 1849 1829 1904 deest.
1867 1849 1917 1904 Ed.
1943 1851 2027 1904 Rem,

530 1937 566 1991 IV
585 1954 611 1991 n.
634 1943 709 2002 net,
729 1936 778 1991 sed
796 1952 911 1990 erronee
932 1937 982 1991 sub
1002 1935 1066 1989 data
1086 1942 1168 1999 ,1342
1188 1936 1255 1990 Maii
1276 1943 1332 1988 12“.

527 2532 619 2595 203.
654 2527 791 2591 Tlrobios
815 2528 853 2590 dc
877 2528 1083 2609 Postnpenics
1104 2528 1275 2610 delinietur
1298 2527 1442 2592 collector
1465 2528 1508 2590 od
1538 2526 1759 2608 recolligendos
1783 2532 1916 2606 sinicius
1938 2525 2040 2609 primi

526 2634 606 2697 anni
636 2630 832 2712 sinpntornrn
862 2631 1079 2711 benqteiornm
1110 2632 1154 2695 ed
1184 2631 1378 2714 apostoticae
1399 2631 1482 2694 sect-is
1506 2630 1740 2712 dispositionem
1763 2652 1802 2695 ecc
1822 2631 1967 2712 generali
1989 2630 2037 2694 vet

525 2736 661 2819 speciali
684 2737 895 2799 reservatione
915 2735 1125 2817 spectantium
1148 2735 1182 2798 in
1206 2736 1370 2816 Prayensr',
1404 2735 1604 2799 Olomncensi
1632 2740 1662 2798 et
1692 2736 1933 2801 Vrotistoviensi
1964 2736 2039 2800 cici·

1098 2838 1218 2902 tatibus
1240 2844 1271 2903 ct
1292 2839 1475 2904 diocesibns

1538 2958 1701 3039 Acinione,
1724 2963 1810 3025 1343
1835 2961 1920 3026 Moli
1941 2963 1994 3025 19.

633 3170 672 3233 Ι).
698 3169 719 3233 f.
742 3169 865 3233 Tbobie
888 3170 927 3232 do
950 3167 1167 3247 Wstupenicz,
1192 3167 1312 3231 decano
1337 3167 1471 3231 ecclesie
1499 3168 1677 3249 Pragensis.
1724 3168 1861 3246 Dudum,
1885 3168 2035 3232 videlicet

527 3273 608 3339 XIII
652 3272 715 3336 kal.
759 3273 848 3337 lunii
892 3273 1033 3352 proximo
1074 3271 1237 3353 preteriti,
1255 3271 1276 3351 ¹)
1320 3289 1377 3334 nos
1418 3273 1630 3336 necessitates
1672 3271 1881 3351 multiplices,
1923 3272 2038 3352 quibus

527 3396 655 3442 camera
687 3383 798 3440 nostra
820 3377 1025 3458 premebatur
1052 3376 1209 3451 continue,
1234 3376 1318 3439 sicut
1341 3375 1443 3440 adhuc
1466 3376 1622 3457 premitur
1644 3395 1741 3458 supra
1763 3376 1857 3453 virne,
1881 3381 1914 3440 et
1938 3375 2038 3455 ipsius

528 3483 697 3547 raritatem
719 3485 930 3563 proventuum
954 3480 994 3544 ad
1018 3479 1235 3561 subportanda
1258 3498 1356 3543 onera
1379 3480 1481 3545 cidem
1517 3498 1641 3545 camere
1671 3478 1890 3544 incumbencia
1920 3495 2038 3559 nequa·

527 3605 623 3669 quam
658 3583 888 3649 sufficiencium
923 3586 1136 3661 attendentes
1171 3584 1385 3648 necessarium
1419 3584 1556 3649 vidimus
1590 3585 1660 3648 vias
1691 3589 1723 3648 et
1745 3582 1854 3647 medos
1877 3581 1983 3648 licitos
2007 3588 2039 3646 et

527 3690 680 3753 honestos
704 3689 898 3770 perquirere,
915 3707 973 3767 per·
989 3706 1068 3769 quos
1085 3686 1269 3768 aliqualiter
1291 3687 1395 3751 eidem
1418 3689 1638 3753 consuleretur
1661 3706 1785 3751 camere
1809 3704 1905 3767 super
1927 3704 2038 3751 neces·

530 3792 683 3857 sitatibus
718 3792 898 3869 antedictis
934 3791 1069 3872 ideoque
1104 3790 1338 3855 deliberacione
1371 3797 1497 3856 matura
1531 3793 1641 3873 previa
1676 3792 1808 3869 fructus,
1838 3789 1983 3854 redditus
2006 3796 2039 3855 et

532 3901 706 3979 proventus
737 3897 832 3959 unius
867 3895 941 3959 anni
976 3895 1113 3959 omnium
1137 3900 1170 3958 et
1193 3895 1387 3974 singulorum
1409 3894 1634 3961 beneficiorum
1657 3894 1945 3960 ecclesiasticorum
1969 3912 2038 3957 cum

530 4018 607 4065 cura
630 3999 681 4063 vol
705 3999 774 4063 sinc
798 4018 884 4074 cura,
910 3999 1011 4062 eciam
1034 3997 1234 4079 dignitatum,
1263 4005 1501 4077 personatuum,
1532 3999 1846 4064 administracionum
1878 4003 1910 4062 et
1940 3996 2039 4062 offici-

529 4123 628 4181 orum,
651 4103 850 4184 prioratuum
874 4108 907 4165 et
930 4101 1064 4165 aliorum
1088 4120 1346 4182 quorumcunque
1369 4102 1509 4166 locorum
1533 4103 1831 4181 ecclesiasticorum,
1848 4102 2039 4166 secularium

531 4211 563 4271 et
592 4205 798 4289 regularium,
832 4210 1049 4285 exemptorum
1080 4208 1113 4267 et
1144 4222 1205 4267 non
1236 4210 1463 4285 exemptorum,
1494 4207 1534 4270 ad
1569 4207 1813 4288 disposicionem
1835 4211 1977 4270 nostram
2000 4225 2038 4268 ex

530 4310 672 4393 generali
696 4310 747 4373 vel
770 4308 903 4390 speciali
926 4312 1036 4372 nostra
1058 4307 1108 4370 vel
1132 4309 1393 4389 predecessorum
1416 4316 1596 4375 nostrorum
1619 4310 1831 4375 Romanorum
1854 4308 2038 4391 pontificum

532 4413 757 4476 reservacione
791 4412 1018 4491 spectantium,
1050 4430 1111 4492 que
1147 4411 1231 4491 apud
1266 4413 1374 4476 sedem
1402 4413 1609 4494 apostolicam
1640 4413 1690 4477 vel
1721 4414 1900 4495 ubicunque
1924 4413 2038 4488 alibi·)

533 4522 609 4580 tunc
632 4517 791 4579 vacabant
814 4515 864 4578 vel
888 4516 1094 4594 imposterum
1117 4533 1220 4595 usquo
1243 4515 1284 4578 ad
1308 4515 1387 4581 drros
1410 4535 1510 4580 annos
1534 4524 1650 4581 extunc
1674 4516 1901 4597 computandos
1925 4536 2039 4580 vacare

531 4621 738 4702 contingeret,
753 4620 897 4683 ecelesiis
909 4626 1025 4696 tannen,
1039 4619 1250 4699 dignitatibus
1262 4639 1300 4683 oc
1312 4620 1474 4685 ireneficiis
1492 4621 1680 4702 subscriptis
1694 4620 1868 4700 expressim
1885 4620 2038 4703 exceptis,

530 4723 753 4806 percipiendos
786 4722 889 4785 modis
927 4722 1140 4803 infrascriptis
1177 4744 1235 4805 pro
1273 4725 1393 4789 eisdem
1432 4726 1679 4790 necessitatibus
1717 4723 1829 4789 utilius
1859 4723 2039 4788 relevandis

530 4828 723 4892 auctoritate
747 4825 923 4907 apostolica
946 4828 1181 4893 reservavimus
1204 4832 1236 4892 et
1260 4829 1385 4909 prefate
1409 4848 1532 4894 camere
1566 4830 1714 4892 duximus
1745 4827 1954 4908 deputandos,
1978 4846 2039 4892 non

531 4931 732 4996 obstantibus
773 4930 1015 5011 quibuscunque
1053 4932 1184 4994 statutis
1226 4939 1259 4998 et
1297 4933 1579 4998 consuetudinibus
1618 4932 1785 4997 contrariis
1824 4932 2039 5008 ecclesiarum,

530 5035 795 5099 monasteriorum
819 5039 852 5096 et
873 5033 1024 5109 locorum,
1049 5034 1081 5097 in
1104 5036 1220 5115 quibus
1243 5037 1424 5101 huiusmodi
1446 5037 1610 5115 beneficia,
1635 5037 1819 5119 dignitates,
1839 5040 2040 5117 personatus,

530 5138 837 5215 administraciones,
861 5139 1022 5219 prioratus
1047 5137 1096 5200 vel
1120 5138 1226 5203 officia
1248 5140 1376 5218 fuerint,
1394 5143 1580 5220 iuramento,
1598 5142 1840 5206 confirmacione
1856 5141 1940 5205 dicte
1956 5140 2041 5205 sedis

531 5261 586 5306 seu
621 5260 811 5323 quacunque
844 5241 995 5304 firmitate
1030 5242 1094 5304 alia
1129 5244 1296 5322 roboratis
1332 5252 1388 5309 aut
1421 5247 1449 5309 si
1483 5245 1615 5323 fruetus
1648 5247 1792 5310 redditus
1816 5252 1848 5310 et
1871 5249 2043 5327 proventus

529 5345 709 5412 huiusmodi
741 5346 834 5426 primi
868 5347 942 5408 aurii
966 5365 1003 5407 ex
1027 5345 1195 5428 privilegio
1219 5348 1304 5412 dicte
1328 5348 1413 5414 sedis
1437 5349 1486 5412 vel
1511 5350 1592 5413 alias
1616 5350 1655 5413 do
1681 5352 1749 5414 iure
1773 5367 1830 5414 seu
1854 5368 2042 5431 quacunque

530 5448 760 5514 consuetudine
783 5449 833 5512 vei
858 5452 981 5513 statuto
1007 5449 1102 5514 alicui
1126 5452 1176 5516 vel
1201 5452 1361 5534 aliquibus
1385 5454 1586 5531 deberentur,
1612 5454 1679 5518 sive
1703 5454 1743 5517 ad
1766 5454 1921 5519 fabricam
1941 5454 2043 5519 ecclc-

530 5554 660 5630 siarum,
686 5553 950 5617 monasteriorum
975 5572 1030 5615 seu
1056 5553 1196 5619 locorum
1219 5558 1434 5638 quorumlibet
1456 5577 1514 5639 per
1537 5576 1742 5638 quoscunque
1766 5557 1870 5622 forent
1901 5557 2042 5622 concessi

530 5658 580 5721 vel
605 5657 708 5720 eciam
732 5655 878 5739 deputati
903 5675 959 5720 seu
983 5660 1151 5740 rorrtigerit
1174 5662 1277 5725 medio
1300 5666 1443 5743 tempore
1468 5661 1625 5743 deputari,
1650 5667 1706 5724 aut
1729 5661 1756 5725 si
1780 5666 1888 5726 essent
1910 5663 1942 5726 in
1966 5680 2043 5724 usus

531 5762 611 5825 alios
635 5761 852 5824 convertendi.
885 5762 1050 5825 Voluimus
1075 5768 1191 5839 autem,
1216 5763 1309 5843 quod,
1335 5764 1361 5825 si
1386 5763 1468 5827 idom
1495 5762 1681 5827 beneficium
1713 5764 1763 5827 bis
1786 5763 1836 5827 vel
1868 5764 1987 5845 pluries
2011 5766 2043 5830 in
