5184 7050
675 795 737 861 772

669 1019 727 1084 per
750 998 927 1081 apostolice
949 996 1034 1061 sedis
1057 997 1292 1077 providenciam
1316 996 1464 1073 ordInari,
1489 997 1705 1063 canonicatum
1730 1000 1763 1060 ct
1787 994 1988 1076 prebendam
2019 994 2177 1075 predictos,

670 1104 744 1170 dnm
768 1103 871 1167 arlhuc
894 1102 978 1166 idem
1002 1100 1169 1166 Conradns
1192 1106 1303 1183 ageret
1327 1101 1535 1178 inhumanis,
1558 1100 1709 1166 videficet
1730 1101 1810 1167 VIII
1828 1099 1900 1163 idus
1917 1098 2073 1165 Ianuarii
2091 1104 2177 1181 ponti·

670 1207 785 1274 ficatus
819 1207 918 1271 nostri
953 1225 1034 1271 anno
1069 1206 1206 1283 serto,¹l
1241 1206 1405 1270 collacioni
1440 1211 1473 1270 et
1504 1205 1708 1285 disposicioni
1738 1205 1856 1269 nostris
1879 1223 1922 1268 ea
1944 1204 2020 1269 vice
2045 1204 2179 1269 duximus

670 1312 853 1396 specialiter
875 1310 1094 1385 reservandae,
1118 1309 1328 1374 decernentes
1351 1314 1467 1373 extunc
1490 1309 1614 1373 irritum
1639 1312 1671 1373 et
1694 1309 1797 1385 inane,
1821 1310 1848 1373 si
1873 1326 1971 1373 secus
2005 1328 2112 1391 snper
2132 1310 2180 1377 biis

671 1436 690 1482 a
711 1434 869 1499 quoquam
892 1414 1004 1496 quavis
1027 1415 1219 1478 auctontate
1244 1415 1382 1478 scienter
1399 1412 1448 1477 rel
1465 1413 1646 1495 ignoranter
1662 1413 1861 1496 contingeret
1882 1414 2092 1496 attemptari.
2116 1414 2180 1481 Corn

672 1522 782 1603 itaque
814 1518 1012 1601 postmodum
1045 1518 1251 1581 canonicatus
1282 1523 1315 1581 et
1346 1516 1507 1598 prebenda
1543 1517 1676 1597 predicti
1709 1536 1766 1597 per
1787 1516 1909 1581 obitum
1935 1517 2017 1583 dicti
2044 1517 2180 1597 Conrali,

671 1625 725 1708 qni
759 1629 850 1689 extra
885 1622 1055 1687 Romanam
1091 1623 1211 1685 curiam
1245 1621 1328 1685 diern
1364 1620 1478 1685 clausit
1513 1627 1697 1699 extremum,
1732 1622 1917 1685 vacaverint
1953 1628 1988 1687 et
2011 1630 2132 1689 vacent
2150 1626 2181 1689 ad

672 1746 812 1812 presens
836 1726 912 1792 licet
935 1726 965 1789 d.
989 1725 1009 1789 f.
1034 1726 1185 1790 Swiertno
1209 1725 1248 1790 de
1272 1725 1404 1789 Zdanitz
1438 1725 1525 1806 ipsos
1555 1725 1594 1788 de
1628 1725 1712 1789 facto
1745 1744 1803 1805 por
1835 1727 2004 1791 biennium
2042 1735 2079 1793 et
2112 1730 2182 1793 ultro

672 1832 845 1900 detinuerit
866 1836 962 1913 prout
984 1829 1087 1894 adbuc
1110 1830 1233 1893 detinet
1255 1833 1437 1910 occupatos,
1460 1828 1630 1910 nullusque
1653 1834 1763 1910 preter
1784 1848 1842 1894 nos
1865 1830 1926 1895 hac
1951 1832 2027 1895 vice
2045 1831 2087 1898 de
2103 1834 2182 1899 rlictis

673 1936 861 2001 canonicatu
896 1940 928 1999 et
961 1935 1124 2017 prebenda
1158 1934 1327 2013 disponere
1358 1934 1468 2015 possit,
1500 1934 1720 1998 reservatione
1744 1939 1776 1998 ct
1799 1934 1931 2000 decreto
1956 1936 2183 2003 obsistentibus

672 2040 881 2123 supradictiS:
916 2057 973 2103 nos
1007 2038 1149 2103 volentes
1182 2038 1242 2102 tibi
1275 2058 1303 2119 p.
1335 2056 1375 2101 m.
1407 2042 1430 2101 t.
1454 2038 1474 2102 i.
1498 2056 1542 2121 gr.
1567 2037 1588 2105 f.
1612 2055 1672 2119 sp,
1704 2038 1864 2120 predictos
1895 2041 2128 2106 canonicatum
2158 2050 2182 2107 ct

674 2145 866 2227 prebendam
890 2145 936 2208 sio
959 2148 1109 2207 vacantes
1133 2161 1204 2205 curn
1227 2161 1257 2223 p.
1282 2142 1301 2205 i.
1327 2161 1352 2205 c.
1378 2147 1410 2206 et
1433 2160 1461 2205 o.
1486 2142 1506 2204 i.
1530 2146 1563 2205 et
1584 2160 1615 2222 p.
1640 2162 1665 2205 s.
1681 2160 1732 2223 ap.
1748 2142 1807 2207 tibi
1830 2151 1914 2209 auct.
1943 2146 2140 2211 conferimus
2156 2154 2182 2211 et

674 2249 714 2313 de
737 2248 800 2313 illis
836 2249 937 2313 eciam
967 2247 1169 2328 providemus
1194 2265 1292 2322 ...3
1317 2263 1379 2309 non
1414 2246 1612 2310 obstantibus
1742 2266 1799 2311 sen
1833 2248 1919 2329 quod
1958 2250 2183 2329 parrochialem

674 2350 841 2418 ecclesiam
871 2352 902 2415 in
933 2349 1081 2432 Huogitz,
1110 2350 1331 2415 blomucensis
1354 2349 1500 2428 dioceeIs,
1522 2351 1664 2415 nosceris
1687 2350 1829 2416 obtinere
1853 2401 1941 2416 ....
1970 2354 2010 2418 D.
2037 2356 2182 2420 Aniniono

675 2457 709 2523 II
733 2473 805 2520 non.
827 2452 907 2521 Julii
929 2473 958 2517 a.
982 2454 1158 2518 undecimo.

778 2561 815 2624 In
838 2577 866 2624 e.
890 2578 930 2623 ιιι.
955 2558 1005 2622 dd.
1030 2556 1061 2621 ff.
1086 2607 1117 2621 ..
1142 2558 1261 2623 decano
1285 2563 1318 2621 et
1341 2606 1373 2621 ..
1397 2556 1566 2622 scolastico
1589 2557 1757 2641 pragensis
1779 2576 1816 2624 ac
1840 2610 1874 2623 ..
1899 2562 2047 2628 sacriste
2065 2566 2181 2631 Aninio

676 2662 785 2729 nensis
808 2662 1014 2728 ecclesiarum
1037 2680 1061 2725 s.
1086 2668 1145 2727 etc.
1170 2712 1252 2726 ...
1276 2663 1316 2726 D.
1341 2666 1375 2725 ut
1398 2680 1423 2726 s.

780 2852 928 2907 Clementis
953 2850 990 2906 VI
1015 2853 1047 2905 Α.
1072 2850 1140 2921 let
1165 2851 1183 2903 l.
1203 2855 1253 2904 262
1277 2866 1305 2903 n.
1331 2854 1374 2916 24,
1402 2849 1437 2904 de
1463 2850 1631 2918 praebendis
1659 2850 1817 2907 vacantibus
1842 2868 1890 2921 qa.
1919 2854 2033 2909 izv.
2053 2864 2104 2910 ara
2121 2858 2138 2911 i,
2157 2863 2183 2909 tt

675 2954 701 2991 ιι.
721 2944 763 2991 24.
781 2966 814 2979 -
835 2939 855 3005 ¹)
874 2942 941 2991 1³48
960 2937 1087 2993 Ianuarii
1105 2942 1128 2990 6.
1383 2946 1386 2951 ’

1330 3071 1534 3082 ————-

675 3307 796 3373 1601.
821 3302 951 3375 Parcus,
975 3303 1087 3367 eiectus
1114 3302 1294 3377 (imoensis,
1317 3303 1488 3386 supplicat,
1512 3309 1546 3367 ut
1570 3307 1683 3369 Petras
1708 3305 1815 3384 Epidii
1838 3307 1877 3369 rie
1901 3309 2048 3389 Koictr'n,
2071 3313 2103 3374 si
2122 3334 2179 3375 eam

675 3406 868 3473 bonricr'dunr
884 3428 949 3471 esse
964 3410 1147 3484 constiterit,
1161 3409 1352 3472 crrnoru'coiu
1365 3412 1395 3471 ei
1407 3409 1591 3490 praebendo
1605 3407 1753 3475 ecclcsIac
1771 3410 2040 3479 translacionis
2051 3418 2182 3499 prirrlrrr

1030 3515 1060 3575 ei
1083 3511 1120 3575 ric
1143 3511 1258 3576 eisdem
1282 3513 1375 3577 Petro
1398 3512 1436 3577 dc
1463 3514 1599 3578 Rabbow
1617 3515 1834 3598 provideatur.

1706 3653 1869 3728 Aoioione,
1894 3657 1987 3723 1352
2010 3659 2100 3727 Jatb·
2119 3661 2146 3724 6.

780 3805 944 3891 Significat
966 3806 998 3872 S.
1023 3807 1059 3872 V.
1083 3808 1199 3872 devota
1222 3815 1368 3874 creatura
1389 3814 1497 3874 vestra
1516 3809 1644 3890 Paulus,
1661 3809 1782 3876 electus
1798 3811 1988 3894 GnrcensiS,
2006 3818 2105 3899 quod,
2119 3817 2181 3882 licet

677 3911 792 3978 Petrus
824 3910 931 3991 Epidii
967 3910 1005 3973 de
1040 3910 1191 3994 Cogetyn,
1227 3930 1376 3978 asserens
1409 3933 1444 3978 so
1483 3913 1632 3980 clericum
1663 3915 1883 3982 Olomncensis
1919 3919 2075 4001 diocesis,
2109 3927 2182 3986 esset

679 4015 822 4081 notorius
845 4014 1037 4094 lromicida,·)
1061 4016 1129 4097 ipse
1152 4022 1258 4080 tomen
1282 4017 1321 4081 de
1344 4016 1403 4081 boc
1418 4018 1516 4082 tacito
1539 4019 1755 4083 canonicatum
1779 4024 1811 4084 et
1832 4022 2037 4102 prebendam
2061 4025 2182 4090 ecclesie

679 4117 961 4194 WratisIauiensis,
986 4139 1065 4200 quos
1089 4120 1232 4184 dominus
1255 4120 1426 4198 Jolrannes,
1450 4122 1618 4203 episcopus
1642 4122 1871 4203 olomucensis,
1897 4128 1951 4192 rui
1976 4132 2094 4196 eadem
2109 4131 2137 4196 S.
2152 4129 2181 4194 l'.

680 4223 720 4286 rle
744 4222 880 4286 ecclesia
901 4220 1107 4287 olomucensi
1129 4225 1276 4305 providit,
1302 4225 1333 4287 in
1357 4224 1441 4288 dicta
1464 4225 1720 4291 WratisIauiensi
1750 4226 1886 4293 ecclesia
1916 4231 2102 4312 obtinebat,
2124 4253 2182 4298 rum

680 4345 734 4392 eos
757 4345 814 4408 per
837 4327 1108 4391 consecracionem
1133 4328 1233 4410 ipsius
1256 4328 1407 4410 episcopi,
1431 4335 1506 4393 tunc
1529 4329 1633 4406 electi,
1657 4330 1706 4395 vel
1731 4331 1792 4395 alio
1815 4335 1930 4413 quovis
1953 4339 2053 4403 modo
2075 4347 2182 4421 preter·

681 4447 774 4512 quarn
796 4448 854 4512 per
877 4430 996 4494 obitum
1020 4431 1096 4495 dicti
1120 4431 1270 4512 episcopi,
1293 4437 1369 4497 tunc
1392 4432 1496 4511 electi,
1520 4453 1635 4498 vacare
1657 4436 1828 4518 continget,
1852 4437 2073 4507 conferendos
2093 4444 2182 4507 eidem

680 4534 774 4599 Petro
798 4552 816 4597 a
840 4533 870 4599 S.
895 4534 931 4599 V.
955 4553 1052 4616 snper
1075 4535 1133 4600 lroc
1164 4537 1379 4601 circumventa
1409 4538 1575 4602 collacioni
1609 4545 1642 4602 et
1674 4540 1878 4622 dispositioni
1908 4551 2022 4610 vestre
2059 4547 2183 4611 obtinuit

680 4637 848 4703 reservari.
873 4641 978 4716 Quare
1001 4639 1160 4720 supplicat
1183 4640 1286 4706 dictus
1312 4642 1437 4719 Paulus,
1462 4647 1629 4724 quatenus,
1653 4661 1692 4706 ne
1715 4644 1877 4725 predictos
1908 4652 2136 4716 canonicatum
2155 4659 2181 4712 et

681 4741 874 4825 prebendam
903 4760 962 4824 per
992 4743 1127 4807 eundern
1159 4745 1287 4808 Pctrurn
1319 4751 1466 4825 pretextu
1497 4748 1727 4812 reservacionis
1749 4748 1929 4814 buiusnrorli
1954 4753 2182 4836 subrepticiell

681 4845 823 4910 indebite
858 4847 1005 4925 occupari
1040 4848 1211 4929 contingat,
1246 4849 1350 4914 eirlern
1384 4849 1482 4915 Paulo
1517 4852 1548 4914 in
1578 4870 1746 4933 personam
1777 4852 1884 4918 dilecti
1908 4858 1961 4920 sui
1986 4858 2154 4924 familiaris
2167 4867 2183 4906 ·'·=

682 4949 769 5014 Petri
802 4948 840 5013 de
871 4949 1005 5012 Bancou
1037 4951 1206 5031 specialem
1237 4954 1375 5034 graciam
1405 4955 1569 5033 iacientes,
1601 4954 1697 5020 alicui
1721 4957 1857 5021 discreto
1882 4959 1913 5022 in
1938 4964 2093 5040 partibus
2115 4983 2183 5028 core

682 5053 809 5118 mittere
833 5052 1013 5133 digncnnni,
1038 5059 1074 5117 ut
1096 5058 1216 5120 vocatis
1240 5057 1323 5121 dicto
1346 5059 1439 5123 Petro
1464 5060 1569 5142 Egirlii
1593 5064 1625 5124 et
1647 5060 1729 5140 aliis,
1752 5063 1806 5144 qui
1830 5061 1951 5129 fuerint
1975 5071 2142 5135 evocarnli.
2161 5067 2183 5133 si

683 5156 743 5220 sibi
767 5157 946 5219 constiterit
968 5157 1144 5238 predictum
1169 5161 1298 5224 Petrum
1322 5162 1426 5243 Egirlii
1457 5163 1646 5228 lronricidarn
1681 5165 1781 5229 fulsse
1814 5171 1848 5228 et
1881 5185 1966 5245 esse,
2002 5174 2184 5236 arroteritae

683 5264 792 5324 vestra
816 5258 986 5325 denunciet
1009 5264 1262 5329 reservocionenr
1285 5265 1473 5343 lruiusnrorli,
1498 5287 1554 5348 pro
1579 5268 1662 5332 dieto
1686 5270 1781 5333 Petro
1804 5269 1910 5350 Egidii
1937 5278 1975 5337 ut
2000 5279 2185 5356 premittitur

682 5364 810 5440 iactam,
827 5382 887 5427 non
907 5368 1017 5428 tenere
1040 5385 1098 5429 nec
1121 5368 1191 5430 eius
1215 5368 1322 5450 vigore
1345 5389 1439 5450 posse
1461 5372 1606 5453 predicto
1630 5374 1724 5437 Petro
1745 5374 1851 5456 Egidii
1875 5375 1914 5439 rle
1941 5379 2084 5457 prelatis
2107 5399 2185 5445 cano

685 5467 791 5532 nicatu
804 5472 837 5532 et
850 5467 1011 5549 prebendo
1029 5471 1196 5550 provideri,
1211 5471 1375 5554 ipsumque
1389 5475 1516 5539 Petrunr
1529 5477 1635 5558 Egidii
1648 5477 1826 5542 luriusnrorli
1838 5481 1950 5560 graula
1963 5486 2185 5550 reservationis

684 5590 740 5654 pro
765 5589 802 5635 eo
826 5571 910 5636 fncte
933 5577 966 5635 et
989 5573 1058 5636 eius
1082 5575 1196 5639 ellectu
1220 5577 1332 5640 cedern
1363 5581 1553 5644 auctoritate
1583 5582 1686 5661 privet
1717 5582 1882 5662 dictosque
1914 5591 2140 5655 canonicatum
2160 5601 2184 5650 ct

684 5676 886 5757 prebendam,
911 5695 967 5756 per
990 5676 1168 5742 lruiusnrodi
1193 5682 1465 5747 oorrsecrncionenr
1489 5684 1538 5747 rel
1561 5683 1623 5748 alio
1647 5686 1757 5766 quovis
1781 5685 1872 5749 inodo
1900 5701 2071 5772 vacantes
2096 5695 2184 5758 ceule
