5184 7050
1342 756 1466 824 152

1334 962 1859 1044 dampnificautes
1906 971 1970 1029 et
2016 964 2480 1048 depopulantes
2527 966 2668 1031 loca
2714 974 2778 1032 et
2826 968 3068 1033 insulas
3131 968 3616 1034 christianorum
3662 969 3948 1051 parcium
3998 972 4337 1035 earundem

1334 1068 1637 1150 ipsasque
1698 1068 1990 1133 incendio
2051 1070 2401 1135 miserabili
2449 1078 2899 1155 supponentes,
2963 1077 3047 1153 et,
3101 1074 3269 1154 quod
3318 1073 3717 1156 nephandius
3777 1078 3895 1150 est,
3962 1074 4338 1140 christianos

1334 1172 1590 1237 eosdem
1623 1173 1686 1237 in
1720 1174 1981 1254 predam
2013 1173 2337 1239 abducunt
2366 1179 2432 1240 et
2463 1176 2787 1241 subiciunt
2817 1175 3106 1242 horribili
3138 1182 3204 1242 et
3234 1183 3543 1260 perpetue
3576 1178 3889 1257 servituti,
3930 1178 4282 1243 vendentes
4297 1182 4340 1259 e)

1333 1296 1444 1341 eos
1477 1280 1548 1340 ut
1581 1276 1881 1340 animalia
1929 1277 2228 1359 ipsosque
2268 1278 2348 1341 ad
2382 1278 2820 1361 abnegandum
2866 1279 3054 1344 fidem
3102 1281 3480 1346 catholicam
3527 1281 3999 1363 compellenteS,
4049 1283 4340 1364 quodque

1332 1381 1607 1447 insulam
1652 1381 2051 1463 Nigripontis
2113 1382 2383 1448 diversis
2446 1385 2837 1466 temporibus
2884 1389 2950 1448 et
2994 1385 3240 1451 vicibus
3302 1404 3442 1449 cum
3489 1404 3705 1450 eorum
3766 1386 3986 1468 iniqua
4046 1388 4341 1469 potencia

1331 1490 1398 1550 et
1428 1485 1641 1550 furore
1688 1486 2017 1550 sevissime
2063 1485 2342 1552 feritatis
2388 1487 2710 1553 hostiliter
2748 1489 3119 1553 invaserunt
3149 1494 3215 1553 et
3247 1492 3392 1570 post
3425 1488 3978 1571 depopulacioneS,
4027 1490 4339 1569 incendia,

1332 1592 1520 1655 cedes
1566 1596 1632 1655 et
1677 1590 1883 1672 spolia
1942 1608 2058 1671 per
2115 1590 2408 1656 infideles
2469 1593 2643 1674 ipsos
2705 1593 2767 1656 in
2816 1592 2987 1656 dicta
3050 1599 3114 1657 et
3160 1594 3306 1659 aliis
3369 1592 3594 1657 insulis
3654 1610 3728 1656 ac
3773 1593 3963 1657 terris
4028 1593 4339 1660 dictarum

1330 1695 1615 1777 parcium
1662 1695 2022 1758 immaniter
2066 1701 2439 1776 perpetrata
2486 1696 2980 1762 innumerabiles
3027 1715 3335 1778 personas
3373 1696 3655 1762 fidelium
3699 1697 4044 1762 eorundem
4092 1700 4339 1780 cepisse

1328 1799 1630 1881 ipsasque
1677 1800 1740 1862 in
1785 1801 2158 1864 servitutem
2203 1800 2555 1882 predictam
2599 1800 2926 1883 redegisse
2972 1800 3267 1883 prodolor
3313 1803 3705 1865 asseruntur.
3791 1798 3949 1865 Cum
3997 1807 4217 1867 autem
4261 1803 4336 1867 de

1324 1901 1687 1967 huiusmodi
1747 1904 1963 1985 pravis
2024 1905 2356 1968 conatibus
2418 1910 2485 1969 et
2544 1905 3084 1987 oppressionibuS,
3147 1924 3305 1987 quos
3365 1904 3502 1969 fera
3563 1904 3899 1986 paganitas
3967 1906 4033 1970 in
4081 1906 4336 1972 eosdem

1323 2007 1548 2073 fideles
1609 2009 1700 2073 sic
1753 2012 2007 2072 exercet
2065 2008 2387 2087 atrociter,
2452 2009 2516 2073 in
2576 2009 2817 2073 intimis
2879 2009 3206 2074 doleamus
3267 2014 3332 2073 et
3390 2012 3730 2090 propterea
3788 2009 3928 2073 vias
3989 2015 4057 2074 et
4114 2012 4335 2075 modos

1324 2112 1873 2192 exquisive1·i1nuS‚
1921 2116 1993 2175 ut
2038 2113 2236 2176 statui
2282 2112 2593 2177 dictorum
2657 2112 3141 2178 clu-istianorum
3189 2113 3280 2177 sic
3327 2130 3631 2195 oppresso
3690 2131 4025 2194 possemus
4087 2114 4335 2179 utiliter

1320 2216 1688 2296 providere:
1753 2215 2011 2279 tandem
2057 2215 2347 2298 diligenti
2392 2221 2675 2281 tractatu
2730 2235 2924 2297 super
2970 2216 3093 2280 hiis
3139 2216 3473 2298 prehabito
3536 2216 3828 2281 duximus
3890 2217 4330 2297 ordinandum,

1322 2326 1394 2382 ut
1439 2325 1613 2383 certa
1660 2324 1906 2384 armata
1950 2319 2275 2401 galearum
2322 2339 2436 2401 per
2478 2339 2594 2384 nos
2628 2321 2692 2384 in
2724 2321 2846 2385 isto
2894 2321 3097 2401 primo
3131 2339 3294 2384 anno
3332 2320 3615 2385 realibus
3662 2320 3967 2385 subsidiis
4000 2320 4082 2385 de
4113 2328 4330 2387 nostra

1322 2442 1592 2503 camera,
1657 2424 1809 2489 licet
1855 2424 1940 2487 sit
1984 2423 2202 2488 multis
2264 2442 2682 2505 expensarum
2744 2424 3042 2488 oneribus
3104 2429 3451 2506 aggravata
3499 2429 3565 2488 et
3611 2423 3838 2489 deinde
3900 2424 4328 2506 spiritualium

1319 2532 1385 2593 ct
1430 2528 2007 2593 ecclesiastic-,olum
2055 2527 2358 2592 subsidiis
2406 2527 2788 2606 adiuvanda,
2836 2546 3079 2591 necnon
3128 2514 3190 2591 c.'
3226 2528 3291 2592 in
3340 2526 3453 2593 Ch.
3502 2527 3543 2593 f.
3592 2545 3650 2593 n.
3700 2527 4053 2609 Hugonem‚
4115 2548 4325 2611 regem

1321 2632 1495 2714 Cipri
1542 2634 1872 2709 illustrem,
1921 2637 1985 2695 et
2026 2631 2128 2695 dd.
2159 2630 2221 2696 ff.
2256 2683 2269 2697 .
2308 2682 2320 2695 .
2370 2632 2742 2714 magistrum
2775 2635 2840 2695 et
2870 2630 3103 2696 fratres
3147 2631 3486 2712 hospitalis
3532 2632 3736 2695 sancti
3782 2630 4098 2697 Johannis
4144 2633 4325 2698 Jero-

1317 2738 1660 2803 solimitani
1710 2742 1775 2800 et
1820 2756 1877 2800 n.
1927 2756 1981 2800 v.
2020 2787 2033 2799 .
2071 2787 2083 2799 .
2133 2735 2356 2801 ducem
2404 2736 2824 2818 Veneciarum
2886 2741 2953 2799 et
3013 2736 3320 2818 quosdam
3383 2736 3543 2800 alios
3599 2737 3661 2799 in
3708 2736 3974 2802 instanti
4039 2736 4154 2802 fiat
4217 2757 4323 2819 pro

1316 2860 1619 2906 succursu
1668 2846 1733 2905 et
1780 2839 2146 2904 defensione
2213 2839 2495 2904 fidelium
2561 2838 2990 2919 predictorum
3059 2858 3262 2921 usque
3325 2839 3406 2902 ad
3451 2839 3793 2903 triennium
3862 2825 4191 2920 duratura,
4260 2849 4321 2906 et

1315 2945 1482 3026 quod
1549 2943 1912 3009 huiusmodi
1979 2943 2161 3025 galee
2228 2943 2646 3008 bellatoribus
2692 2948 2757 3006 et
2804 2943 2949 3006 aliis
3018 2943 3315 3026 gentibus
3384 2942 3713 3023 oportunis
3774 2947 3839 3007 et
3901 2944 4094 3008 armis
4164 2945 4321 3009 bene

1313 3050 1552 3113 munite
1601 3049 1771 3130 apud
1820 3048 2056 3111 dictam
2102 3046 2375 3112 insulam
2420 3046 2819 3129 Nigripoutis
2866 3048 2930 3110 in
2976 3048 3245 3111 instanti
3306 3047 3470 3111 festo
3519 3047 3813 3112 Omnium
3876 3048 4319 3123 Sanctorum¹)

1313 3152 1588 3217 debeant
1636 3153 1988 3229 convenire,
2051 3139 2271 3215 contra
2319 3150 2606 3214 infideles
2668 3151 2922 3214 eosdem
2978 3155 3239 3216 auctore
3298 3151 3548 3215 domiuo
3610 3150 3880 3216 viriliter
3936 3151 4317 3233 profecturo.

1310 3255 1493 3320 Licet
1527 3257 1720 3338 igitur
1751 3256 2009 3321 assidue
2041 3257 2406 3338 cogitemus,
2455 3255 2764 3337 quomodo
2798 3261 2863 3319 et
2894 3255 3171 3336 qualiter
3202 3256 3531 3336 negocium
3575 3256 3781 3337 ipsum
3815 3255 3896 3320 ad
3928 3255 4033 3320 dei
4065 3256 4317 3320 laudem

1311 3367 1376 3424 et
1420 3360 1685 3442 gloriam
1732 3365 1797 3424 et
1841 3380 1962 3424 non
2012 3360 2214 3424 solum
2260 3360 2342 3424 ad
2390 3359 2820 3423 defensionem
2869 3360 3182 3424 catholice
3228 3359 3376 3423 fidei
3424 3365 3488 3424 et
3533 3359 3964 3443 professorum
4011 3361 4313 3438 eiusdem,

1310 3464 1423 3529 sed
1469 3466 1666 3530 eciam
1714 3463 2175 3530 exaltacionem
2221 3464 2425 3546 ipsius
2471 3463 2747 3529 feliciter
2790 3470 3220 3547 prosperetur,
3277 3467 3342 3529 et
3385 3482 3499 3545 pro
3546 3462 3817 3529 feliciori
3863 3466 4316 3546 prosecucione

1307 3569 1509 3651 ipsius
1555 3569 1835 3633 decimas
1881 3569 2242 3633 reddituum
2289 3572 2355 3632 et
2399 3573 2818 3650 proventuum
2866 3569 3444 3633 ecclesiasticorum
3491 3569 3554 3632 in
3587 3570 3781 3633 certis
3824 3569 4018 3633 terris
4064 3574 4130 3634 et
4176 3589 4316 3652 pro-

1307 3673 1532 3737 vinciis
1577 3678 1642 3737 et
1689 3673 1978 3753 partibus
2024 3672 2513 3737 consistencium
2560 3677 2625 3735 et
2672 3671 2887 3753 aliqua
2935 3672 3065 3735 alia
3111 3671 3399 3736 subsidia
3460 3671 3826 3736 duxerimus
3890 3672 4314 3752 concedenda,

1305 3778 1456 3859 quia
1502 3782 1712 3841 tamen
1760 3777 2088 3856 negocium
2135 3778 2359 3857 ipsum,
2411 3776 2577 3856 quod
2626 3776 2898 3839 maxima
2946 3793 3362 3856 expensarum
3410 3773 3721 3856 profluvia
3765 3776 4058 3857 requirit,
4120 3778 4314 3840 maio-

1301 3882 1482 3945 ribus
1543 3880 1848 3945 subsidiis
1908 3880 2192 3944 noscitur
2251 3879 2535 3960 indigere
2584 3897 2659 3942 ac
2707 3879 2788 3942 ad
2834 3878 2992 3942 illud
3055 3878 3556 3943 coadiuvandum
3625 3877 3908 3942 fidelium
3976 3879 4314 3943 caritativa

1304 3984 1590 4049 subsidia
1636 3985 1911 4049 existere
1957 3983 2297 4064 plurimum
2346 3988 2678 4064 oportuna,
2726 3981 2948 4045 fideles
2994 3981 3250 4045 eosdem
3298 3981 3378 4046 ad
3423 3981 3542 4045 hoc
3581 3980 3962 4062 quibusdam
4010 3982 4313 4062 spiritua·

1300 4088 1470 4152 libus
1514 4088 1990 4165 munificenciis,
2039 4087 2459 4168 indulgenciis
2505 4087 2804 4151 videlicet
2850 4092 2915 4149 et
2946 4086 3444 4163 remissionibuS,
3491 4084 3881 4172 providimus
3925 4086 4307 4151 invitandos.

1302 4193 1616 4269 Quocirca
1681 4191 2072 4256 fraternitati
2134 4196 2343 4255 vestre
2404 4209 2519 4270 per
2576 4188 2933 4270 apostolica
3002 4189 3242 4269 scripta
3309 4188 3756 4253 committimus
3801 4191 3870 4252 et
3913 4189 4309 4268 mandamuS,

1300 4301 1614 4375 quatenus
1663 4300 1901 4359 statum
1947 4296 2371 4359 miserabilem
2435 4293 2923 4356 christianorum
2970 4291 3279 4356 dictarum
3343 4293 3627 4373 parcium
3674 4292 4104 4370 attendenteS,
4173 4300 4310 4358 tan-

1291 4417 1486 4484 ·quam
1535 4416 1841 4478 precones
1888 4398 2109 4463 fideles
2141 4404 2209 4463 et
2238 4398 2438 4463 fortes
2486 4397 2727 4461 athlete
2776 4395 2920 4460 fidei
2969 4400 3189 4460 contra
3235 4394 3524 4460 infideles
3563 4396 3821 4461 eosdem
3866 4396 4101 4479 singuli
4134 4398 4308 4463 vide-

1298 4502 1447 4565 licet
1495 4509 1771 4566 vestrum
1819 4504 1882 4565 in
1931 4503 2064 4566 suis
2126 4501 2490 4566 civitatibus
2537 4504 2604 4564 et
2649 4500 3010 4564 diocesibus
3069 4519 3185 4580 per
3236 4518 3348 4563 vos
3395 4503 3461 4562 et
3507 4500 3670 4564 alias
3729 4518 4039 4582 personas
4102 4501 4306 4566 eccle-

1297 4605 1616 4681 siasticas,
1687 4607 2009 4670 seculares
2056 4611 2121 4669 et
2165 4605 2493 4687 regulares
2555 4604 2848 4667 ordinum
2906 4623 3441 4685 quorumcunque,
3503 4623 3664 4685 quas
3725 4605 3807 4670 ad
3878 4605 3996 4669 hoc
4042 4605 4307 4670 idoneas

1296 4709 1429 4772 fore
1476 4710 1799 4788 noveritiS,
1859 4710 2096 4775 Clu-isti
2144 4710 2439 4774 fidelibus
2486 4711 2662 4773 iuxta
2714 4710 2928 4772 datam
2976 4709 3154 4771 vobis
3201 4714 3265 4773 et
3312 4710 3406 4772 eis
3453 4728 3492 4772 a
3537 4708 3655 4772 deo
3703 4707 4116 4789 prudenciam
4162 4729 4305 4792 pro-

1296 4814 1545 4891 ponatis
1592 4813 1843 4893 publice
1890 4815 2150 4878 verbum
2199 4814 2405 4877 crucis
2437 4819 2501 4877 et
2535 4812 2899 4876 venerabile
2947 4812 3192 4892 signum
3241 4813 3380 4877 eius
3426 4812 3755 4894 quibusvis
3799 4809 4101 4877 fidelibus
4146 4813 4303 4878 illud

1293 4919 1617 4998 suscipere
1679 4918 1906 4981 devote
1966 4918 2327 4982 volentibus
2389 4916 2753 4981 concedatis
2824 4916 3231 4998 ipsorumque
3297 4916 3579 4981 humeris
3650 4916 4011 4997 imponatiS,
4080 4915 4303 4982 fideles

1292 5021 1564 5096 eosdem,
1628 5040 1786 5101 quos
1834 5022 1914 5084 ad
1962 5021 2345 5085 audiendum
2395 5020 2900 5101 proposicionem
2948 5021 3170 5102 ipsam,
3238 5021 3540 5102 quociens
3586 5020 3962 5101 expedierit,
4032 5020 4117 5085 ad
4164 5021 4301 5086 loca

1292 5125 1514 5188 idonea
1564 5145 1912 5190 convocare
1956 5126 2240 5206 possitiS,
2305 5123 2573 5187 solicitis
2635 5124 3190 5189 exhortae-ionibus
3237 5131 3302 5189 et
3348 5126 3678 5206 oportunis
3736 5124 4072 5189 instanciis
4121 5125 4299 5190 indu·

1290 5233 1523 5306 cent-es,
1575 5236 1644 5293 ut
1691 5230 1813 5309 ipsi
1862 5229 2286 5308 suscipientes
2334 5246 2475 5291 cum
2520 5229 2888 5292 reverencia
2936 5229 3182 5310 signum
3238 5230 3444 5292 crucis
3489 5229 3775 5309 illudque
3821 5228 3955 5292 suis
4003 5228 4298 5293 cordibus

1291 5333 1720 5414 imprimentes
1774 5338 1993 5396 eontra
2041 5331 2389 5395 infidelium
2437 5331 2864 5412 predictorum
2926 5330 3257 5414 perfidiam
3305 5334 3635 5414 insurgant
3680 5331 3951 5396 viriliter
3998 5336 4064 5396 et
4110 5350 4295 5415 nego·

1288 5437 1449 5499 vium
1513 5438 1719 5516 ipsum
1775 5436 2093 5499 ferventer
2156 5441 2482 5499 assumant
2530 5442 2597 5500 et
2641 5437 2999 5500 fervencius
3060 5441 3546 5517 prosequantur.
3640 5436 3725 5500 Et
3769 5441 3842 5500 ut
3888 5436 4014 5516 ipsi
4075 5435 4292 5501 fideles

1286 5548 1463 5603 tanto
1515 5540 1823 5602 libem-ius
1872 5541 2178 5619 premissa
2245 5542 2542 5620 prosequi
2601 5542 2918 5617 studeant,
2983 5547 3220 5621 (planto
3269 5560 3342 5603 ex
3394 5542 3528 5603 suis
3590 5540 3914 5604 laboribus
3974 5542 4287 5622 pociorem

1283 5646 1558 5722 graciam
1593 5664 1661 5705 se-
1695 5645 1982 5706 noverint
2032 5651 2461 5723 percepturos,
2510 5666 2623 5706 nos
2657 5645 2733 5708 de
2767 5645 3215 5725 omnipotentis
3249 5644 3349 5707 dei
3399 5644 3833 5708 misericordia
3864 5648 3931 5708 et
3960 5644 4283 5708 beatorum
