5184 7050
1991 875 2057 945 585

540 1084 664 1152 1045.
689 1084 798 1150 ttttoni
823 1083 993 1160 blancisci,
1010 1085 1123 1167 quint
1146 1087 1302 1150 asseritur
1324 1083 1455 1151 clericus
1477 1090 1507 1149 et
1528 1085 1688 1168 sipitlator
1705 1085 1821 1165 Caroli,
1843 1088 2054 1152 [notariorum

539 1193 572 1253 ct
595 1189 765 1254 Bolscrniae
787 1190 879 1272 repis,
903 1189 1020 1270 eristit,
1042 1189 1224 1273 providetur
1237 1189 1262 1269 ¹)
1285 1189 1324 1255 de
1345 1190 1536 1255 canonicatu
1549 1190 1700 1256 ecclesiae
1716 1189 1975 1256 Vratistaoiensis
1999 1189 2056 1254 sub

541 1294 761 1377 expectatione
779 1293 990 1378 praebendae,
1014 1314 1074 1358 non
1096 1293 1240 1358 obstante
1260 1298 1296 1357 nt
1318 1294 1354 1358 iu
1375 1314 1459 1358 num.
1485 1297 1579 1360 1043.
1622 1296 1675 1375 ,D.
1698 1294 1856 1360 Aninione
1886 1295 1971 1359 VIII
1987 1293 2053 1360 kal.

540 1397 704 1463 Junuarii
726 1418 756 1465 a.
779 1398 933 1482 septima‘
957 1436 997 1444 -
1023 1398 1062 1462 In
1083 1419 1108 1462 e.
1131 1418 1171 1463 ru.
1197 1397 1307 1462 abbati
1327 1399 1512 1464 rmrraderii
1534 1400 1640 1465 scrncti
1659 1399 1812 1465 Vincentii
1833 1403 1925 1464 entra
1949 1417 2056 1464 muros

552 1501 818 1567 Vrutislurieraes
841 1507 872 1566 et
893 1503 1009 1568 decano
1032 1508 1162 1568 sanctae
1186 1502 1296 1569 Crucis
1315 1502 1574 1569 Vratisluoicnsis
1597 1523 1636 1568 ac
1657 1504 1814 1569 sacristae
1836 1503 2057 1570 Arinionensis

644 1658 680 1672 -
1016 1606 1229 1672 ecclesiarum.
1254 1608 1371 1671 Forma
1394 1611 1430 1672 nt
1451 1609 1486 1674 in
1508 1629 1538 1673 u.
1562 1610 1593 1673 6.

586 1726 632 1813 ..ἶ
643 1728 689 1814 ἱ.
1455 1729 1618 1806 Annon,
1642 1731 1730 1796 rsus
1752 1728 1935 1796 uernans
1957 1732 2010 1795 25.

652 1882 802 1938 clementis
823 1884 859 1938 l'l
877 1886 911 1938 Α.
931 1884 1010 1952 Vlltl
1031 1887 1087 1953 (ss)
1105 1884 1124 1938 i
1143 1886 1205 1938 εἰᾶθ’
1224 1900 1249 1937 u.
1269 1889 1311 1953 20,
1337 1885 1371 1940 de
1396 1883 1563 1954 praebendis
1587 1885 1724 1940 vacaturis
1749 1901 1794 1954 qu.
1815 1891 1874 1938 1:
1888 1885 1919 1937 V.
1940 1889 1989 1937 189
2008 1882 2056 1939 is

541 1986 568 2023 n.
589 1975 632 2022 20.
652 2000 685 2009 -
704 1969 771 2039 Reg.
790 1969 818 2025 iu
837 1970 935 2024 ZVGA
954 1969 1111 2025 Schlesicus
1129 1968 1213 2035 XXV,
1233 1976 1291 2024 296.
1305 2002 1338 2011 -
1360 1973 1378 2038 ¹)
1398 1971 1432 2025 de
1450 1971 1652 2040 supplicatione
1672 1971 1780 2026 Nicolai
1799 1971 1834 2026 de
1854 1971 1972 2038 Bruuua,
1991 1986 2049 2025 cau·

542 2055 652 2111 cellarii
671 2057 744 2126 regis
762 2057 955 2124 Rauracorum,
974 2057 1018 2111 hic
1037 2056 1114 2111 nulla
1131 2055 1162 2111 fu
1179 2056 1290 2112 mentio.

1304 2255 1401 2264 --a--o—

547 2458 667 2526 1046.
705 2458 799 2523 Petro
833 2457 1001 2538 Plasserii,
1035 2459 1182 2524 canonico
1219 2460 1368 2527 cedenac
1398 2457 1670 2541 ipssepraonsis,
1705 2459 1878 2542 libyensis
1914 2459 2057 2540 diocesis,

543 2561 767 2647 sedunens)
797 2567 833 2626 nt
864 2562 898 2627 in
923 2562 1034 2646 'aliqum
1063 2562 1279 2647 beneficiorum
1308 2584 1436 2629 suorum
1459 2562 1749 2643 ecclesiasticorum,
1772 2584 1852 2646 qnae
1874 2565 1910 2629 in
1930 2564 2058 2646 quibis·

544 2686 666 2750 cunque
685 2666 825 2731 'eadsine
848 2686 904 2731 seu
925 2666 1002 2732 locis
1023 2687 1108 2733 nunc
1130 2666 1246 2733 obtinet
1267 2672 1297 2733 ct
1321 2669 1355 2733 in
1371 2672 1534 2752 pestanae
1556 2667 1713 2748 obtinebit,
1733 2668 1905 2749 residendo,
1921 2673 2057 2749 ,tructus

543 2771 684 2836 animum
706 2769 986 2837 ecdesiosticorum
1008 2771 1224 2854 beneficiorum
1246 2793 1384 2851 esserunt,
1408 2793 1488 2853 quae
1509 2771 1625 2838 obtinet
1655 2793 1693 2838 oc
1722 2772 1758 2838 iu
1785 2776 1948 2857 posterum
1979 2774 2057 2841 obti-

544 2875 640 2952 nebit,
663 2877 761 2941 etiarn
781 2876 812 2940 si
833 2880 951 2941 curata
973 2880 1030 2940 aut
1051 2876 1235 2958 dipnitates,
1264 2881 1457 2962 personatus
1484 2877 1533 2942 uel
1565 2877 1675 2960 officia
1705 2875 1856 2958 existant,
1892 2877 2058 2943 dummodo

543 2979 720 3062 dipnitates
741 2980 832 3064 ipsae
854 2982 888 3045 in
910 2980 1145 3047 cathedralibus
1167 2982 1304 3047 maiores
1320 2985 1396 3066 post
1412 2980 1614 3065 pontificales
1629 2982 1709 3046 etin
1724 2981 1898 3064 collepiatis
1919 2983 2056 3050 ecclesiis

538 3083 739 3167 principales
760 3104 822 3150 uon
844 3084 995 3166 existant,
1018 3106 1089 3151 cum
1110 3107 1148 3150 ea
1171 3084 1355 3168 irstcpritate
1376 3106 1473 3169 usque
1496 3085 1539 3150 ad
1567 3086 1738 3151 triennium
1767 3086 1863 3152 libere
1890 3087 2058 3171 percipere

539 3189 655 3273 possit,
684 3190 880 3272 quotidianis
909 3190 1181 3257 distributionibus
1212 3190 1385 3256 dumtaxat
1413 3191 1563 3275 exceptis,
1596 3211 1666 3255 cum
1694 3212 1757 3274 qua
1780 3190 1852 3257 illos
1869 3192 2059 3276 perciperet,

541 3294 576 3357 si
596 3295 632 3358 in
654 3293 771 3360 nedem
792 3293 933 3360 ecclesiis
955 3315 1011 3360 seu
1032 3295 1111 3361 locis
1133 3300 1190 3361 orit
1212 3316 1319 3361 eorum
1342 3294 1448 3378 aliquo
1465 3294 1679 3378 personaliter
1700 3295 1860 3376 resideret,
1876 3300 1908 3362 et
1922 3296 1967 3362 ad
1981 3296 2060 3360 resi·

542 3397 684 3462 &radun
706 3398 741 3462 in
763 3397 880 3465 eisdem
902 3397 1041 3466 ecclesiis
1063 3398 1130 3466 sine
1151 3398 1229 3465 locis
1258 3400 1386 3465 mininie
1415 3403 1569 3464 teneatur.
1615 3400 1667 3481 ,D.
1692 3398 1850 3466 Asiniane
1879 3400 1967 3466 VIII
1993 3399 2060 3482 sal,

541 3501 740 3587 Iamna)
765 3525 795 3571 a.
819 3505 973 3589 septimo!
994 3542 1038 3553 -
1063 3507 1101 3571 ln
1123 3528 1148 3571 e.
1171 3527 1212 3573 ns.
1235 3503 1422 3571 monasterii
1443 3503 1661 3572 Sderasiensis
1688 3525 1790 3591 prope
1815 3506 1969 3589 Prapam,
1996 3529 2058 3591 per

535 3607 764 3692 praepositum
795 3609 882 3674 soliti
908 3609 1090 3692 pnbernari,
1122 3614 1152 3676 et
1175 3606 1467 3691 sternuentes)
1490 3610 1663 3692 Prapcnsis
1686 3610 1829 3686 diocesis,
1860 3610 2058 3695 praepositis

742 3733 781 3778 ac
802 3714 959 3781 srrnistae
980 3713 1204 3781 Aninionensis
1226 3714 1438 3783 ecdesiorunr.
1484 3715 1600 3779 Forma
1622 3719 1658 3779 ut
1679 3715 1715 3780 in
1736 3736 1767 3780 n.
1790 3716 1866 3782 454.

589 3867 635 3924 .x
653 3834 704 3925 ῐ.
1460 3854 1623 3932 Annon,
1646 3858 1735 3922 osas
1757 3854 1938 3922 nemos
1959 3858 2012 3923 aa.

654 4008 804 4065 Clementis
827 4009 865 4063 VI
889 4012 922 4065 Α
947 4009 1028 4081 Vllfs
1054 4013 1126 4081 (101)
1150 4011 1168 4065 i
1194 4013 1255 4068 ³33'
1280 4028 1306 4065 u.
1334 4015 1374 4079 10,
1396 4009 1433 4066 de
1451 4008 1585 4067 fructibus
1603 4008 1791 4080 percipiendis
1809 4026 1856 4081 qu.
1875 4018 1887 4065 1
1908 4009 1988 4065 :V.
2011 4013 2061 4065 1so

543 4096 563 4151 i.
584 4102 602 4151 4
622 4112 649 4150 n.
670 4102 711 4152 10.
729 4127 763 4137 —
789 4102 813 4165 ι)
831 4097 908 4166 ,VIII
926 4097 981 4153 kal.
1000 4097 1134 4155 launarii‘
1154 4099 1243 4170 suppl.
1262 4100 1291 4154 iu
1309 4114 1393 4167 marg.
1411 4099 1445 4153 A.
1472 4098 1496 4165 b)
1513 4098 1785 4166 ,Luthomerieeusis‘
1803 4099 1836 4152 Α
1850 4128 1883 4138 -
1901 4098 1920 4165 ¹)
1941 4097 1975 4153 ‹le
1995 4115 2059 4167 sup·

541 4185 699 4256 plicatione
717 4184 825 4240 Nicolai
844 4184 878 4241 de
897 4185 1019 4257 Brunua,
1037 4186 1193 4242 cancellarii
1212 4187 1284 4256 regis
1302 4185 1487 4242 &manorum
1506 4189 1589 4255 (uum.
1611 4191 1698 4254 1043),
1723 4184 1767 4239 hic
1792 4184 1870 4243 nulla
1895 4186 1924 4239 fit
1949 4186 2059 4241 mentio.

543 4570 671 4640 1047.
695 4570 849 4636 Nicotaus
871 4571 910 4636 dc
932 4572 1068 4637 Brunua
1090 4570 1261 4655 supplicat,
1284 4575 1439 4652 audenus
1464 4570 1607 4637 ibnrado
1627 4568 1777 4656 Wpffonis
1799 4569 1838 4634 de
1860 4569 1996 4635 Brunna
2020 4567 2058 4635 dc

544 4677 709 4742 &canam
731 4676 766 4740 in
787 4675 919 4741 ecclesia
936 4675 1135 4742 Olonrucensi
1148 4680 1290 4755 succinte,
1306 4674 1427 4744 Iacobo
1445 4674 1571 4740 Gablini
1593 4675 1632 4740 de
1653 4676 1791 4741 Brunna
1812 4674 1850 4738 dc
1872 4675 2062 4739 canonicatu

546 4785 580 4846 et
596 4779 785 4865 praebenda
800 4800 839 4844 uc
855 4782 1086 4864 praepositura
1101 4781 1135 4845 in
1149 4779 1279 4846 ecclesia
1304 4779 1460 4846 Misnensi
1473 4778 1659 4844 suauitas
1674 4782 1705 4842 et
1720 4776 1828 4843 Odoni
1843 4778 2007 4843 blancisci
2025 4776 2063 4840 de

543 4886 740 4951 canonicatu
760 4883 908 4950 cadusiae
936 4884 1195 4951 Vratislaoiensis
1216 4885 1273 4949 sub
1295 4884 1510 4969 expectatione
1527 4883 1729 4968 praebendae
1746 4881 1963 4966 provideatur,
1984 4881 2060 4945 dem

543 4993 705 5073 quaternus
730 4990 822 5054 Pero
845 4988 1004 5055 Plassnii
1025 4988 1225 5071 indalpentia
1247 4989 1285 5054 de
1313 5008 1375 5055 non
1403 4986 1567 5053 residendo
1597 4989 1628 5051 et
1653 4986 1820 5068 frontibus
1848 4988 1884 5051 in
1913 4984 2059 5051 absentia

1078 5093 1294 5178 percipiendis
1316 5092 1542 5175 concedatur.¹)

1075 5211 1077 5216 ’
1458 5212 1621 5288 Arinione,
1643 5214 1732 5278 1348
1754 5211 1937 5278 Decembris
1960 5215 2012 5279 29.

656 5371 823 5457 Supplices
846 5373 876 5441 S.
900 5373 938 5440 V.
963 5372 1091 5440 humilis
1122 5379 1229 5439 suntor
1261 5378 1369 5437 vester
1402 5370 1575 5437 Nicholaus
1609 5369 1648 5434 de
1683 5339 1852 5451 Bramme,
1880 5370 2063 5452 prepositus

545 5480 688 5547 ecclesie
717 5478 899 5562 Pragensis,
931 5478 1047 5544 olousiui
1078 5477 1292 5544 &manorum
1319 5476 1403 5560 regis
1427 5474 1646 5555 cancellarius,
1670 5477 1828 5556 quatenus
1851 5473 1912 5539 sibi
1935 5474 1967 5538 iu
1990 5493 2062 5557 per·

543 5587 638 5651 sonis
661 5583 936 5667 infrascriptarum
960 5584 1264 5665 consanguineorum
1292 5586 1325 5646 et
1351 5580 1554 5646 iaruiliarium
1578 5597 1706 5646 suorum
1729 5577 1901 5660 specialem
1924 5578 2064 5660 graciam

543 5692 726 5760 facientes:
749 5686 914 5774 [Cbrsrudo
948 5691 1098 5766 ll'pffonis
1121 5693 1159 5745 dr
1182 5692 1330 5758 Brrcnnu,
1363 5692 1510 5745 ‹urrronioo
1542 5690 1661 5745 ecclesie
1688 5689 1898 5745 Oloruucensis
1923 5719 1962 5727 —
1987 5685 2061 5743 Fiat

544 5802 600 5870 R‘,
626 5803 661 5855 ut
685 5802 719 5854 in
744 5816 825 5855 num.
852 5789 962 5879 totns.
