5184 7050
551 822 613 894 698

542 1039 664 1105 1325.
691 1036 811 1103 Iacobo
833 1037 915 1101 dicto
939 1035 1149 1103 Monuiteimer
1172 1034 1210 1102 de
1234 1035 1527 1123 Rnpreciiisbnrq⁸)
1551 1043 1581 1104 et
1612 1038 1651 1104 W
1653 1039 1771 1106 ilciconi
1794 1041 1835 1105 de
1859 1036 2052 1123 decretaque·

546 1142 693 1225 beneficia
717 1163 787 1217 ano,
811 1140 864 1206 ille
886 1141 1010 1224 quidem
1041 1147 1229 1226 perpetuum
1259 1143 1417 1224 quoddam
1450 1145 1631 1227 beneficium
1660 1146 1728 1210 sine
1757 1166 1840 1211 cara
1871 1145 1911 1211 in
1940 1145 2051 1212 ecclesio

549 1245 689 1325 dedecui,
713 1246 970 1327 Maqnntinensis
993 1245 1134 1325 decocto,
1158 1245 1209 1310 bic
1239 1251 1345 1311 antem
1369 1250 1591 1313 canonicatum
1613 1253 1643 1313 et
1672 1249 1900 1333 praebendam
1923 1249 2054 1316 eccleciae

555 1350 799 1425 Iisooncatiensis,
819 1372 880 1433 per
902 1349 1067 1431 Spinonem
1092 1350 1129 1414 de
1151 1351 1292 1432 Leqnion
1310 1352 1496 1417 canonicum
1511 1352 1803 1432 i‘iatiaiociensena,
1823 1359 2053 1438 procuratorem

546 1474 648 1534 canna,
684 1455 718 1517 in
750 1452 896 1518 moneor
926 1453 1096 1533 Iohannis,
1130 1455 1268 1537 episcopi
1303 1456 1463 1538 Repenaia
1498 1477 1537 1521 ec
1567 1477 1665 1523 cansa
1691 1458 1954 1541 percunctationis
1984 1458 2055 1542 opud

546 1558 648 1623 aedem
682 1556 890 1640 (apostolicam
923 1558 1018 1623 libere
1050 1559 1300 1640 reaiqnsacernnt,
1335 1560 1522 1640 conceditur,
1557 1564 1594 1624 ni
1627 1561 1777 1644 benseficia
1801 1562 1918 1627 cadem
1941 1562 2054 1627 inricm

762 1665 948 1744 pennatiuo
967 1663 1098 1746 possint.
1146 1664 1198 1741 ‚D.
1222 1661 1381 1728 Aninionc
1411 1665 1526 1729 Vnon.
1552 1664 1674 1731 Mincii
1696 1688 1728 1733 a.
1752 1676 1858 1730 nono!

1543 1839 1818 1915 Acinione,1361
1847 1840 1972 1905 oranti
1989 1840 2017 1904 3.

652 2006 800 2063 Clementis
819 2008 857 2061 VI
875 2010 908 2062 A.
928 2008 995 2075 lxii
1015 2012 1087 2077 (114)
1106 2010 1124 2063 i.
1144 2015 1196 2063 419
1224 2026 1250 2063 n.
1278 2015 1337 2078 tot,
1365 2009 1399 2064 de
1427 2009 1595 2079 praebendis
1622 2012 1784 2066 vacantibus
1812 2028 1861 2079 qu.
1889 2011 1999 2065 θεῖ
2015 2017 2055 2064 tot

548 2092 567 2146 f.
587 2099 636 2147 22⁴
655 2109 681 2146 n.
701 2098 752 2149 205
771 2094 848 2163 (sici)
868 2126 901 2136 -
928 2102 951 2161 ι)
969 2094 1218 2165 ‚Rupreschsburu‘
1237 2098 1269 2150 A.

550 2481 671 2547 1326.
701 2478 845 2546 Iohanni
874 2479 913 2545 de
939 2481 1070 2546 Znoima
1087 2481 1272 2564 procidetnr
1294 2481 1332 2546 de
1354 2481 1547 2548 canonicatu
1568 2481 1718 2546 ecclesiae
1742 2481 1964 2561 Posoninaeia
1986 2481 2053 2547 Stri-

549 2584 709 2665 ponente
731 2583 872 2665 diocesia,
895 2584 953 2649 enb
976 2586 1189 2669 expectatione
1212 2586 1423 2670 praebeam,
1447 2607 1509 2651 non
1530 2586 1680 2664 obstante,
1706 2571 1801 2668 ‚qnod
1826 2585 2054 2670 porrectione

548 2687 712 2753 eeclesiam
734 2689 839 2754 sancti
861 2690 1034 2755 Lonrencii
1055 2695 1146 2755 extra
1165 2711 1272 2756 muros
1288 2692 1503 2768 Posoniemm
1519 2690 1602 2757 dicte
1617 2690 1758 2768 denaia,
1775 2689 2055 2773 obtineamque

547 2791 638 2857 bodie
660 2793 699 2857 de
720 2793 843 2877 capella
865 2795 970 2860 sanni
992 2794 1143 2862 Ladicloi
1165 2796 1233 2860 cine
1255 2817 1343 2875 cneo,
1366 2797 1430 2861 sita
1453 2798 1488 2860 in
1510 2794 1778 2880 arctiepecopatt
1814 2797 1910 2860 caria
1945 2796 1980 2860 in
2008 2796 2054 2858 Po

548 2897 645 2977 aonm,
663 2901 795 2980 prefate
817 2898 958 2976 diocesis,
982 2905 1056 2965 tnnc
1077 2906 1220 2979 carmide,
1244 2898 1336 2988 [tibi]
1346 2913 1372 2981 ‘p
1394 2901 1619 2965 mandavimus
1636 2899 1802 2982 provideri
1804 2951 1919 2965 .....
1936 2901 1975 2965 D.
1989 2899 2054 2964 Ani·

547 3001 640 3066 nione
665 3003 749 3066 VIII
767 3002 808 3067 id.
833 3004 953 3068 Marcii
975 3025 1005 3068 a.
1029 3010 1129 3070 nono!
1152 3042 1195 3051 -
1220 3007 1259 3070 In
1280 3027 1306 3072 e.
1329 3025 1370 3070 m.
1393 3004 1537 3088 episcopo
1553 3004 1712 3070 Nitrierui
1726 3008 1757 3068 ei
1771 3003 2002 3077 Jaoriernisu
2022 3022 2053 3069 oc

548 3106 655 3171 sancii
676 3105 767 3171 Petri
788 3107 824 3171 in
846 3108 993 3184 Brnnna,
1019 3108 1234 3175 Olomncensie
1257 3110 1398 3186 diocmis,
1422 3109 1628 3176 ecclesiastem
1645 3111 1856 3195 praepositis.
1892 3112 2007 3174 donno
2024 3112 2053 3170 at

1232 3236 1268 3280 m
1289 3236 1320 3281 '⁸‘
1344 3216 1374 3280 θ’
1546 3301 1709 3380 noima,
1733 3303 1822 3366 1351
1848 3302 1971 3367 Manu
1990 3304 2017 3367 a.

657 3470 804 3528 Clementis
822 3470 860 3527 VI
879 3472 909 3527 V.
929 3480 980 3532 iot
999 3476 1017 3530 f.
1037 3478 1070 3528 78
1083 3490 1109 3528 n.
1124 3478 1182 3542 182,
1195 3472 1230 3531 de
1248 3473 1414 3545 praebendis
1434 3472 1586 3543 vacaturis3
1604 3473 1631 3529 bi
1644 3473 1772 3544 quaterni
1787 3472 1817 3529 in
1831 3476 1866 3530 A.
1881 3473 2015 3530 deficiunt.
2026 3502 2051 3512 -

548 3562 579 3629 ⁸)
599 3559 678 3616 deest
695 3560 723 3615 in
743 3560 784 3630 V„
804 3560 892 3631 suppl.
912 3562 947 3617 ab
966 3562 1079 3616 editore.
1106 3561 1130 3628 ¹³)
1149 3563 1319 3629 ‚Januensis‘
1336 3562 1370 3617 V.

549 3963 670 4029 1327.
693 3962 829 4028 Hearico
855 3961 1018 4029 Thesauri
1040 3963 1077 4030 de
1100 3964 1308 4048 Norinsberqo
1337 3965 1523 4052 providetur
1545 3965 1583 4031 de
1605 3966 1800 4031 canonicatu
1822 3970 1853 4030 e
1877 3962 2049 4049 praebenda

770 4068 805 4134 in
825 4065 957 4135 ecclesio
988 4069 1231 4136 Vraiislont'enai
1252 4069 1448 4136 acconibus.
1495 4070 1611 4134 Formo
1633 4073 1670 4133 nt
1690 4069 1726 4132 in
1748 4089 1781 4134 n.
1804 4072 1839 4134 4.

677 4063 684 4137 Ι

594 4132 641 4345 ὲ
662 4187 710 4346 ξ
1524 4226 1686 4304 renen,
1710 4227 1795 4291 1351
1824 4228 1948 4293 Mareu
1967 4229 2015 4291 u.

650 4398 688 4463 D.
713 4398 734 4463 f.
759 4399 897 4466 Henrico
920 4400 1077 4466 Thesauri
1100 4402 1140 4466 de
1163 4402 1370 4484 Nuremberg,
1394 4401 1544 4466 canonico
1561 4399 1830 4479 ib'ratislauiensi,
1855 4419 1883 4464 s.
1908 4409 1968 4466 ete.
1989 4399 2050 4464 Vite

548 4519 586 4567 ac
609 4520 730 4567 morum
753 4504 905 4572 honestas
1035 4505 1163 4571 Dudum
1193 4505 1351 4587 siquidem
1385 4505 1585 4570 intendentes
1620 4504 1659 4569 de
1696 4503 1892 4570 canonicatu
1927 4513 1960 4570 et
1992 4522 2050 4586 pre

546 4607 650 4671 benda
672 4607 810 4673 ecclesie
831 4608 1115 4689 Wratislauiensis
1139 4627 1218 4691 quos
1241 4609 1398 4690 quondam
1422 4609 1613 4687 Stanislaus,
1646 4609 1820 4674 eanonicus
1854 4615 1891 4673 et
1926 4609 2050 4673 decanm

547 4711 650 4793 ipsius
683 4713 828 4793 ecclesie,
862 4719 938 4779 tunc
967 4714 1119 4797 temporis
1142 4714 1317 4794 obtinebat,
1342 4733 1412 4779 cum
1435 4712 1507 4779 illos
1530 4731 1646 4778 vacare
1670 4712 1884 4795 contingeret,
1909 4733 1967 4797 per
1987 4729 2049 4795 ape

546 4816 660 4881 stolice
683 4817 769 4881 sedis
803 4819 1038 4899 providenciam
1072 4818 1221 4897 ordinari,
1256 4818 1475 4883 canonicatum
1507 4822 1539 4882 et
1570 4815 1761 4899 prebendam
1786 4818 1964 4899 predictae,
1987 4817 2049 4881 dun

547 4918 651 4984 adhuc
674 4921 756 4985 idem
781 4921 958 4988 stanislaus
982 4928 1093 5006 ageret
1115 4924 1147 4987 in
1170 4921 1327 5001 humanis,
1351 4922 1501 4987 videlicet
1525 4922 1590 4986 IIII
1614 4939 1713 4985 nonas
1745 4919 1929 5002 Februarii,
1960 4923 2050 5005 ponti·

545 5021 658 5088 ficatus
680 5025 781 5090 nostri
815 5046 897 5092 anno
932 5032 1052 5106 octavo,
1063 5026 1089 5108 ¹)
1125 5026 1290 5091 collationi
1325 5033 1358 5091 et
1392 5026 1597 5109 dispositioni
1619 5029 1728 5090 nostre
1751 5024 1907 5092 duximus
1931 5045 1969 5092 ea
1989 5026 2048 5090 rice

544 5128 728 5212 specialiter
750 5131 969 5210 reservandos,
994 5132 1202 5197 decernentes
1225 5139 1342 5197 extunc
1365 5133 1489 5197 irritum
1512 5131 1670 5208 etimne,
1694 5129 1722 5194 si
1745 5146 1841 5195 secus
1877 5150 1977 5216 super
1996 5131 2049 5196 biis

545 5250 745 5317 equaquam
780 5237 892 5317 quavis
926 5237 1117 5301 anctoritate
1150 5237 1289 5302 scienter
1324 5236 1375 5301 vel
1409 5238 1592 5318 ignoranter
1626 5234 1827 5317 contingeret
1862 5235 2049 5320 attemptari.

546 5336 625 5404 Cum
650 5340 760 5421 itaque
783 5341 982 5423 postmodum
1013 5342 1217 5407 canonicatus
1247 5348 1281 5407 et
1310 5341 1473 5425 prebenda
1507 5340 1641 5422 predicti
1676 5357 1734 5421 per
1766 5338 1874 5421 ipsius
1910 5339 2051 5408 Stanislai

545 5444 677 5522 obitum,
701 5446 755 5526 qui
779 5464 880 5528 nuper
902 5451 993 5510 extra
1016 5447 1134 5511 curiam
1159 5446 1330 5512 minianen
1354 5445 1437 5510 diem
1461 5444 1577 5510 clausit
1600 5447 1786 5522 extremum,
1812 5448 2001 5511 vacaverint
2025 5451 2050 5504 a

546 5566 663 5613 vacare
678 5556 851 5615 noscantur
866 5551 907 5615 ad
921 5568 1064 5633 presens,
1089 5551 1257 5634 nullusque
1280 5556 1389 5635 preter
1412 5568 1469 5615 nos
1492 5549 1551 5614 hac
1574 5549 1644 5614 vice
1667 5549 1707 5613 de
1731 5546 1796 5614 illis
1817 5548 1992 5632 disponere
2006 5567 2051 5631 po·

546 5655 646 5719 tuerit
669 5674 773 5738 neque
795 5655 907 5737 possit,
931 5656 1151 5721 reservaciono
1167 5661 1200 5720 et
1216 5656 1344 5721 decreto
1360 5654 1589 5720 obsistentibus
1605 5650 1818 5735 supradictis:
1842 5671 1907 5719 nos
1922 5655 2053 5720 uolentes

547 5758 615 5837 tibi,
641 5780 666 5823 c.
691 5761 722 5823 in
746 5759 803 5825 Ch.
827 5759 848 5824 f.
873 5779 902 5826 u.
927 5759 1042 5838 Garuli,
1078 5762 1290 5826 Romanorum
1322 5766 1354 5824 et
1385 5759 1514 5824 Boemie
1544 5759 1629 5839 regis
1659 5756 1806 5838 illustris,
1839 5765 1880 5823 ut
1912 5760 2055 5825 auaeritur
