5184 7050
649 829 718 895 130

650 1037 690 1102 ad
714 1036 774 1101 boc
798 1035 998 1116 deputandas
1022 1034 1160 1111 duxeris,
1185 1031 1385 1113 integraliter
1407 1031 1633 1112 assignandam
1661 1030 1719 1094 sub
1751 1029 1852 1094 foruna
1882 1035 1917 1094 et
1946 1030 2161 1095 moderamine

651 1138 864 1220 infrascriptis
893 1157 951 1219 per
985 1154 1153 1202 censuram
1186 1134 1438 1200 ecclesiasticam
1469 1138 1503 1198 et
1524 1134 1625 1198 eciam
1658 1133 1955 1216 sequestracioneru
1989 1134 2159 1211 fructumu,

647 1242 830 1308 reddituum
852 1247 886 1306 et
907 1244 1119 1323 proventuum
1143 1257 1272 1304 suorum
1295 1237 1594 1316 ecclesiasticorum,
1610 1237 1643 1302 in
1663 1237 1744 1319 ipsis
1765 1237 1963 1315 civitatibus,
1980 1237 2161 1302 diocesibus

647 1351 681 1412 et
696 1346 849 1411 comitatu
865 1343 1121 1422 consistencium,
1138 1344 1165 1408 si
1182 1343 1333 1425 expedire
1350 1341 1496 1420 uiderint,
1517 1341 1697 1424 postposita
1721 1339 1943 1424 appellacione
1958 1340 2161 1424 compellant,

648 1452 695 1517 ita
716 1449 801 1531 quod
825 1448 867 1521 ad
889 1447 1022 1525 buctus,
1047 1447 1192 1514 redditus
1215 1452 1249 1511 et
1271 1451 1446 1526 prouentus
1468 1449 1559 1510 extra
1583 1445 1730 1510 civitates
1756 1450 1791 1516 et
1820 1443 1966 1509 dioceses
1996 1462 2036 1508 ac
2065 1445 2161 1510 corni-

647 1558 750 1619 tatum
785 1552 947 1634 predictos
982 1552 1194 1618 consistentes
1227 1548 1409 1617 huiusmodi
1443 1548 1669 1631 compulsionis
1700 1546 1839 1615 officium
1870 1547 2078 1629 aliquatenus
2101 1568 2161 1614 non

649 1655 824 1725 extendant
845 1674 905 1723 nec
928 1655 968 1721 ad
992 1654 1240 1736 compulsionem
1262 1652 1443 1718 huiusmodi
1467 1651 1646 1719 faciendam
1668 1653 1701 1717 in
1724 1653 1832 1733 aliquo
1856 1669 1934 1717 casu
1956 1670 2016 1735 per
2042 1671 2078 1718 se
2111 1655 2158 1718 uel

650 1761 750 1827 alium
773 1776 830 1827 seu
853 1759 935 1825 alios
957 1758 1105 1823 invocent
1128 1776 1186 1822 nec
1207 1775 1266 1839 per
1300 1773 1453 1838 personas
1487 1754 1527 1818 ab
1562 1756 1610 1820 eis
1644 1755 1686 1820 ad
1721 1755 1943 1821 rulleccioneru
1977 1755 2160 1824 huiusmodi

646 1864 848 1947 deputandas
871 1863 1011 1929 invocari
1034 1862 1223 1943 permittant
1243 1859 1398 1925 auxilium
1420 1857 1543 1925 brachii
1564 1859 1730 1938 secularis,
1758 1859 1821 1927 uisi
1854 1858 2074 1942 predictorum
2099 1881 2159 1927 non

649 1968 844 2036 soluencium
868 1967 1068 2033 contumacia
1092 1966 1239 2046 exigente
1270 1963 1358 2028 aliud
1389 1963 1474 2026 eirca
1502 1962 1563 2028 hoc
1593 1980 1651 2042 per
1681 1963 1789 2029 sedem
1823 1964 2034 2046 apostolicam
2064 1965 2159 2032 luerit

648 2072 840 2139 ordinatum.
872 2069 1064 2143 Huiusmodi
1087 2075 1195 2134 autem
1218 2068 1338 2133 solucio
1362 2065 1418 2131 fiet
1440 2067 1584 2148 quolibet
1607 2086 1689 2132 anno
1712 2067 1790 2134 dicti
1814 2068 1934 2133 biennii
1957 2069 1990 2133 in
2014 2070 2157 2135 terminis

649 2175 879 2256 infrascriptis:
912 2174 1070 2255 siquidem
1100 2173 1272 2238 solucionis
1303 2170 1486 2236 medietatis
1515 2171 1697 2237 huiusmodi
1721 2171 1844 2237 decime
1866 2173 1960 2252 pruni
1983 2174 2060 2238 anni
2083 2173 2155 2239 dicti

648 2279 769 2345 biennii
791 2280 926 2361 primurn
949 2276 1118 2342 terminum
1142 2275 1210 2340 fore
1233 2274 1406 2340 statuimus
1428 2273 1546 2340 festum
1574 2275 1765 2346 Natiuitatis
1795 2279 1922 2344 Domini
1952 2277 2056 2359 primo
2086 2296 2155 2342 ven·

648 2390 765 2462 tuan,
776 2383 801 2464 5)
825 2381 997 2448 secundum
1021 2399 1095 2445 uero
1111 2380 1280 2444 terminum
1300 2379 1471 2443 solucionis
1486 2380 1670 2446 medietatis
1686 2383 1820 2449 alterius
1836 2383 1954 2449 testum
1970 2380 2156 2447 Natiuitatis

648 2487 738 2553 beuti
758 2486 779 2552 J
782 2487 915 2553 ohannis
938 2484 1096 2566 Baptista,
1112 2483 1272 2565 prefatum
1287 2481 1405 2548 festum
1421 2483 1610 2563 Natiuitatis
1626 2485 1752 2551 Domim
1768 2487 1911 2569 proximo
1927 2490 2123 2563 secuturum,
2133 2483 2155 2564 ⁸)

648 2591 681 2657 iu
704 2591 806 2657 altero
830 2609 912 2655 anno
934 2589 967 2656 in
991 2589 1153 2653 solucione
1178 2586 1323 2668 predicta
1346 2586 1503 2652 similibus
1533 2590 1678 2654 terminis
1709 2590 1926 2656 observandis.
1972 2589 2021 2655 Tu
2051 2589 2155 2670 igitur,

650 2694 695 2760 tili
718 2695 892 2773 carissime,
908 2694 949 2757 ob
965 2693 1106 2757 divinam
1129 2695 1162 2754 et
1184 2689 1361 2771 apostolice
1383 2690 1469 2754 sedis
1492 2709 1530 2754 ac
1553 2696 1694 2758 nostram
1716 2695 1932 2760 reverenciam
1955 2692 2111 2759 ecclesias
2127 2697 2157 2757 ct

648 2816 803 2880 personas
826 2797 1063 2862 ecclesiasticas
1085 2796 1251 2863 ciuitatum
1274 2801 1308 2860 et
1326 2794 1500 2859 diocesium
1516 2814 1554 2859 ac
1570 2797 1740 2864 comitatus
1755 2799 1971 2881 predictorum
1987 2798 2036 2863 sic
2049 2797 2156 2862 fauore

648 2902 785 2983 benigno
808 2901 959 2982 prosequi
983 2900 1091 2982 sicque
1115 2898 1188 2965 illas
1211 2900 1245 2964 in
1265 2898 1401 2980 singulis
1432 2917 1543 2963 earum
1573 2904 1845 2980 oportunitatibus
1875 2902 1995 2968 habere
2025 2901 2155 2966 studeas

650 3004 826 3073 efficaciter
847 3003 1094 3080 commendatas,
1118 3003 1204 3084 quod
1225 3003 1318 3066 deum
1343 3020 1380 3065 ac
1402 3022 1460 3067 nos
1484 3009 1517 3068 et
1540 3005 1649 3070 sedem
1672 3007 1806 3072 eandem
1828 3007 1888 3072 tibi
1910 3006 2025 3071 merito
2041 3004 2156 3070 reddas

649 3107 809 3190 propicios
824 3112 857 3171 et
872 3125 949 3189 erga
962 3107 1199 3189 oportunitates
1221 3112 1306 3184 tuas,
1329 3107 1480 3190 quociens
1503 3109 1690 3191 expedierit,
1713 3111 1938 3193 prompciores.
1969 3109 2061 3174 Nulli
2084 3128 2155 3192 ergo

651 3217 712 3278 etc.
736 3216 844 3277 nostre
867 3211 1081 3276 concessionis
1104 3216 1137 3275 et
1159 3210 1333 3277 uoluntatis
1356 3209 1529 3293 infringere
1558 3220 1619 3279 etc.
1665 3216 1704 3281 D.
1727 3215 1886 3280 Auinione
1908 3213 1937 3280 V
1960 3214 2003 3280 id.
2025 3213 2107 3280 tulii
2129 3231 2154 3278 a

651 3315 800 3383 secuudo.

754 3486 903 3542 Clementis
922 3486 959 3539 Vl
978 3487 1002 3539 A
1021 3485 1078 3553 llll
1097 3486 1152 3555 (74)
1171 3485 1190 3539 f.
1209 3490 1242 3540 bt
1261 3503 1287 3541 n.
1307 3491 1348 3554 46,
1368 3485 1537 3543 diversarum
1556 3489 1705 3546 formarum
1724 3508 1768 3561 qu.
1788 3497 1850 3545 t:
1862 3490 1894 3544 V.
1915 3495 1964 3544 162
1982 3490 2001 3545 f.
2021 3497 2054 3545 63
2073 3507 2100 3545 n.
2117 3496 2156 3545 46.

651 3574 717 3627 Exc
736 3590 779 3641 ap.
800 3573 966 3643 Werunslry,
985 3574 1124 3642 Excerpta
1141 3590 1168 3626 n.
1187 3577 1228 3626 28.
1248 3605 1280 3613 -
1308 3575 1331 3641 ³)
1351 3574 1555 3639 ‚benedicionis‘
1573 3578 1606 3629 A.
1626 3609 1659 3617 —
1686 3580 1704 3643 ¹)
1729 3578 1791 3632 uide
1809 3595 1835 3631 n.
1855 3582 1914 3631 221.
1932 3578 1954 3644 ¹)
1973 3576 2036 3632 uide
2055 3595 2081 3631 n.
2099 3583 2156 3631 220.

653 3662 674 3728 ¹)
691 3659 753 3715 uide
772 3678 798 3714 u.
817 3666 876 3713 222.
901 3662 922 3726 ‘p
940 3660 1002 3715 uide
1021 3678 1047 3715 n.
1066 3667 1126 3715 stu.
1152 3662 1171 3727 5)
1193 3666 1258 3714 1343
1276 3661 1436 3716 Decembris
1454 3668 1495 3715 to.
1520 3665 1541 3731 ε)
1562 3670 1629 3717 1344
1648 3665 1724 3719 Junii
1743 3671 1784 3719 24.

653 4186 745 4251 219.
766 4184 933 4252 Jndr'cibus
956 4184 1139 4262 scandatur,
1163 4189 1317 4268 qnatenus
1339 4185 1493 4259 Judanni,
1516 4186 1582 4267 rapi
1605 4184 1784 4260 Bobenu'ue,
1809 4184 1848 4249 ab
1871 4182 2014 4248 omnibus
2039 4187 2072 4247 ct
2091 4184 2156 4247 sin-

649 4288 735 4371 pntia
758 4288 1001 4371 archiepiscopis
1024 4292 1054 4350 et
1075 4289 1229 4371 episcopis
1252 4308 1291 4352 ac
1315 4288 1390 4353 aliis
1409 4290 1555 4372 personis
1577 4287 1794 4353 ecclesiasticis
1822 4286 2066 4371 quibuscunque,
2088 4286 2155 4351 red·

651 4393 737 4457 ditans
759 4397 790 4457 et
807 4395 979 4476 procuratus
1001 4391 1223 4456 cccksiasticos
1246 4392 1282 4454 in
1304 4393 1454 4456 munitatu
1469 4392 1730 4473 anerubnrpenai
1745 4391 1963 4467 obtinentibus,
1979 4390 2018 4455 dc
2032 4390 2157 4456 mimis

896 4516 1026 4560 auorum
1048 4494 1327 4559 ecclesiasticorum
1344 4500 1552 4578 proventuum
1568 4495 1704 4575 faciant
1724 4494 1915 4579 responderi.

705 4683 759 4738 .0.
1660 4685 1823 4762 Aninionc,
1846 4688 1934 4752 1343
1955 4685 2040 4755 Jntn·
2061 4689 2113 4751 11.

754 4876 815 4941 Dd.
837 4875 868 4942 s.
888 4925 920 4940 ..
946 4875 1047 4940 sancti
1072 4874 1208 4941 Huberti
1232 4881 1313 4939 et..
1338 4882 1448 4940 sancte
1472 4876 1575 4940 Maria
1598 4877 1630 4942 in
1653 4877 1902 4957 Lucembourch,
1922 4877 2111 4944 Leodiensis
2125 4882 2157 4942 et

652 4979 860 5045 Treuerensis
883 4979 1067 5056 diocesiuru,
1090 4980 1356 5044 monasteriorum
1380 4980 1551 5044 abbatibus
1573 4998 1645 5044 ac..
1663 4980 1885 5046 archidiacono
1901 4981 2092 5048 lteuerensi
2108 4984 2158 5060 aa)

652 5084 791 5148 Paterna
814 5081 1073 5148 consideracione
1096 5087 1279 5162 pensantes,
1304 5088 1459 5163 quantum
1482 5084 1664 5150 carissimus
1689 5085 1719 5148 in
1744 5084 1873 5150 Christo
1896 5084 1916 5149 f.
1941 5103 1971 5150 n.
1987 5083 2160 5163 lohannes,

653 5207 707 5252 rex
731 5188 861 5253 Boemie
891 5187 1036 5265 illustris,
1067 5205 1143 5269 erga
1173 5205 1230 5250 nos
1261 5193 1293 5251 et
1324 5187 1498 5252 Romanam
1525 5189 1703 5268 ecclesiam,
1727 5194 1861 5255 matrem
1884 5207 1985 5268 suern,
2008 5194 2159 5270 tanquam

651 5291 885 5356 benediccionis
908 5289 995 5355 filius
1018 5295 1052 5355 et
1067 5290 1200 5355 deuotus
1217 5288 1373 5355 fidelitate
1389 5310 1427 5354 ac
1443 5291 1624 5356 devocionis
1641 5294 1825 5358 sinceritate
1840 5293 1968 5359 feruere
1984 5293 2160 5359 dinoscitur

651 5397 816 5478 ipsamque
839 5396 1013 5460 Romanam
1040 5394 1208 5459 ecclesiam
1239 5395 1347 5459 studet
1378 5394 1598 5476 multipliciter
1628 5395 1793 5475 honorare,
1819 5397 1948 5480 dignum
1974 5403 2158 5478 reputamus

652 5502 685 5562 et
708 5517 889 5580 congruum,
913 5502 951 5563 ut
971 5494 1113 5581 ipsuml)
1138 5517 1175 5562 ac
1189 5501 1215 5578 c)
1239 5517 1371 5579 regnum
1395 5516 1485 5564 suurn
1505 5516 1644 5580 suosque
1659 5499 1770 5565 fideles
1786 5506 1819 5565 et
1835 5500 1980 5565 subditos
1995 5499 2156 5565 favoribus

651 5607 684 5666 et
706 5601 855 5682 presidiis
879 5601 1063 5684 apostolicis
1086 5619 1324 5682 prosequamur.
1372 5599 1451 5664 Cum
1475 5602 1592 5682 itaque,
1617 5605 1700 5668 sicut
1724 5605 1764 5668 ad
1787 5605 1937 5668 noticiam
1961 5608 2154 5668 nostramet

651 5706 785 5772 trabum
801 5709 991 5784 nostrorum,
1006 5710 1115 5770 sancte
1131 5704 1274 5769 Romane
1290 5705 1425 5769 ecclesie
1442 5705 1658 5786 cardinalium,
1672 5708 1814 5772 eiusdem
1829 5709 1915 5790 regis
1930 5705 1957 5789 d)
1974 5712 2007 5772 et
2021 5708 2153 5773 aliorum
