5184 7050
1868 837 1932 904 247

412 1049 519 1116 414.
542 1047 703 1114 Indiciere
725 1045 909 1119 mundetur,
942 1047 1098 1126 quaterue
1131 1041 1281 1107 Floriano
1312 1043 1400 1107 Petri
1428 1042 1466 1106 de
1496 1044 1631 1143 ddoeuco
1657 1045 1877 1110 canonicatum
1899 1049 1932 1109 ct

470 1152 689 1236 praebendum
710 1150 859 1215 eeclesiae
883 1149 1061 1233 opoliensis
1083 1147 1250 1233 conseruat
1271 1150 1302 1210 et
1325 1147 1495 1227 accipere.
1520 1148 1636 1212 Fbruru
1657 1151 1693 1211 at
1716 1149 1750 1212 ia
1772 1171 1802 1214 a.
1828 1152 1878 1216 79.

1231 1354 1329 1438 Apud
1358 1354 1596 1431 Wllamaoucm,
1619 1358 1705 1421 1344
1727 1356 1813 1424 Julii
1835 1359 1887 1423 28.

477 1379 515 1465 ἱ

469 1481 527 1534 .x.

532 1569 568 1633 V.
592 1567 613 1633 i.
638 1618 645 1633 .
669 1618 676 1634 .
701 1568 941 1651 archiepiscopo
964 1565 1143 1633 Gneauensi
1159 1569 1192 1629 et
1208 1564 1259 1629 dd.
1279 1561 1311 1628 ff.
1328 1613 1335 1628 .
1354 1615 1361 1628 .
1377 1563 1486 1627 abbati
1502 1565 1687 1628 monasterii
1704 1562 1744 1628 de
1763 1565 1931 1645 Andreow,

422 1674 625 1739 Gneanensis
647 1671 794 1750 diocesis,
818 1689 856 1736 ac
879 1721 886 1735 .
911 1720 918 1735 .
942 1670 1063 1735 decano
1086 1669 1222 1734 ecclesie
1244 1667 1466 1734 Gracouiensis
1485 1685 1510 1733 e.
1528 1673 1588 1734 otc.
1612 1668 1771 1734 Nobilitas
1793 1672 1931 1751 generis,

424 1779 494 1842 vite
516 1797 555 1842 ac
575 1794 696 1841 mamm
719 1776 870 1840 honestas
893 1774 1020 1856 aliaque
1050 1773 1164 1838 merita
1193 1772 1372 1854 probitatis,
1403 1789 1501 1854 super·
1530 1772 1646 1854 quihus
1668 1774 1752 1855 apud
1777 1793 1833 1839 nos
1856 1774 1886 1840 d.
1910 1774 1932 1841 f.

426 1881 605 1960 Florianus,
622 1886 717 1945 natus
732 1879 762 1945 d.
778 1879 800 1945 f.
816 1879 933 1944 nobilis
949 1878 1009 1942 viri
1025 1877 1112 1942 Petri
1127 1877 1167 1942 de
1183 1875 1365 1962 Meeisco‚¹)
1386 1877 1556 1941 canonicus
1572 1876 1708 1941 ecclesie
1722 1878 1932 1957 Visliciensis,

424 1984 649 2050 (fracouiensis
678 1983 825 2062 diocesis,
855 1982 1014 2064 lidodigno
1044 1982 1282 2046 commendatur
1311 1980 1503 2059 testimonio,
1534 2000 1592 2045 nos
1616 1981 1778 2061 inducunt,
1814 1988 1849 2046 ut
1871 1984 1932 2048 sibi

424 2088 598 2153 reddamur·
619 2087 661 2151 ad
683 2088 823 2169 graciam
847 2085 1006 2150 liberales.
1052 2084 1157 2150 Hodie
1188 2085 1344 2166 siquidem
1376 2104 1432 2165 pro
1462 2090 1554 2167 parte
1577 2084 1654 2150 dicti
1677 2085 1817 2151 Floriani
1840 2088 1932 2152 uobis

425 2193 583 2276 exposito,
605 2193 690 2275 quod
714 2193 783 2274 ipse
806 2191 880 2255 olim
904 2191 936 2254 in
959 2189 1172 2254 sextodecimo
1200 2189 1297 2254 etatis
1329 2207 1386 2253 sue
1417 2207 1498 2252 anno
1521 2188 1571 2253 rel
1596 2190 1680 2254 circa
1703 2188 1792 2254 illum
1815 2193 1932 2256 consti-

425 2302 517 2362 tutus
540 2295 771 2379 parrochialem
794 2294 962 2359 ecclesiam
985 2293 1089 2359 sancti
1112 2292 1265 2374 Stephani
1286 2291 1519 2371 Cracouiensis,
1543 2292 1634 2356 cuius
1654 2291 1787 2371 fructus,
1811 2313 1836 2358 r.
1853 2300 1885 2359 et
1901 2314 1932 2376 p.

427 2400 538 2466 decem
560 2400 757 2465 marcharum
780 2399 904 2482 argenti
927 2418 952 2464 s.
976 2405 998 2463 t.
1024 2398 1053 2462 d.
1074 2396 1213 2463 valerem
1233 2414 1372 2461 aunuum
1387 2415 1449 2460 nou
1466 2395 1632 2475 excedunt,
1655 2400 1731 2460 tunc
1753 2404 1930 2478 vacantem,

427 2506 509 2571 alias
533 2505 593 2569 sibi
616 2504 766 2568 canonico
789 2502 948 2581 collatam,
972 2502 1041 2566 sine
1069 2501 1310 2583 dispensacione
1333 2501 1441 2583 aliqua
1462 2506 1630 2582 receperat
1660 2506 1693 2565 et
1715 2521 1784 2566 eam
1808 2503 1931 2569 duobus

426 2611 518 2676 annis
541 2627 612 2674 cunr
635 2607 764 2673 dimidio
786 2611 944 2684 tenuerat,
964 2606 1006 2670 ad
1020 2623 1129 2671 sacros
1152 2605 1279 2670 ordines
1303 2623 1365 2668 non
1381 2609 1552 2686 promotus,
1577 2610 1609 2668 et
1624 2605 1708 2686 qnod
1732 2606 1763 2669 iu
1788 2608 1930 2688 proximo

428 2734 509 2779 anno
534 2712 685 2778 collector
721 2729 845 2776 camere
874 2710 961 2776 sedis
991 2709 1165 2793 apostolice
1198 2709 1403 2773 medietatem
1433 2708 1592 2774 flnctuum
1623 2708 1758 2773 ecclesie
1787 2712 1931 2793 predicte

427 2822 616 2901 perceperat
638 2835 695 2897 pro
718 2833 844 2880 camera
867 2814 1059 2897 supradicta,
1094 2821 1127 2878 et
1157 2814 1188 2878 iu
1220 2813 1359 2878 secundo
1390 2831 1472 2877 anno
1502 2811 1700 2894 persolverat
1730 2832 1787 2895 pro
1809 2814 1932 2880 fabrica

427 2923 510 2988 dicte
533 2920 669 2986 ecclesie
700 2919 839 3000 quinque
865 2918 1011 2983 marchas
1043 2920 1176 3000 argenti,
1208 2918 1289 2983 alias
1321 2919 1421 2982 eciam
1453 2916 1603 2981 canonice
1632 2917 1800 2983 ecclesiam
1831 2920 1933 3001 ipsam

428 3025 628 3108 postmodum
660 3043 730 3090 eum
761 3024 950 3089 canonicatu
980 3028 1014 3087 et
1042 3023 1204 3107 prebenda
1233 3022 1376 3087 eiusdem
1407 3021 1540 3087 ecclesie
1571 3021 1780 3102 Visliciensis,
1815 3023 1932 3088 valoris

426 3134 566 3213 quinque
589 3128 787 3194 marcharum
810 3129 944 3210 argenti,
967 3133 1165 3211 permutaret
1188 3132 1221 3191 et
1243 3127 1368 3191 demum
1393 3128 1424 3191 iu
1448 3126 1585 3191 ecclesia
1608 3126 1783 3208 opoliensi,
1815 3128 1932 3193 Wrati·

427 3234 597 3300 slaniensis
627 3233 773 3310 diocesis,
808 3232 1027 3296 canonicatum
1062 3237 1094 3296 et
1116 3230 1311 3314 prebendam
1344 3229 1461 3294 valoris
1495 3248 1550 3294 ser
1581 3229 1781 3295 marchamm
1808 3233 1932 3314 argenti

427 3338 559 3422 pacifice
582 3339 688 3403 inerat
711 3340 888 3414 assecutus,
913 3355 950 3400 ac
974 3354 1031 3419 pro
1054 3341 1147 3417 parte
1170 3335 1313 3400 eiusdem
1344 3334 1485 3399 Floriani
1511 3334 1603 3398 uobis
1626 3333 1789 3398 humiliter
1812 3336 1932 3417 suppli-

428 3451 508 3521 cato,
531 3448 569 3508 nt
589 3441 757 3526 providere
779 3441 840 3507 sibi
865 3458 962 3520 snper
990 3441 1052 3505 hiis
1082 3439 1122 3504 de
1152 3444 1308 3521 oportuno
1338 3438 1478 3503 remedio
1502 3438 1725 3519 dignaremur:
1749 3457 1806 3503 uos
1830 3440 1931 3521 ipsius

428 3547 720 3632 supplicacionibus
743 3545 887 3613 inclinati
909 3563 1033 3610 omnem
1056 3543 1268 3609 inhabilitatis
1292 3550 1325 3609 et
1348 3543 1478 3609 infamio
1501 3543 1657 3606 maculam
1680 3544 1748 3608 sive
1770 3549 1887 3623 notam,
1904 3546 1930 3610 si

428 3671 521 3734 quam
545 3652 629 3717 idem
653 3650 819 3716 Florianus
841 3669 880 3715 ex
903 3649 1067 3730 premissis
1087 3647 1137 3713 rel
1153 3667 1262 3714 eorum
1282 3649 1450 3715 occasione
1465 3646 1700 3728 quorrredolibet
1716 3653 1931 3728 contraxerat,

428 3758 466 3820 de
488 3754 665 3838 apostolice
687 3756 858 3837 potestatis
880 3752 1079 3837 plenitudiue
1106 3755 1299 3818 auctoritate
1330 3752 1508 3833 apostoliea
1539 3752 1734 3816 abolevimus
1764 3753 1932 3834 ipsumque

428 3859 570 3942 plenarie
592 3857 831 3924 habilitavimus
862 3863 896 3923 et
925 3859 957 3923 in
990 3858 1145 3939 integrum
1176 3858 1375 3923 restituimus
1405 3876 1443 3920 ac
1474 3856 1604 3938 iusuper
1630 3856 1752 3922 tructos
1775 3877 1814 3920 arx
1837 3856 1932 3922 dictis

428 3961 590 4029 beneficiis
613 3981 671 4044 per
692 3964 796 4044 ipsum
819 3962 1002 4027 Florianum
1026 3962 1166 4028 indebite
1189 3968 1225 4027 nt
1248 3959 1409 4044 prefertur·
1429 3967 1598 4042 perceptas
1621 3961 1682 4025 sibi
1704 3962 1885 4026 remisimus
1900 3968 1933 4027 ot

428 4068 614 4132 donavimus
626 4085 663 4131 ac
676 4065 897 4132 nichilominus
913 4067 1181 4149 permutacionem
1198 4066 1385 4149 predictam,
1398 4064 1438 4130 de
1449 4065 1575 4146 prelata
1592 4065 1781 4146 parrochiali
1798 4068 1933 4133 ecclesia

428 4190 497 4237 cnm
520 4171 616 4236 dictis
639 4170 828 4236 canonicatu
851 4177 884 4235 et
906 4169 1069 4252 prebenda
1098 4171 1241 4235 eiusdem
1272 4169 1407 4234 ecclesie
1438 4169 1636 4234 Visliciensis
1667 4174 1703 4233 ut
1736 4172 1933 4252 premittitur

427 4274 555 4354 factam,
579 4274 743 4357 premissis
766 4282 799 4339 et
820 4274 1061 4356 quibuscunque
1084 4274 1370 4339 constitucionibus
1392 4273 1560 4337 contrariis
1580 4291 1780 4354 nequaquam
1803 4276 1933 4339 elstan·

427 4379 513 4444 tihus
536 4379 728 4444 auctoritate
758 4379 903 4460 predicta
931 4377 1077 4441 duximus
1108 4377 1371 4454 confirmandam3
1407 4376 1563 4440 soluimus
1590 4383 1705 4455 autern,
1740 4378 1824 4458 quod
1848 4379 1931 4443 idem

429 4483 596 4548 Florianus
618 4487 734 4548 extunc
757 4482 887 4548 realiter
909 4482 1034 4547 omnino
1058 4481 1233 4546 dimitteret
1256 4482 1479 4546 canonicatum
1502 4486 1534 4545 et
1554 4481 1748 4561 prebendam
1772 4483 1932 4564 predictos

430 4585 612 4668 Opoliensis
635 4586 769 4651 ecclesie
799 4591 981 4651 memorate.
1027 4585 1093 4650 Nos
1124 4586 1230 4667 igitm·‚
1261 4585 1404 4650 volentes
1427 4584 1561 4651 eundem
1586 4585 1768 4650 Florianum
1792 4606 1822 4667 p.
1846 4606 1885 4651 ur.
1911 4587 1930 4651 i.

428 4691 537 4755 farore
560 4691 710 4773 prosequi
741 4691 896 4772 ampliori,
934 4690 1122 4755 discrecioni
1153 4694 1259 4753 restro
1294 4708 1351 4770 per·
1381 4688 1557 4771 apostolica
1587 4691 1705 4771 scripta
1736 4691 1931 4768 mandamus,

428 4800 585 4876 quatenus
609 4812 664 4858 ros
687 4794 737 4859 rel
760 4794 823 4859 duo
846 4801 903 4860 aut
926 4813 1007 4859 unus
1030 4798 1170 4858 restrum
1201 4813 1258 4875 per
1289 4812 1344 4858 ros
1375 4793 1425 4858 rel
1455 4794 1553 4858 alium
1580 4793 1749 4870 sedulius,
1780 4794 1932 4876 predictis

428 4899 616 4964 canonicatu
632 4905 665 4962 et
679 4898 843 4981 prebenda
866 4898 1008 4964 eiusdem
1023 4897 1162 4962 ecclesie
1178 4896 1361 4979 Opoliensis
1377 4916 1435 4979 per
1449 4897 1584 4961 eundem
1601 4897 1783 4962 Florianum
1800 4898 1931 4962 realiter

429 5004 575 5083 primitus
598 5003 722 5066 omnino
744 5001 894 5080 dimissis,
924 5003 1010 5084 ipsos
1041 5003 1260 5067 canonicatum
1292 5009 1325 5067 et
1355 5000 1548 5083 prebendam
1578 5002 1753 5066 secundum
1775 5003 1932 5083 premissa

428 5113 590 5182 vacantes,
613 5105 780 5170 dummodo
803 5106 835 5169 in
858 5105 905 5170 eis
928 5113 1071 5188 tempore
1101 5107 1177 5171 date
1208 5106 1408 5188 presencium
1431 5124 1492 5169 nou
1516 5107 1592 5185 sit·)
1624 5106 1719 5170 alicui
1751 5106 1934 5186 specialiter

428 5212 476 5276 ius
499 5212 668 5293 quesitum,
702 5229 773 5274 cum
797 5230 826 5292 p.
850 5211 869 5275 i.
895 5230 921 5275 c.
945 5230 983 5275 ac
1005 5231 1034 5276 o.
1059 5212 1077 5275 i.
1110 5217 1143 5276 et
1171 5231 1201 5293 p.
1233 5231 1257 5276 s.
1287 5211 1390 5275 eidem
1421 5210 1570 5274 Floriano
1601 5211 1793 5275 auctoritate
1824 5216 1932 5275 nostra

428 5315 571 5381 conterre
594 5319 627 5378 et
649 5315 813 5397 assignare
834 5316 953 5380 curetis
955 5365 1091 5380 .....
1118 5316 1154 5379 h.
1180 5315 1264 5397 apud
1288 5315 1533 5391 Villamnouam,
1553 5315 1590 5378 A.
1607 5314 1692 5393 d.‚V
1715 5314 1779 5380 kal.
1797 5315 1932 5394 hucprsti

427 5438 454 5483 a.
477 5420 589 5484 tercio.

529 5555 678 5609 Clementis
700 5553 737 5607 l'l
758 5556 790 5607 Α.
812 5554 880 5623 lllt
899 5559 954 5618 laoy
976 5554 994 5607 i.
1014 5558 1083 5619 322¹,
1100 5554 1135 5609 de
1156 5554 1295 5608 beneflciis
1314 5555 1474 5609 vacantibus
1492 5572 1537 5624 qa.
1561 5561 1604 5608 lo:
1623 5555 1650 5608 in
1672 5555 1702 5607 V.
1724 5559 1771 5607 tol
1790 5553 1877 5606 deest,
1904 5583 1925 5590 --

428 5653 453 5706 *l
473 5642 654 5710 requiratur
674 5641 732 5694 eis‘.
749 5641 797 5694 sed
816 5641 1003 5695 cancellatum.
1024 5673 1053 5680 -
1076 5643 1095 5707 ι)
1114 5642 1234 5695 sortasse
1254 5641 1369 5708 hliejsce
1388 5658 1476 5711 prope
1496 5643 1604 5696 lirusuo
1624 5643 1650 5696 iu
1670 5641 1783 5694 (talieta.
