5184 7050
639 802 703 869 120

634 1006 826 1091 praefigendis
849 1005 994 1070 terminis
1014 1024 1084 1071 cum
1101 1007 1283 1088 integritate
1301 1024 1461 1089 procures,
1478 1006 1730 1072 contradictores
1745 1026 1841 1090 super
1864 1009 1927 1073 hiis
1941 1013 1976 1073 et
1992 1005 2134 1082 rebelles,

634 1113 850 1191 cuiuscunque
873 1113 988 1187 status,
1012 1108 1143 1188 ordinis,
1160 1109 1335 1192 dignitatis,
1359 1109 1572 1191 preminencie
1588 1112 1638 1175 vel
1655 1110 1849 1177 condicionis
1862 1112 2013 1189 existant,
2039 1111 2135 1174 eciam

633 1215 661 1283 si
682 1210 859 1297 pontificali
882 1212 933 1276 vel
956 1213 1069 1294 quavis
1093 1213 1157 1278 alia
1179 1211 1383 1296 prefulgeant
1405 1213 1571 1296 dignitate,
1601 1233 1660 1296 per
1689 1233 1854 1281 censuram
1885 1214 2135 1280 ecclesiasticam

636 1316 856 1399 appellatione
890 1317 1069 1398 postposita
1105 1316 1341 1399 compescendo,
1388 1336 1449 1380 non
1483 1318 1685 1382 obstantibus
1715 1317 1972 1400 exempcionibus
2007 1323 2042 1382 et
2076 1318 2140 1399 qui·

635 1420 745 1486 busvis
781 1420 855 1485 aliis
887 1420 1074 1504 privilegiis,
1109 1420 1320 1503 indulgentiis
1353 1426 1386 1485 et
1409 1421 1527 1486 litteris
1550 1421 1747 1503 apostolicis
1783 1422 2000 1503 cuiuscunque
2024 1420 2140 1485 tenoris

636 1523 786 1602 existant,
811 1519 850 1588 de
874 1524 990 1605 quibus
1013 1543 1210 1607 quorumque
1239 1525 1317 1590 totis
1347 1525 1512 1589 tenoribus
1534 1531 1622 1591 esset
1651 1525 1684 1589 in
1707 1525 1910 1608 presentibus
1933 1524 2087 1607 specialis
2108 1529 2138 1589 et

634 1645 787 1709 expressa
810 1647 847 1692 ac
871 1626 910 1691 de
934 1629 1029 1692 rerba
1054 1627 1094 1693 ad
1118 1628 1247 1692 uerbum
1270 1630 1392 1692 mencio
1416 1628 1573 1706 iacienda,
1609 1647 1666 1694 seu
1699 1630 1726 1694 si
1750 1629 1910 1711 aliquibus
1933 1627 2141 1694 communiter

635 1731 687 1796 vel
711 1731 839 1796 divisim
862 1751 881 1795 a
905 1732 980 1796 sede
1005 1731 1183 1813 apiostolica
1206 1732 1248 1795 sit
1272 1731 1440 1810 indultum,
1464 1732 1547 1813 quod
1571 1733 1730 1812 interdici,
1755 1733 1907 1814 suspendi
1937 1733 1990 1797 vel
2021 1751 2140 1798 excom-

635 1836 790 1900 municari
813 1855 875 1900 non
899 1837 1021 1917 possint
1044 1856 1102 1918 per
1124 1836 1251 1901 litteras
1275 1836 1469 1918 apostolicas
1492 1855 1554 1900 non
1576 1834 1731 1901 iacientes
1754 1836 1880 1918 plenam
1904 1841 1937 1902 et
1960 1854 2141 1920 expressam

635 1959 674 2004 ac
708 1938 747 2003 de
782 1940 878 2003 verbo
913 1941 953 2003 arl
988 1942 1118 2004 verbum
1153 1940 1192 2004 de
1227 1939 1351 2004 indulto
1381 1938 1562 2004 huiusmodi
1585 1940 1790 2005 mencionem.
1837 1939 1991 2005 Volumus
2027 1944 2141 2017 autem,

636 2043 797 2125 quodeos,
822 2061 841 2106 a
864 2043 1122 2124 quibusresidua
1143 2044 1305 2124 receperis
1329 2042 1524 2123 supradicta,
1551 2043 1656 2124 possis
1679 2043 1845 2108 absolvere
1867 2042 1996 2126 plenius
2019 2048 2054 2107 et
2076 2043 2142 2124 qui-

635 2152 706 2211 tare
729 2147 769 2211 de
792 2147 864 2224 liiis,
889 2166 951 2228 que
974 2146 1047 2211 inde
1069 2148 1230 2230 receperis
1253 2147 1293 2211 ab
1317 2146 1447 2225 eisdem,
1472 2149 1518 2211 sic
1540 2152 1656 2224 tamen,
1679 2147 1851 2229 quodinde
1877 2147 2141 2228 perscripturum

635 2249 796 2332 publicam
819 2250 870 2314 vel
893 2249 989 2314 aliam
1013 2249 1159 2315 idoneam
1182 2250 1297 2316 exinde
1319 2251 1559 2331 particulariter
1577 2259 1611 2315 et
1635 2251 1785 2316 distincte
1816 2269 1975 2316 cameram
2004 2254 2142 2317 nostrum

637 2354 809 2420 cerciorem
833 2352 961 2418 allicere
984 2353 1109 2435 sibique
1132 2355 1277 2420 raciones
1292 2354 1404 2419 fideles
1419 2358 1452 2418 et
1471 2354 1631 2437 legitimas
1646 2354 1780 2419 reddere
1793 2373 1831 2418 ac
1842 2353 1982 2418 fideliter
2003 2358 2040 2418 et
2061 2354 2140 2418 inte·

635 2458 770 2542 gralitei·
790 2457 994 2540 respondere,
1018 2456 1144 2538 cquando
1159 2464 1193 2524 et
1207 2459 1360 2540 quociens
1382 2463 1572 2541 oportunum
1595 2459 1740 2524 extiterit
1762 2476 1820 2523 seu
1843 2458 2020 2539 requisitus
2032 2457 2141 2535 fueris,

637 2582 699 2629 non
721 2568 904 2644 postponas.
930 2560 1079 2625 Ceterum
1103 2581 1174 2626 cum
1197 2563 1281 2626 inter
1304 2568 1420 2640 cetera,
1452 2581 1513 2644 que
1536 2557 1628 2627 nobis
1658 2561 1797 2643 gerenda
1820 2579 1860 2626 ex
1889 2560 1994 2627 officio
2018 2567 2143 2643 aposto

640 2666 701 2732 lice
725 2665 890 2731 servitutis
913 2664 1107 2741 incumbunt,
1139 2667 1305 2746 cupiamus
1328 2666 1496 2746 providere
1519 2665 1670 2746 periculis
1693 2666 1879 2744 animarum,
1910 2669 1955 2744 ut,
1986 2665 2015 2730 si
2038 2664 2143 2730 lemen

642 2769 758 2852 prelati
781 2775 814 2834 et
836 2769 900 2834 alie
922 2786 1057 2849 persone
1080 2768 1156 2832 dicti
1180 2770 1269 2851 regni
1292 2770 1512 2835 ecclesiastice
1541 2788 1599 2851 pro
1629 2789 1677 2848 eo,
1712 2769 1796 2851 quod
1819 2770 1960 2835 decimas
1982 2768 2143 2850 predictus

640 2872 691 2939 vel
714 2892 824 2939 eurum
846 2871 976 2938 residua
998 2873 1143 2938 terminis
1167 2891 1264 2955 super
1287 2874 1345 2937 lioc
1368 2873 1499 2955 prolixis
1521 2891 1583 2937 non
1599 2873 1772 2952 solverunt,
1796 2873 2142 2950 excommunicacionis,

626 2983 695 3045 ¹aru
718 2977 859 3058 capitula
883 2981 916 3040 et
939 2981 1112 3040 conventus
1135 2978 1366 3058 suspensionis,
1397 2996 1454 3041 seu
1485 2994 1594 3041 eorum
1628 2975 1763 3042 ecclesie
1786 2976 1949 3043 interdicti
1972 2977 2142 3042 sentenciis

636 3082 823 3146 subiaceant
845 3079 1063 3162 promulgatis,
1088 3086 1159 3160 post
1172 3080 1299 3162 plenam
1315 3086 1348 3145 et
1364 3082 1517 3162 integram
1533 3080 1727 3144 solucionem
1744 3080 1817 3145 indo
1833 3081 1892 3145 tibi
1908 3080 1994 3146 dicto
2010 3081 2136 3147 nomine

639 3185 756 3250 iactam
779 3185 884 3266 possis
906 3184 946 3248 de
968 3184 1210 3270 absolucione0)
1234 3204 1271 3250 ac
1294 3182 1533 3264 relaxaciouel)
1557 3185 1613 3263 eis,
1638 3202 1771 3266 quorum
1802 3184 1957 3264 intererit,
1981 3185 2043 3250 hac
2073 3185 2139 3249 vice

637 3290 829 3353 auctoritate
852 3294 961 3353 nostra
984 3290 1073 3352 iuxta
1096 3289 1228 3352 immam
1252 3289 1389 3354 ecclesie
1412 3290 1452 3353 ab
1475 3287 1596 3352 eisdem
1620 3288 1792 3353 sentenciis
1815 3287 1993 3369 providere,
2016 3289 2142 3371 plenam

637 3393 698 3458 tibi
721 3393 922 3463 concedimus
951 3398 1063 3458 tenore
1097 3394 1297 3475 presencium
1333 3393 1526 3458 facultatem.
1551 3429 1594 3440 —
1628 3394 1666 3458 D.
1691 3394 1851 3459 Auinione
1872 3392 1953 3459 Vlll
1976 3392 2041 3459 kal.
2065 3392 2142 3459 Julii

641 3516 668 3562 a.
694 3497 844 3562 secundo.

744 3668 893 3723 Clementis
911 3669 950 3723 VI
969 3669 1001 3722 V.
1022 3676 1069 3723 137
1090 3673 1169 3739 (secr.
1189 3685 1212 3723 a.
1232 3669 1269 3735 ll)
1287 3667 1305 3721 f.
1325 3675 1357 3723 37
1377 3686 1401 3722 n.
1424 3673 1481 3721 107.
1500 3700 1533 3708 -
1560 3671 1583 3735 a)
1603 3668 1805 3735 ,absolucionis‘
1823 3669 1864 3736 V,
1882 3685 1951 3724 corr.
1970 3669 2005 3725 ab
2033 3670 2144 3726 editore.

641 3755 669 3822 ¹¹)
689 3755 889 3823 ,relaxacionis‘
908 3754 949 3822 V,
967 3771 1035 3809 corr.
1055 3755 1089 3810 ab
1108 3755 1221 3811 editore.

1285 3933 1491 3941 ..———-—-

640 4314 732 4383 211.
754 4314 897 4379 Martino
919 4312 957 4378 dc
979 4315 1083 4378 Bnaco
1105 4311 1143 4377 de
1166 4313 1415 4396 Bnrqomaneria
1433 4311 1618 4393 providetur
1640 4312 1679 4377 de
1701 4312 1892 4378 canonicatu
1912 4317 1944 4377 et
1956 4314 2140 4396 praebenda

638 4418 674 4483 in
694 4416 826 4482 ecclesia
852 4416 1038 4481 Tridentino
1060 4416 1247 4481 vacantibus
1270 4436 1308 4480 ee
1330 4436 1373 4494 eo,
1396 4415 1478 4498 quad
1494 4413 1646 4481 Nicotaus
1662 4417 1833 4481 annconis
1856 4416 1895 4480 de
1915 4418 2065 4497 Brnnna,
2089 4439 2141 4483 aa·

640 4522 769 4587 noniano
790 4520 942 4586 eeclesiae
968 4520 1171 4585 Tridentinae
1188 4519 1435 4603 praebendatus,
1461 4520 1511 4584 cni
1525 4519 1563 4584 de
1579 4519 1737 4585 &conatu
1748 4521 1782 4585 in
1793 4517 1925 4586 eeclesia
1944 4519 2144 4587 Olamueensi

640 4629 776 4690 nocane
785 4646 847 4708 per
864 4623 990 4689 litteras
1006 4624 1172 4688 Benedicti
1182 4645 1292 4707 papae
1309 4624 1382 4687 XII
1386 4623 1551 4706 prouisam
1566 4625 1712 4709 initian,
1730 4626 1961 4707 possessionem
1970 4625 2145 4709 pacificans

642 4728 722 4795 dicti
750 4730 922 4795 decanatus
952 4733 1117 4794 assandus
1146 4733 1202 4795 eat.
1248 4730 1301 4809 ,D.
1325 4728 1482 4793 Aninione
1511 4729 1559 4792 VI
1578 4723 1643 4794 kal.
1665 4728 1751 4796 Jaiii
1772 4750 1803 4794 a.
1826 4728 1979 4794 amando!
2026 4729 2141 4796 huna

1297 4833 1495 4900 want

1640 5005 1803 5083 Acinionc,
1827 5008 1912 5072 1343
1934 5007 2031 5075 Jonas·
2050 5009 2104 5076 26.

748 5262 896 5318 Clementis
914 5264 952 5317 v1
970 5264 995 5316 A
1013 5264 1067 5334 llll
1088 5267 1143 5332 (71)
1162 5263 1180 5318 i.
1202 5266 1270 5332 133¹,
1289 5264 1323 5319 do
1342 5264 1483 5319 boneficiis
1502 5263 1718 5332 vacantibusqu
1736 5264 1908 5319 4:V.1ot
1932 5263 1952 5320 f.
1965 5270 2016 5320 144
2034 5281 2061 5321 u.
2080 5267 2137 5328 ttl.

644 5377 678 5388 -
699 5350 718 5415 ¹)
739 5354 804 5402 1341
824 5348 967 5403 Februarii
988 5356 1027 5416 10,
1047 5350 1108 5404 ride
1127 5351 1212 5405 elim.
1233 5351 1284 5404 l’ll
1303 5368 1328 5407 n.
1348 5358 1407 5405 305.
