5184 7050
546 854 611 921 650

545 1061 666 1129 1203.
686 1059 851 1128 Jobomnes
884 1057 988 1123 dictms
1010 1058 1181 1125 Kcesterlim
1203 1059 1242 1125 cle
1264 1058 1462 1141 Fbeibarp,·)
1485 1056 1673 1142 capeitanus
1704 1054 1824 1133 Coreli,
1851 1058 2060 1123 Romanorum

545 1169 575 1231 ct
597 1165 768 1231 Bobemioc
796 1163 890 1246 repis,
914 1163 956 1227 od
984 1163 1248 1247 supplicationem
1278 1162 1417 1228 eiusdem
1447 1163 1531 1246 repis
1553 1162 1754 1243 bobclitotar,
1771 1165 1913 1243 fructas
1937 1161 2061 1227 indebite

538 1271 682 1354 percepti
704 1269 732 1333 ei
753 1268 968 1347 rmmittuntor,
991 1267 1052 1332 bac
1073 1271 1181 1333 tossen
1203 1267 1389 1347 conditione,
1412 1271 1449 1331 at
1470 1267 1620 1333 ducentos
1640 1267 1782 1352 florenos
1813 1267 1893 1332 omri
1924 1287 2062 1331 comem

545 1372 738 1457 apostolicae
767 1372 870 1437 soloot
898 1371 934 1436 in
964 1371 1141 1437 subsidium
1166 1371 1316 1455 fideliam
1346 1376 1457 1437 contro
1483 1372 1609 1447 turcos,
1639 1374 1670 1435 ct
1703 1370 1898 1451 conceditur,
1922 1374 1961 1435 ut
1988 1391 2061 1454 poc·

544 1476 716 1542 rocbiolcm
745 1475 910 1542 occatam
939 1476 1047 1541 sancti
1069 1476 1208 1542 Martini
1228 1476 1472 1558 Arqctttimemsis
1505 1476 1639 1540 retinere
1667 1477 1781 1558 possit.
1831 1476 1886 1554 ,D.
1911 1475 2061 1541 Auiaioac

1032 1582 1085 1644 XI
1102 1579 1166 1645 bol.
1192 1579 1373 1645 Decembris
1396 1600 1427 1644 o.
1450 1584 1579 1646 octauo!

608 1805 633 1860 X
1455 1719 1620 1801 Actaeae,
1643 1721 1730 1785 1349
1752 1718 1949 1785 mosmos
1970 1723 2021 1786 21.

591 1847 598 1860 ⁶
644 1846 800 1948 'Clementis
818 1891 856 1945 VI
875 1893 908 1945 A.
927 1890 1019 1962 VIIIsl
1040 1895 1113 1960 (105)
1132 1889 1151 1945 f.
1164 1895 1225 1957 340,
1236 1889 1271 1944 de
1284 1889 1408 1959 indultis,
1420 1890 1572 1961 privilegiis
1585 1898 1612 1946 ct
1625 1891 1887 1962 dispensationibus
1900 1908 1948 1961 qu.
1960 1898 1977 1946 4
1989 1909 2020 1944 :
2032 1891 2058 1945 V.

549 1987 598 2037 194
618 1978 637 2034 f.
657 1981 717 2035 371¹
736 1995 763 2033 n
783 1983 859 2034 11⁷0.
878 2009 911 2019 -
937 1980 961 2045 ⁸)
980 1978 1133 2048 ,Friburgo‘
1150 1979 1184 2032 Δ.

550 2367 671 2436 1204.
694 2365 807 2446 Qaido,
829 2364 917 2430 tituli
939 2366 1069 2430 sommae
1092 2360 1227 2430 Cecslioe
1243 2362 1410 2446 presbyter
1434 2361 1622 2438 cardinalis,
1637 2360 1810 2447 simplicat,
1826 2365 1988 2446 prolem
2004 2361 2058 2427 cibi

549 2478 580 2538 ct
604 2473 786 2538 Hermotimo
816 2470 928 2534 Wrtten
951 2490 990 2534 cc
1010 2468 1155 2537 Jobouoi
1176 2466 1326 2532 Amorem
1347 2466 1385 2532 cle
1406 2468 1587 2550 Jecpscotcc
1618 2466 1657 2532 de
1689 2467 1784 2554 certis
1818 2466 1979 2550 benefieiis
2005 2488 2057 2552 per

798 2574 915 2639 obitam
938 2571 1069 2639 Nicolai
1090 2573 1129 2637 de
1150 2571 1364 2653 Lucembarqo
1386 2570 1574 2637 socordibus
1590 2571 1811 2655 provideatur.

1481 2710 1645 2787 Aoioionc,
1670 2713 1756 2778 1349
1781 2711 1970 2778 Decembris
1990 2715 2019 2778 5.

654 2870 745 2937 Motu
767 2870 898 2953 proprio
919 2869 1123 2953 providemus
1145 2868 1296 2948 Gnidoni,
1319 2868 1407 2934 tituli
1430 2874 1540 2936 sancte
1557 2867 1676 2935 Oecilie
1690 2870 1884 2953 presbytero
1899 2872 2055 2950 cardinali,

551 2977 591 3042 de
614 2974 802 3041 canonicatu
831 2975 890 3039 sub
920 2974 1149 3056 expectacione
1177 2974 1341 3056 prebende
1370 2973 1505 3040 ecclesie
1535 2973 1693 3053 Senensis,
1716 2974 1894 3059 Pnagensis
1917 2977 2055 3054 diocesis,

550 3099 672 3146 necnon
688 3080 727 3145 de
743 3079 946 3163 prepositura
964 3078 1108 3145 eiusdem
1131 3077 1277 3158 ecclesie,
1300 3084 1435 3145 vacante
1458 3079 1498 3144 ad
1521 3095 1653 3161 pressus
1675 3096 1734 3162 per
1756 3080 1883 3147 obitum
1905 3081 2054 3164 quondam

549 3184 674 3251 Nicolai
709 3183 748 3247 de
781 3182 1011 3266 Lucemburgo,
1046 3183 1147 3266 ipsius
1181 3182 1350 3249 cardinalis
1383 3181 1550 3248 familiaris
1584 3187 1618 3248 et
1651 3183 1830 3266 apostolice
1866 3185 1954 3253 sedis
1990 3187 2054 3252 dun

550 3289 679 3355 virebat
715 3287 880 3371 capellani,
911 3289 965 3370 qni
994 3306 1098 3370 nuper
1127 3293 1219 3354 extra
1247 3287 1423 3354 &manem
1453 3289 1573 3354 cuniam
1607 3287 1691 3354 diem
1724 3289 1844 3355 clausit
1877 3295 2054 3368 extremum,

550 3394 777 3476 dispensantes
799 3399 860 3458 etc.

654 3513 728 3581 Fiat
749 3519 837 3582 motu
859 3515 988 3599 proprio
1011 3521 1045 3581 et
1067 3515 1290 3598 dispensamus
1312 3514 1349 3581 R.

655 3744 737 3809 ltem
771 3741 931 3826 supplicat
952 3742 984 3809 S.
1007 3743 1045 3809 V.
1068 3743 1153 3809 idem
1186 3741 1367 3823 cardinalis,
1402 3747 1560 3826 quatenus
1593 3741 1711 3810 dilecto
1741 3763 1801 3810 suo
1834 3746 2054 3830 capellanum

551 3848 700 3914 familiari
731 3846 904 3912 domestico
930 3847 1091 3914 Hermano
1114 3848 1182 3914 Wit
1204 3847 1244 3913 de
1267 3847 1456 3914 canonicatu
1479 3852 1512 3914 et
1534 3847 1696 3931 prebenda
1719 3848 1861 3916 ecclesie
1883 3850 2052 3937 Pragensis,

551 3952 740 4018 vacantibus
773 3970 831 4035 per
863 3952 984 4018 obitum
1019 3952 1096 4019 dicti
1128 3951 1264 4033 Nicolai,
1294 3952 1466 4036 dignemini
1496 3951 1675 4036 providere,
1706 3971 1771 4018 uou
1793 3955 1959 4037 obstante,
1980 3956 2052 4040 quod

552 4057 774 4123 canonicatum
807 4056 866 4122 sub
901 4056 1127 4139 expectatione
1160 4057 1323 4139 prebende
1354 4056 1488 4123 ecclesie
1510 4057 1712 4124 Patauiensis
1734 4058 1885 4125 obtinere
1906 4067 2051 4136 noscatur,

553 4179 624 4228 cum
645 4160 799 4228 clausulis
821 4166 854 4226 et
876 4161 1102 4228 executoribus
1124 4162 1299 4245 oportunis.

655 4281 729 4351 Fiat
750 4283 788 4349 R.

656 4408 738 4473 Item
760 4410 793 4472 et
814 4405 953 4471 iohanni
975 4405 1102 4471 Andree
1125 4405 1165 4472 de
1187 4405 1432 4488 levvyssowriz,
1456 4406 1525 4471 eius
1548 4406 1648 4471 eciam
1671 4406 1840 4489 capellano
1864 4415 1898 4474 et
1916 4409 2048 4477 familiari

553 4529 610 4578 suu
633 4509 845 4591 domestico,·)
879 4508 918 4574 de
952 4509 1140 4574 canonicatu
1174 4515 1208 4576 et
1230 4510 1392 4593 prebenda
1413 4510 1550 4577 ecclesie
1572 4509 1870 4595 Wysssgradensis,
1894 4515 2048 4598 Pregensis

554 4615 700 4693 diocesis,
722 4614 816 4680 modo
838 4614 982 4695 predicto
1004 4614 1201 4694 vacantibus,
1224 4613 1396 4697 dignemini
1419 4615 1598 4697 providere,
1621 4634 1683 4680 non
1706 4617 1871 4699 obstante,
1887 4619 1970 4701 quod
1989 4635 2048 4702 par·

553 4720 726 4786 rochialem
749 4719 917 4784 ecclesiam
939 4719 1043 4785 sancti
1065 4718 1232 4784 Michaelis
1255 4718 1296 4784 de
1319 4720 1468 4801 Znoyma,
1496 4718 1716 4788 Olomucensis
1747 4720 1897 4802 diocesis,
1922 4725 2046 4790 obtinere

554 4830 713 4903 noscatur,
738 4843 807 4889 cum
831 4823 984 4889 clausulis
1008 4828 1041 4888 et
1064 4824 1287 4889 executoribus
1310 4825 1484 4906 oportunis.

658 5174 698 5239 Ι).
722 5175 881 5240 Aninione
904 5193 975 5240 non.
999 5175 1185 5239 Decembris
1209 5193 1237 5239 a.
1262 5180 1385 5241 octavo.

660 5364 808 5420 Clementis
826 5364 864 5419 VI
882 5364 908 5418 S.
927 5363 1019 5431 VIIIlt
1040 5366 1097 5432 (18)
1115 5365 1133 5418 t.
1153 5369 1193 5419 st.
1213 5396 1246 5404 -
1273 5367 1296 5431 ι)
1317 5364 1387 5433 supi.
1406 5380 1491 5434 supra
1509 5365 1534 5419 S.

1206 5631 1411 5640 ..—
