<?xml version="1.0" encoding="UTF-8"?>
<!DOCTYPE html PUBLIC "-//W3C//DTD XHTML 1.0 Transitional//EN"
    "http://www.w3.org/TR/xhtml1/DTD/xhtml1-transitional.dtd">
<html xmlns="http://www.w3.org/1999/xhtml" xml:lang="en" lang="en">
 <head>
  <title>
</title>
<meta http-equiv="Content-Type" content="text/html;charset=utf-8" />
  <meta name='ocr-system' content='tesseract 3.04.00' />
  <meta name='ocr-capabilities' content='ocr_page ocr_carea ocr_par ocr_line ocrx_word'/>
</head>
<body>
  <div class='ocr_page' id='page_1' title='image "./monumentavatica01vatigoog_0790.png"; bbox 0 0 5184 7050; ppageno 0'>
   <div class='ocr_carea' id='block_1_1' title="bbox 691 839 753 905">
    <p class='ocr_par' dir='ltr' id='par_1_1' title="bbox 691 839 753 905">
     <span class='ocr_line' id='line_1_1' title="bbox 691 839 753 905; baseline 0.016 -1"><span class='ocrx_word' id='word_1_1' title='bbox 691 839 753 905; x_wconf 79' lang='lat'><strong>768</strong></span> 
     </span>
    </p>
   </div>
   <div class='ocr_carea' id='block_1_2' title="bbox 681 1039 2201 3380">
    <p class='ocr_par' dir='ltr' id='par_1_2' title="bbox 681 1039 2201 1746">
     <span class='ocr_line' id='line_1_2' title="bbox 685 1039 2201 1125; baseline -0.005 -17"><span class='ocrx_word' id='word_1_2' title='bbox 685 1050 742 1109; x_wconf 89' lang='lat' dir='ltr'><strong>aut</strong></span> <span class='ocrx_word' id='word_1_3' title='bbox 766 1043 857 1125; x_wconf 88' lang='lat' dir='ltr'><strong>pluro</strong></span> <span class='ocrx_word' id='word_1_4' title='bbox 879 1041 1034 1109; x_wconf 85' lang='lat' dir='ltr'><strong>beneficia</strong></span> <span class='ocrx_word' id='word_1_5' title='bbox 1057 1041 1286 1119; x_wconf 86' lang='lat' dir='ltr'><strong>ecclesiastica,</strong></span> <span class='ocrx_word' id='word_1_6' title='bbox 1312 1042 1468 1105; x_wconf 84' lang='lat' dir='ltr'><strong>secularia</strong></span> <span class='ocrx_word' id='word_1_7' title='bbox 1492 1040 1541 1104; x_wconf 83' lang='lat' dir='ltr'><strong>rel</strong></span> <span class='ocrx_word' id='word_1_8' title='bbox 1565 1040 1736 1121; x_wconf 78' lang='lat' dir='ltr'><strong>regularia,</strong></span> <span class='ocrx_word' id='word_1_9' title='bbox 1763 1040 1864 1102; x_wconf 61' lang='lat' dir='ltr'><strong>curiam</strong></span> <span class='ocrx_word' id='word_1_10' title='bbox 1889 1040 1916 1104; x_wconf 87' lang='lat' dir='ltr'><strong>si</strong></span> <span class='ocrx_word' id='word_1_11' title='bbox 1944 1057 2051 1102; x_wconf 92' lang='lat' dir='ltr'><strong>unum</strong></span> <span class='ocrx_word' id='word_1_12' title='bbox 2076 1039 2201 1119; x_wconf 78' lang='lat' dir='ltr'><strong>Ipsorum</strong></span> 
     </span>
     <span class='ocr_line' id='line_1_3' title="bbox 684 1142 2198 1226; baseline -0.007 -12"><span class='ocrx_word' id='word_1_13' title='bbox 684 1154 829 1214; x_wconf 91' lang='lat' dir='ltr'><strong>curatum</strong></span> <span class='ocrx_word' id='word_1_14' title='bbox 853 1149 981 1215; x_wconf 83' lang='lat' dir='ltr'><strong>existat.</strong></span> <span class='ocrx_word' id='word_1_15' title='bbox 1007 1145 1097 1210; x_wconf 89' lang='lat' dir='ltr'><strong>cuius</strong></span> <span class='ocrx_word' id='word_1_16' title='bbox 1120 1145 1170 1210; x_wconf 86' lang='lat' dir='ltr'><strong>rel</strong></span> <span class='ocrx_word' id='word_1_17' title='bbox 1194 1165 1326 1226; x_wconf 87' lang='lat' dir='ltr'><strong>quorum</strong></span> <span class='ocrx_word' id='word_1_18' title='bbox 1350 1146 1488 1209; x_wconf 90' lang='lat' dir='ltr'><strong>ormrium</strong></span> <span class='ocrx_word' id='word_1_19' title='bbox 1512 1146 1644 1221; x_wconf 83' lang='lat' dir='ltr'><strong>fructus,</strong></span> <span class='ocrx_word' id='word_1_20' title='bbox 1668 1145 1814 1209; x_wconf 87' lang='lat' dir='ltr'><strong>redditus</strong></span> <span class='ocrx_word' id='word_1_21' title='bbox 1837 1151 1873 1208; x_wconf 87' lang='lat' dir='ltr'><strong>et</strong></span> <span class='ocrx_word' id='word_1_22' title='bbox 1897 1147 2086 1224; x_wconf 86' lang='lat' dir='ltr'><strong>proventus</strong></span> <span class='ocrx_word' id='word_1_23' title='bbox 2102 1160 2127 1203; x_wconf 88' lang='lat' dir='ltr'><strong>s.</strong></span> <span class='ocrx_word' id='word_1_24' title='bbox 2142 1142 2198 1204; x_wconf 85' lang='lat' dir='ltr'><strong>tl.</strong></span> 
     </span>
     <span class='ocr_line' id='line_1_4' title="bbox 682 1246 2199 1333; baseline -0.007 -16"><span class='ocrx_word' id='word_1_25' title='bbox 682 1254 847 1333; x_wconf 73' lang='lat' dir='ltr'><strong>sexaginta</strong></span> <span class='ocrx_word' id='word_1_26' title='bbox 878 1270 1054 1316; x_wconf 88' lang='lat' dir='ltr'><strong>marearum</strong></span> <span class='ocrx_word' id='word_1_27' title='bbox 1085 1252 1209 1333; x_wconf 78' lang='lat' dir='ltr'>argenti</span> <span class='ocrx_word' id='word_1_28' title='bbox 1240 1250 1379 1313; x_wconf 88' lang='lat' dir='ltr'><strong>valorem</strong></span> <span class='ocrx_word' id='word_1_29' title='bbox 1410 1269 1549 1313; x_wconf 92' lang='lat' dir='ltr'><strong>aunuum</strong></span> <span class='ocrx_word' id='word_1_30' title='bbox 1579 1268 1641 1313; x_wconf 93' lang='lat' dir='ltr'><strong>nou</strong></span> <span class='ocrx_word' id='word_1_31' title='bbox 1672 1249 1838 1325; x_wconf 68' lang='lat' dir='ltr'><strong>(excedunt,</strong></span> <span class='ocrx_word' id='word_1_32' title='bbox 1875 1248 1903 1311; x_wconf 91' lang='lat' dir='ltr'><strong>si</strong></span> <span class='ocrx_word' id='word_1_33' title='bbox 1937 1247 2003 1310; x_wconf 89' lang='lat' dir='ltr'><strong>sibi</strong></span> <span class='ocrx_word' id='word_1_34' title='bbox 2038 1246 2135 1309; x_wconf 91' lang='lat' dir='ltr'><strong>simul</strong></span> <span class='ocrx_word' id='word_1_35' title='bbox 2157 1254 2199 1308; x_wconf 87' lang='lat' dir='ltr'><strong>aut</strong></span> 
     </span>
     <span class='ocr_line' id='line_1_5' title="bbox 681 1350 2197 1436; baseline -0.006 -14"><span class='ocrx_word' id='word_1_36' title='bbox 681 1357 861 1423; x_wconf 82' lang='lat' dir='ltr'><strong>successive</strong></span> <span class='ocrx_word' id='word_1_37' title='bbox 894 1354 1104 1432; x_wconf 86' lang='lat' dir='ltr'><strong>conferantur,</strong></span> <span class='ocrx_word' id='word_1_38' title='bbox 1136 1354 1186 1418; x_wconf 89' lang='lat' dir='ltr'><strong>vel</strong></span> <span class='ocrx_word' id='word_1_39' title='bbox 1220 1355 1323 1436; x_wconf 89' lang='lat' dir='ltr'><strong>ipsum</strong></span> <span class='ocrx_word' id='word_1_40' title='bbox 1353 1353 1393 1418; x_wconf 92' lang='lat' dir='ltr'><strong>ad</strong></span> <span class='ocrx_word' id='word_1_41' title='bbox 1416 1372 1456 1417; x_wconf 90' lang='lat' dir='ltr'><strong>ea</strong></span> <span class='ocrx_word' id='word_1_42' title='bbox 1479 1355 1630 1418; x_wconf 89' lang='lat' dir='ltr'><strong>canonice</strong></span> <span class='ocrx_word' id='word_1_43' title='bbox 1654 1354 1772 1416; x_wconf 80' lang='lat' dir='ltr'><strong>assumi</strong></span> <span class='ocrx_word' id='word_1_44' title='bbox 1796 1352 1847 1416; x_wconf 90' lang='lat' dir='ltr'><strong>vel</strong></span> <span class='ocrx_word' id='word_1_45' title='bbox 1873 1352 2007 1415; x_wconf 88' lang='lat' dir='ltr'><strong>iustitui</strong></span> <span class='ocrx_word' id='word_1_46' title='bbox 2033 1350 2197 1432; x_wconf 63' lang='lat' dir='ltr'><strong>contiueat,</strong></span> 
     </span>
     <span class='ocr_line' id='line_1_6' title="bbox 682 1455 2197 1542; baseline -0.005 -17"><span class='ocrx_word' id='word_1_47' title='bbox 682 1462 825 1542; x_wconf 88' lang='lat' dir='ltr'><strong>recipere</strong></span> <span class='ocrx_word' id='word_1_48' title='bbox 840 1460 949 1525; x_wconf 85' lang='lat' dir='ltr'><strong>valeat</strong></span> <span class='ocrx_word' id='word_1_49' title='bbox 970 1463 1004 1523; x_wconf 91' lang='lat' dir='ltr'><strong>ot</strong></span> <span class='ocrx_word' id='word_1_50' title='bbox 1027 1460 1170 1524; x_wconf 88' lang='lat' dir='ltr'><strong>obtinere</strong></span> <span class='ocrx_word' id='word_1_51' title='bbox 1193 1459 1280 1523; x_wconf 85' lang='lat' dir='ltr'><strong>lleito</strong></span> <span class='ocrx_word' id='word_1_52' title='bbox 1305 1459 1343 1522; x_wconf 90' lang='lat' dir='ltr'><strong>de</strong></span> <span class='ocrx_word' id='word_1_53' title='bbox 1375 1458 1460 1522; x_wconf 87' lang='lat' dir='ltr'><strong>sedis</strong></span> <span class='ocrx_word' id='word_1_54' title='bbox 1491 1457 1664 1539; x_wconf 89' lang='lat' dir='ltr'><strong>apostolice</strong></span> <span class='ocrx_word' id='word_1_55' title='bbox 1697 1457 1872 1521; x_wconf 79' lang='lat' dir='ltr'><strong>clemencia</strong></span> <span class='ocrx_word' id='word_1_56' title='bbox 1904 1455 2058 1537; x_wconf 88' lang='lat' dir='ltr'><strong>speciali,</strong></span> <span class='ocrx_word' id='word_1_57' title='bbox 2092 1456 2197 1518; x_wconf 82' lang='lat' dir='ltr'><strong>consti·</strong></span> 
     </span>
     <span class='ocr_line' id='line_1_7' title="bbox 681 1560 2194 1644; baseline -0.006 -14"><span class='ocrx_word' id='word_1_58' title='bbox 681 1565 861 1630; x_wconf 91' lang='lat' dir='ltr'><strong>tucionibus</strong></span> <span class='ocrx_word' id='word_1_59' title='bbox 890 1564 1023 1628; x_wconf 88' lang='lat' dir='ltr'><strong>Romani</strong></span> <span class='ocrx_word' id='word_1_60' title='bbox 1054 1562 1213 1644; x_wconf 87' lang='lat' dir='ltr'><strong>pontilicis</strong></span> <span class='ocrx_word' id='word_1_61' title='bbox 1244 1569 1277 1627; x_wconf 88' lang='lat' dir='ltr'><strong>et</strong></span> <span class='ocrx_word' id='word_1_62' title='bbox 1307 1562 1377 1626; x_wconf 88' lang='lat' dir='ltr'><strong>aliis</strong></span> <span class='ocrx_word' id='word_1_63' title='bbox 1408 1563 1539 1626; x_wconf 86' lang='lat' dir='ltr'><strong>statutis</strong></span> <span class='ocrx_word' id='word_1_64' title='bbox 1568 1567 1601 1625; x_wconf 90' lang='lat' dir='ltr'><strong>et</strong></span> <span class='ocrx_word' id='word_1_65' title='bbox 1632 1562 1917 1626; x_wconf 85' lang='lat' dir='ltr'><strong>consuetudinibus</strong></span> <span class='ocrx_word' id='word_1_66' title='bbox 1954 1560 2194 1640; x_wconf 78' lang='lat' dir='ltr'><strong>quibuscunque</strong></span> 
     </span>
     <span class='ocr_line' id='line_1_8' title="bbox 686 1664 2195 1746; baseline -0.007 -12"><span class='ocrx_word' id='word_1_67' title='bbox 686 1669 853 1734; x_wconf 85' lang='lat' dir='ltr'><strong>contrariis</strong></span> <span class='ocrx_word' id='word_1_68' title='bbox 883 1687 945 1732; x_wconf 92' lang='lat' dir='ltr'><strong>non</strong></span> <span class='ocrx_word' id='word_1_69' title='bbox 977 1668 1186 1746; x_wconf 83' lang='lat' dir='ltr'><strong>obstantibus,</strong></span> <span class='ocrx_word' id='word_1_70' title='bbox 1218 1672 1251 1731; x_wconf 91' lang='lat' dir='ltr'><strong>et</strong></span> <span class='ocrx_word' id='word_1_71' title='bbox 1281 1686 1351 1730; x_wconf 92' lang='lat' dir='ltr'><strong>cum</strong></span> <span class='ocrx_word' id='word_1_72' title='bbox 1383 1667 1454 1730; x_wconf 89' lang='lat' dir='ltr'><strong>aliis</strong></span> <span class='ocrx_word' id='word_1_73' title='bbox 1476 1683 1539 1730; x_wconf 92' lang='lat' dir='ltr'><strong>uon</strong></span> <span class='ocrx_word' id='word_1_74' title='bbox 1561 1665 1763 1730; x_wconf 85' lang='lat' dir='ltr'><strong>obstantibus</strong></span> <span class='ocrx_word' id='word_1_75' title='bbox 1786 1671 1819 1729; x_wconf 88' lang='lat' dir='ltr'><strong>et</strong></span> <span class='ocrx_word' id='word_1_76' title='bbox 1843 1664 2006 1729; x_wconf 86' lang='lat' dir='ltr'><strong>clausulis</strong></span> <span class='ocrx_word' id='word_1_77' title='bbox 2030 1664 2195 1744; x_wconf 83' lang='lat' dir='ltr'><strong>oportunis.</strong></span> 
     </span>
    </p>

    <p class='ocr_par' dir='ltr' id='par_1_3' title="bbox 788 1790 919 1854">
     <span class='ocr_line' id='line_1_9' title="bbox 788 1790 919 1854; baseline -0.008 0"><span class='ocrx_word' id='word_1_78' title='bbox 788 1790 860 1854; x_wconf 84' lang='lat' dir='ltr'><strong>Fiat</strong></span> <span class='ocrx_word' id='word_1_79' title='bbox 882 1790 919 1854; x_wconf 85' lang='lat' dir='ltr'><strong>R.</strong></span> 
     </span>
    </p>

    <p class='ocr_par' dir='ltr' id='par_1_4' title="bbox 684 1908 2197 2393">
     <span class='ocr_line' id='line_1_10' title="bbox 789 1908 2197 1992; baseline -0.004 -16"><span class='ocrx_word' id='word_1_80' title='bbox 789 1913 869 1976; x_wconf 89' lang='lat' dir='ltr'><strong>Item</strong></span> <span class='ocrx_word' id='word_1_81' title='bbox 904 1916 1061 1992; x_wconf 87' lang='lat' dir='ltr'><strong>quatenus</strong></span> <span class='ocrx_word' id='word_1_82' title='bbox 1097 1908 1291 1975; x_wconf 83' lang='lat' dir='ltr'><strong>consimilem</strong></span> <span class='ocrx_word' id='word_1_83' title='bbox 1326 1910 1465 1991; x_wconf 86' lang='lat' dir='ltr'><strong>graciam</strong></span> <span class='ocrx_word' id='word_1_84' title='bbox 1503 1909 1610 1973; x_wconf 72' lang='lat' dir='ltr'><strong>feruere</strong></span> <span class='ocrx_word' id='word_1_85' title='bbox 1646 1909 1815 1990; x_wconf 79' lang='lat' dir='ltr'><strong>dignemini</strong></span> <span class='ocrx_word' id='word_1_86' title='bbox 1853 1916 1890 1973; x_wconf 92' lang='lat' dir='ltr'><strong>ut</strong></span> <span class='ocrx_word' id='word_1_87' title='bbox 1928 1928 2034 1989; x_wconf 89' lang='lat' dir='ltr'><strong>supra</strong></span> <span class='ocrx_word' id='word_1_88' title='bbox 2072 1908 2197 1973; x_wconf 84' lang='lat' dir='ltr'><strong>Iohanni</strong></span> 
     </span>
     <span class='ocr_line' id='line_1_11' title="bbox 684 2011 2195 2099; baseline -0.004 -19"><span class='ocrx_word' id='word_1_89' title='bbox 684 2016 841 2099; x_wconf 86' lang='lat' dir='ltr'><strong>quondam</strong></span> <span class='ocrx_word' id='word_1_90' title='bbox 864 2014 1032 2079; x_wconf 87' lang='lat' dir='ltr'><strong>Wernlrcri</strong></span> <span class='ocrx_word' id='word_1_91' title='bbox 1064 2014 1103 2079; x_wconf 90' lang='lat' dir='ltr'><strong>do</strong></span> <span class='ocrx_word' id='word_1_92' title='bbox 1130 2015 1236 2079; x_wconf 88' lang='lat' dir='ltr'><strong>Lesna</strong></span> <span class='ocrx_word' id='word_1_93' title='bbox 1259 2012 1298 2076; x_wconf 90' lang='lat' dir='ltr'><strong>ad</strong></span> <span class='ocrx_word' id='word_1_94' title='bbox 1323 2013 1528 2077; x_wconf 83' lang='lat' dir='ltr'><strong>collusionem</strong></span> <span class='ocrx_word' id='word_1_95' title='bbox 1552 2019 1611 2075; x_wconf 89' lang='lat' dir='ltr'><strong>etc.</strong></span> <span class='ocrx_word' id='word_1_96' title='bbox 1637 2014 1787 2095; x_wconf 80' lang='lat' dir='ltr'><strong>episcopi,</strong></span> <span class='ocrx_word' id='word_1_97' title='bbox 1823 2013 1949 2091; x_wconf 70' lang='lat' dir='ltr'><strong>«lecum,</strong></span> <span class='ocrx_word' id='word_1_98' title='bbox 1988 2011 2195 2077; x_wconf 85' lang='lat' dir='ltr'><strong>arelrirliacoui</strong></span> 
     </span>
     <span class='ocr_line' id='line_1_12' title="bbox 685 2117 2195 2201; baseline -0.005 -16"><span class='ocrx_word' id='word_1_99' title='bbox 685 2127 718 2186; x_wconf 86' lang='lat' dir='ltr'><strong>at</strong></span> <span class='ocrx_word' id='word_1_100' title='bbox 751 2120 881 2201; x_wconf 86' lang='lat' dir='ltr'><strong>capituli</strong></span> <span class='ocrx_word' id='word_1_101' title='bbox 915 2118 1197 2195; x_wconf 88' lang='lat' dir='ltr'><strong>Wratislauiensis,</strong></span> <span class='ocrx_word' id='word_1_102' title='bbox 1233 2117 1291 2181; x_wconf 91' lang='lat' dir='ltr'><strong>sub</strong></span> <span class='ocrx_word' id='word_1_103' title='bbox 1327 2118 1402 2181; x_wconf 76' lang='lat' dir='ltr'><strong>(lata</strong></span> <span class='ocrx_word' id='word_1_104' title='bbox 1436 2118 1500 2182; x_wconf 87' lang='lat' dir='ltr'><strong>dlei</strong></span> <span class='ocrx_word' id='word_1_105' title='bbox 1535 2117 1718 2181; x_wconf 84' lang='lat' dir='ltr'><strong>immediate</strong></span> <span class='ocrx_word' id='word_1_106' title='bbox 1748 2119 1922 2198; x_wconf 69' lang='lat' dir='ltr'><strong>sequeutia</strong></span> <span class='ocrx_word' id='word_1_107' title='bbox 1958 2118 2195 2189; x_wconf 86' lang='lat' dir='ltr'><strong>nonobstante,</strong></span> 
     </span>
     <span class='ocr_line' id='line_1_13' title="bbox 684 2220 2196 2307; baseline -0.004 -18"><span class='ocrx_word' id='word_1_108' title='bbox 684 2224 768 2307; x_wconf 93' lang='lat' dir='ltr'><strong>qnod</strong></span> <span class='ocrx_word' id='word_1_109' title='bbox 791 2222 1020 2305; x_wconf 85' lang='lat' dir='ltr'><strong>parrochialem</strong></span> <span class='ocrx_word' id='word_1_110' title='bbox 1043 2223 1210 2287; x_wconf 87' lang='lat' dir='ltr'><strong>ecclesiam</strong></span> <span class='ocrx_word' id='word_1_111' title='bbox 1228 2223 1260 2284; x_wconf 93' lang='lat' dir='ltr'><strong>in</strong></span> <span class='ocrx_word' id='word_1_112' title='bbox 1277 2222 1510 2301; x_wconf 76' lang='lat' dir='ltr'><strong>Strigoncuicz,</strong></span> <span class='ocrx_word' id='word_1_113' title='bbox 1524 2220 1800 2285; x_wconf 87' lang='lat' dir='ltr'><strong>Wratislauieusis</strong></span> <span class='ocrx_word' id='word_1_114' title='bbox 1816 2222 1967 2298; x_wconf 87' lang='lat' dir='ltr'><strong>diocesis,</strong></span> <span class='ocrx_word' id='word_1_115' title='bbox 1986 2222 2117 2285; x_wconf 85' lang='lat' dir='ltr'><strong>obtinet</strong></span> <span class='ocrx_word' id='word_1_116' title='bbox 2135 2228 2196 2295; x_wconf 78' lang='lat' dir='ltr'><strong>etc,</strong></span> 
     </span>
     <span class='ocr_line' id='line_1_14' title="bbox 684 2328 906 2393; baseline -0.009 0"><span class='ocrx_word' id='word_1_117' title='bbox 684 2333 720 2393; x_wconf 91' lang='lat' dir='ltr'><strong>ut</strong></span> <span class='ocrx_word' id='word_1_118' title='bbox 742 2328 774 2392; x_wconf 92' lang='lat' dir='ltr'><strong>in</strong></span> <span class='ocrx_word' id='word_1_119' title='bbox 797 2328 906 2392; x_wconf 88' lang='lat' dir='ltr'><strong>forma.</strong></span> 
     </span>
    </p>

    <p class='ocr_par' dir='ltr' id='par_1_5' title="bbox 789 2448 920 2513">
     <span class='ocr_line' id='line_1_15' title="bbox 789 2448 920 2513; baseline -0.015 0"><span class='ocrx_word' id='word_1_120' title='bbox 789 2448 861 2513; x_wconf 86' lang='lat' dir='ltr'><strong>Fiat</strong></span> <span class='ocrx_word' id='word_1_121' title='bbox 882 2448 920 2511; x_wconf 85' lang='lat' dir='ltr'><strong>R.</strong></span> 
     </span>
    </p>

    <p class='ocr_par' dir='ltr' id='par_1_6' title="bbox 686 2568 2194 3380">
     <span class='ocr_line' id='line_1_16' title="bbox 788 2568 2191 2652; baseline -0.002 -17"><span class='ocrx_word' id='word_1_122' title='bbox 788 2571 870 2636; x_wconf 90' lang='lat' dir='ltr'><strong>Item</strong></span> <span class='ocrx_word' id='word_1_123' title='bbox 901 2574 1058 2651; x_wconf 90' lang='lat' dir='ltr'><strong>quatenus</strong></span> <span class='ocrx_word' id='word_1_124' title='bbox 1090 2570 1256 2650; x_wconf 85' lang='lat' dir='ltr'><strong>providere</strong></span> <span class='ocrx_word' id='word_1_125' title='bbox 1286 2568 1457 2651; x_wconf 80' lang='lat' dir='ltr'><strong>dignemini</strong></span> <span class='ocrx_word' id='word_1_126' title='bbox 1488 2570 1626 2635; x_wconf 90' lang='lat' dir='ltr'><strong>chrioo</strong></span> <span class='ocrx_word' id='word_1_127' title='bbox 1659 2570 1817 2652; x_wconf 88' lang='lat' dir='ltr'><strong>querulam</strong></span> <span class='ocrx_word' id='word_1_128' title='bbox 1844 2569 1975 2635; x_wconf 90' lang='lat' dir='ltr'><strong>Nicolai</strong></span> <span class='ocrx_word' id='word_1_129' title='bbox 2012 2570 2054 2634; x_wconf 90' lang='lat' dir='ltr'><strong>de</strong></span> <span class='ocrx_word' id='word_1_130' title='bbox 2079 2570 2191 2643; x_wconf 75' lang='lat' dir='ltr'><strong>Coclite,</strong></span> 
     </span>
     <span class='ocr_line' id='line_1_17' title="bbox 689 2672 2194 2757; baseline -0.002 -18"><span class='ocrx_word' id='word_1_131' title='bbox 689 2674 805 2739; x_wconf 89' lang='lat' dir='ltr'><strong>clerico</strong></span> <span class='ocrx_word' id='word_1_132' title='bbox 829 2672 1048 2739; x_wconf 89' lang='lat' dir='ltr'><strong>Olomnoonsis</strong></span> <span class='ocrx_word' id='word_1_133' title='bbox 1072 2674 1218 2752; x_wconf 90' lang='lat' dir='ltr'><strong>diocesis,</strong></span> <span class='ocrx_word' id='word_1_134' title='bbox 1251 2674 1290 2738; x_wconf 88' lang='lat' dir='ltr'><strong>do</strong></span> <span class='ocrx_word' id='word_1_135' title='bbox 1325 2673 1502 2757; x_wconf 84' lang='lat' dir='ltr'><strong>capellania</strong></span> <span class='ocrx_word' id='word_1_136' title='bbox 1533 2674 1645 2738; x_wconf 88' lang='lat' dir='ltr'><strong>altaris</strong></span> <span class='ocrx_word' id='word_1_137' title='bbox 1676 2675 1777 2739; x_wconf 87' lang='lat' dir='ltr'><strong>saneti</strong></span> <span class='ocrx_word' id='word_1_138' title='bbox 1800 2674 1964 2738; x_wconf 86' lang='lat' dir='ltr'><strong>Wentzlai</strong></span> <span class='ocrx_word' id='word_1_139' title='bbox 2001 2675 2034 2738; x_wconf 91' lang='lat' dir='ltr'><strong>in</strong></span> <span class='ocrx_word' id='word_1_140' title='bbox 2070 2674 2194 2738; x_wconf 85' lang='lat' dir='ltr'><strong>ecelesia</strong></span> 
     </span>
     <span class='ocr_line' id='line_1_18' title="bbox 686 2777 2192 2860; baseline -0.001 -18"><span class='ocrx_word' id='word_1_141' title='bbox 686 2777 847 2860; x_wconf 82' lang='lat' dir='ltr'><strong>Progonsi,</strong></span> <span class='ocrx_word' id='word_1_142' title='bbox 871 2784 1003 2842; x_wconf 88' lang='lat' dir='ltr'><strong>vacante</strong></span> <span class='ocrx_word' id='word_1_143' title='bbox 1025 2796 1084 2859; x_wconf 91' lang='lat' dir='ltr'><strong>per</strong></span> <span class='ocrx_word' id='word_1_144' title='bbox 1106 2778 1224 2843; x_wconf 92' lang='lat' dir='ltr'><strong>obitum</strong></span> <span class='ocrx_word' id='word_1_145' title='bbox 1250 2778 1413 2843; x_wconf 88' lang='lat' dir='ltr'><strong>lluntzliui</strong></span> <span class='ocrx_word' id='word_1_146' title='bbox 1438 2779 1597 2860; x_wconf 89' lang='lat' dir='ltr'><strong>quondam</strong></span> <span class='ocrx_word' id='word_1_147' title='bbox 1620 2778 1751 2843; x_wconf 89' lang='lat' dir='ltr'><strong>Heroldi</strong></span> <span class='ocrx_word' id='word_1_148' title='bbox 1776 2780 1815 2843; x_wconf 89' lang='lat' dir='ltr'><strong>de</strong></span> <span class='ocrx_word' id='word_1_149' title='bbox 1831 2778 1946 2860; x_wconf 79' lang='lat' dir='ltr'><strong>Praga,</strong></span> <span class='ocrx_word' id='word_1_150' title='bbox 1965 2780 2022 2859; x_wconf 85' lang='lat' dir='ltr'><strong>qrri</strong></span> <span class='ocrx_word' id='word_1_151' title='bbox 2040 2780 2073 2843; x_wconf 92' lang='lat' dir='ltr'><strong>in</strong></span> <span class='ocrx_word' id='word_1_152' title='bbox 2091 2780 2192 2843; x_wconf 83' lang='lat' dir='ltr'><strong>itinere</strong></span> 
     </span>
     <span class='ocr_line' id='line_1_19' title="bbox 687 2881 2192 2963; baseline -0.001 -16"><span class='ocrx_word' id='word_1_153' title='bbox 687 2881 827 2948; x_wconf 88' lang='lat' dir='ltr'><strong>Romano</strong></span> <span class='ocrx_word' id='word_1_154' title='bbox 852 2884 891 2947; x_wconf 90' lang='lat' dir='ltr'><strong>de</strong></span> <span class='ocrx_word' id='word_1_155' title='bbox 913 2902 995 2947; x_wconf 88' lang='lat' dir='ltr'><strong>anno</strong></span> <span class='ocrx_word' id='word_1_156' title='bbox 1018 2883 1136 2947; x_wconf 90' lang='lat' dir='ltr'><strong>iubileo</strong></span> <span class='ocrx_word' id='word_1_157' title='bbox 1160 2884 1244 2947; x_wconf 89' lang='lat' dir='ltr'><strong>diem</strong></span> <span class='ocrx_word' id='word_1_158' title='bbox 1268 2882 1383 2947; x_wconf 88' lang='lat' dir='ltr'><strong>clausit</strong></span> <span class='ocrx_word' id='word_1_159' title='bbox 1406 2887 1590 2961; x_wconf 82' lang='lat' dir='ltr'><strong>extremum,</strong></span> <span class='ocrx_word' id='word_1_160' title='bbox 1616 2901 1676 2945; x_wconf 90' lang='lat' dir='ltr'><strong>non</strong></span> <span class='ocrx_word' id='word_1_161' title='bbox 1700 2883 1858 2959; x_wconf 87' lang='lat' dir='ltr'><strong>obstante,</strong></span> <span class='ocrx_word' id='word_1_162' title='bbox 1891 2882 1981 2963; x_wconf 87' lang='lat' dir='ltr'><strong>quod</strong></span> <span class='ocrx_word' id='word_1_163' title='bbox 2013 2885 2192 2947; x_wconf 78' lang='lat' dir='ltr'><strong>auctoritate</strong></span> 
     </span>
     <span class='ocr_line' id='line_1_20' title="bbox 686 2986 2190 3069; baseline -0.001 -19"><span class='ocrx_word' id='word_1_164' title='bbox 686 2986 864 3051; x_wconf 90' lang='lat' dir='ltr'><strong>litterarum</strong></span> <span class='ocrx_word' id='word_1_165' title='bbox 885 2994 1062 3051; x_wconf 89' lang='lat' dir='ltr'><strong>vestrarum</strong></span> <span class='ocrx_word' id='word_1_166' title='bbox 1084 2986 1272 3052; x_wconf 81' lang='lat' dir='ltr'><strong>beneficium</strong></span> <span class='ocrx_word' id='word_1_167' title='bbox 1296 2986 1548 3051; x_wconf 90' lang='lat' dir='ltr'><strong>ecclesiasticum</strong></span> <span class='ocrx_word' id='word_1_168' title='bbox 1572 3006 1643 3050; x_wconf 88' lang='lat' dir='ltr'><strong>cunr</strong></span> <span class='ocrx_word' id='word_1_169' title='bbox 1667 3006 1742 3051; x_wconf 88' lang='lat' dir='ltr'><strong>cura</strong></span> <span class='ocrx_word' id='word_1_170' title='bbox 1765 2986 1815 3050; x_wconf 86' lang='lat' dir='ltr'><strong>vel</strong></span> <span class='ocrx_word' id='word_1_171' title='bbox 1840 2986 1910 3050; x_wconf 88' lang='lat' dir='ltr'><strong>sine</strong></span> <span class='ocrx_word' id='word_1_172' title='bbox 1937 3006 2029 3065; x_wconf 88' lang='lat' dir='ltr'><strong>cura,</strong></span> <span class='ocrx_word' id='word_1_173' title='bbox 2055 2994 2190 3069; x_wconf 79' lang='lat' dir='ltr'><strong>spectans</strong></span> 
     </span>
     <span class='ocr_line' id='line_1_21' title="bbox 688 3090 2190 3156; baseline -0.001 -1"><span class='ocrx_word' id='word_1_174' title='bbox 688 3091 896 3155; x_wconf 89' lang='lat' dir='ltr'><strong>communiter</strong></span> <span class='ocrx_word' id='word_1_175' title='bbox 929 3091 980 3156; x_wconf 85' lang='lat' dir='ltr'><strong>vel</strong></span> <span class='ocrx_word' id='word_1_176' title='bbox 1014 3091 1139 3155; x_wconf 87' lang='lat' dir='ltr'><strong>divisim</strong></span> <span class='ocrx_word' id='word_1_177' title='bbox 1173 3091 1213 3155; x_wconf 89' lang='lat' dir='ltr'><strong>ad</strong></span> <span class='ocrx_word' id='word_1_178' title='bbox 1247 3090 1451 3155; x_wconf 89' lang='lat' dir='ltr'><strong>collacionem</strong></span> <span class='ocrx_word' id='word_1_179' title='bbox 1484 3096 1544 3154; x_wconf 90' lang='lat' dir='ltr'><strong>etc.</strong></span> <span class='ocrx_word' id='word_1_180' title='bbox 1580 3090 1704 3155; x_wconf 89' lang='lat' dir='ltr'><strong>abbatis</strong></span> <span class='ocrx_word' id='word_1_181' title='bbox 1738 3095 1772 3154; x_wconf 88' lang='lat' dir='ltr'><strong>et</strong></span> <span class='ocrx_word' id='word_1_182' title='bbox 1804 3097 1985 3156; x_wconf 86' lang='lat' dir='ltr'><strong>conventus</strong></span> <span class='ocrx_word' id='word_1_183' title='bbox 2017 3091 2190 3155; x_wconf 85' lang='lat' dir='ltr'><strong>monasterii</strong></span> 
     </span>
     <span class='ocr_line' id='line_1_22' title="bbox 689 3193 2189 3278; baseline -0.001 -20"><span class='ocrx_word' id='word_1_184' title='bbox 689 3193 928 3274; x_wconf 85' lang='lat' dir='ltr'><strong>Choiuicensis,</strong></span> <span class='ocrx_word' id='word_1_185' title='bbox 959 3195 1079 3260; x_wconf 83' lang='lat' dir='ltr'><strong>orrlmis</strong></span> <span class='ocrx_word' id='word_1_186' title='bbox 1108 3196 1210 3260; x_wconf 87' lang='lat' dir='ltr'><strong>sancti</strong></span> <span class='ocrx_word' id='word_1_187' title='bbox 1240 3194 1417 3274; x_wconf 90' lang='lat' dir='ltr'><strong>Benedicti,</strong></span> <span class='ocrx_word' id='word_1_188' title='bbox 1448 3195 1648 3259; x_wconf 91' lang='lat' dir='ltr'><strong>Patauiensis</strong></span> <span class='ocrx_word' id='word_1_189' title='bbox 1679 3194 1824 3271; x_wconf 88' lang='lat' dir='ltr'><strong>diocesis,</strong></span> <span class='ocrx_word' id='word_1_190' title='bbox 1848 3194 1997 3259; x_wconf 89' lang='lat' dir='ltr'><strong>noscitur</strong></span> <span class='ocrx_word' id='word_1_191' title='bbox 2021 3202 2189 3278; x_wconf 82' lang='lat' dir='ltr'><strong>expectare,</strong></span> 
     </span>
     <span class='ocr_line' id='line_1_23' title="bbox 688 3298 1520 3380; baseline -0.001 -17"><span class='ocrx_word' id='word_1_192' title='bbox 688 3317 759 3364; x_wconf 89' lang='lat' dir='ltr'><strong>curn</strong></span> <span class='ocrx_word' id='word_1_193' title='bbox 783 3299 855 3364; x_wconf 87' lang='lat' dir='ltr'><strong>aliis</strong></span> <span class='ocrx_word' id='word_1_194' title='bbox 878 3298 1030 3365; x_wconf 85' lang='lat' dir='ltr'><strong>clausulis</strong></span> <span class='ocrx_word' id='word_1_195' title='bbox 1052 3304 1087 3364; x_wconf 92' lang='lat' dir='ltr'><strong>et</strong></span> <span class='ocrx_word' id='word_1_196' title='bbox 1109 3299 1333 3365; x_wconf 83' lang='lat' dir='ltr'><strong>executoribus</strong></span> <span class='ocrx_word' id='word_1_197' title='bbox 1357 3304 1520 3380; x_wconf 86' lang='lat' dir='ltr'><strong>utsupra.</strong></span> 
     </span>
    </p>
   </div>
   <div class='ocr_carea' id='block_1_3' title="bbox 790 3421 922 3487">
    <p class='ocr_par' dir='ltr' id='par_1_7' title="bbox 790 3421 922 3487">
     <span class='ocr_line' id='line_1_24' title="bbox 790 3421 922 3487; baseline 0 -2"><span class='ocrx_word' id='word_1_198' title='bbox 790 3421 863 3487; x_wconf 86' lang='lat' dir='ltr'><strong>Fiat</strong></span> <span class='ocrx_word' id='word_1_199' title='bbox 887 3422 922 3486; x_wconf 88' lang='lat' dir='ltr'><strong>ll.</strong></span> 
     </span>
    </p>
   </div>
   <div class='ocr_carea' id='block_1_4' title="bbox 612 3541 2190 4563">
    <p class='ocr_par' dir='ltr' id='par_1_8' title="bbox 612 3541 2190 4563">
     <span class='ocr_line' id='line_1_25' title="bbox 791 3541 2189 3625; baseline 0 -17"><span class='ocrx_word' id='word_1_200' title='bbox 791 3544 872 3608; x_wconf 90' lang='lat' dir='ltr'><strong>Item</strong></span> <span class='ocrx_word' id='word_1_201' title='bbox 903 3563 973 3609; x_wconf 92' lang='lat' dir='ltr'><strong>curn</strong></span> <span class='ocrx_word' id='word_1_202' title='bbox 1003 3544 1034 3610; x_wconf 89' lang='lat' dir='ltr'><strong>S.</strong></span> <span class='ocrx_word' id='word_1_203' title='bbox 1059 3544 1096 3609; x_wconf 85' lang='lat' dir='ltr'><strong>V.</strong></span> <span class='ocrx_word' id='word_1_204' title='bbox 1119 3544 1201 3610; x_wconf 87' lang='lat' dir='ltr'>XIII</span> <span class='ocrx_word' id='word_1_205' title='bbox 1230 3543 1384 3608; x_wconf 84' lang='lat' dir='ltr'><strong>kalendas</strong></span> <span class='ocrx_word' id='word_1_206' title='bbox 1414 3543 1611 3622; x_wconf 68' lang='lat' dir='ltr'><strong>Novembris</strong></span> <span class='ocrx_word' id='word_1_207' title='bbox 1641 3541 1845 3625; x_wconf 82' lang='lat' dir='ltr'><strong>pontificatus</strong></span> <span class='ocrx_word' id='word_1_208' title='bbox 1876 3546 1980 3608; x_wconf 88' lang='lat' dir='ltr'><strong>vestri</strong></span> <span class='ocrx_word' id='word_1_209' title='bbox 2004 3565 2088 3611; x_wconf 92' lang='lat' dir='ltr'><strong>anno</strong></span> <span class='ocrx_word' id='word_1_210' title='bbox 2113 3545 2189 3624; x_wconf 53' lang='grc' dir='ltr'><strong>ΧΨ]</strong></span> 
     </span>
     <span class='ocr_line' id='line_1_26' title="bbox 687 3647 2188 3732; baseline -0.001 -21"><span class='ocrx_word' id='word_1_211' title='bbox 687 3647 783 3711; x_wconf 86' lang='lat' dir='ltr'><strong>Petro</strong></span> <span class='ocrx_word' id='word_1_212' title='bbox 805 3647 917 3713; x_wconf 87' lang='lat' dir='ltr'><strong>Jacobi</strong></span> <span class='ocrx_word' id='word_1_213' title='bbox 942 3648 981 3713; x_wconf 89' lang='lat' dir='ltr'><strong>da</strong></span> <span class='ocrx_word' id='word_1_214' title='bbox 1004 3647 1279 3732; x_wconf 83' lang='lat' dir='ltr'><strong>Magnaglogouia,</strong></span> <span class='ocrx_word' id='word_1_215' title='bbox 1305 3647 1420 3713; x_wconf 90' lang='lat' dir='ltr'><strong>clerico</strong></span> <span class='ocrx_word' id='word_1_216' title='bbox 1443 3647 1718 3712; x_wconf 84' lang='lat' dir='ltr'><strong>WratislauIensis</strong></span> <span class='ocrx_word' id='word_1_217' title='bbox 1750 3647 1898 3728; x_wconf 83' lang='lat' dir='ltr'><strong>diocosIs,</strong></span> <span class='ocrx_word' id='word_1_218' title='bbox 1922 3650 2068 3729; x_wconf 79' lang='lat' dir='ltr'><strong>graciam</strong></span> <span class='ocrx_word' id='word_1_219' title='bbox 2092 3649 2188 3714; x_wconf 84' lang='lat' dir='ltr'><strong>lecerit</strong></span> 
     </span>
     <span class='ocr_line' id='line_1_27' title="bbox 687 3751 2187 3833; baseline 0.001 -18"><span class='ocrx_word' id='word_1_220' title='bbox 687 3751 858 3833; x_wconf 88' lang='lat' dir='ltr'><strong>specialem</strong></span> <span class='ocrx_word' id='word_1_221' title='bbox 882 3753 920 3816; x_wconf 91' lang='lat' dir='ltr'><strong>de</strong></span> <span class='ocrx_word' id='word_1_222' title='bbox 943 3753 1096 3817; x_wconf 88' lang='lat' dir='ltr'><strong>beneficio</strong></span> <span class='ocrx_word' id='word_1_223' title='bbox 1122 3751 1339 3817; x_wconf 88' lang='lat' dir='ltr'><strong>ecclesiastico</strong></span> <span class='ocrx_word' id='word_1_224' title='bbox 1363 3771 1434 3816; x_wconf 93' lang='lat' dir='ltr'><strong>cum</strong></span> <span class='ocrx_word' id='word_1_225' title='bbox 1457 3771 1534 3815; x_wconf 88' lang='lat' dir='ltr'><strong>cura</strong></span> <span class='ocrx_word' id='word_1_226' title='bbox 1557 3753 1607 3815; x_wconf 88' lang='lat' dir='ltr'><strong>vel</strong></span> <span class='ocrx_word' id='word_1_227' title='bbox 1632 3753 1699 3817; x_wconf 90' lang='lat' dir='ltr'><strong>siue</strong></span> <span class='ocrx_word' id='word_1_228' title='bbox 1723 3770 1798 3815; x_wconf 87' lang='lat' dir='ltr'><strong>cura</strong></span> <span class='ocrx_word' id='word_1_229' title='bbox 1821 3751 1861 3814; x_wconf 80' lang='lat' dir='ltr'><strong>acl</strong></span> <span class='ocrx_word' id='word_1_230' title='bbox 1893 3751 2107 3818; x_wconf 79' lang='lat' dir='ltr'><strong>collusionem</strong></span> <span class='ocrx_word' id='word_1_231' title='bbox 2139 3761 2187 3817; x_wconf 84' lang='lat' dir='ltr'><strong>etc.</strong></span> 
     </span>
     <span class='ocr_line' id='line_1_28' title="bbox 688 3855 2190 3938; baseline -0.001 -18"><span class='ocrx_word' id='word_1_232' title='bbox 688 3856 830 3936; x_wconf 87' lang='lat' dir='ltr'><strong>episcopi</strong></span> <span class='ocrx_word' id='word_1_233' title='bbox 854 3856 1139 3935; x_wconf 72' lang='lat' dir='ltr'><strong>WrutislauiensiS,</strong></span> <span class='ocrx_word' id='word_1_234' title='bbox 1164 3858 1296 3938; x_wconf 87' lang='lat' dir='ltr'><strong>ipseque</strong></span> <span class='ocrx_word' id='word_1_235' title='bbox 1320 3855 1511 3920; x_wconf 86' lang='lat' dir='ltr'><strong>Illiclraelem</strong></span> <span class='ocrx_word' id='word_1_236' title='bbox 1534 3855 1574 3920; x_wconf 89' lang='lat' dir='ltr'><strong>de</strong></span> <span class='ocrx_word' id='word_1_237' title='bbox 1598 3855 1788 3932; x_wconf 76' lang='lat' dir='ltr'><strong>Osarentuiu,</strong></span> <span class='ocrx_word' id='word_1_238' title='bbox 1805 3855 1958 3919; x_wconf 87' lang='lat' dir='ltr'><strong>clericum</strong></span> <span class='ocrx_word' id='word_1_239' title='bbox 1978 3855 2190 3922; x_wconf 74' lang='lat' dir='ltr'><strong>Cracouiensis</strong></span> 
     </span>
     <span class='ocr_line' id='line_1_29' title="bbox 688 3958 2187 4038; baseline 0 -16"><span class='ocrx_word' id='word_1_240' title='bbox 688 3958 833 4037; x_wconf 87' lang='lat' dir='ltr'><strong>diocesis,</strong></span> <span class='ocrx_word' id='word_1_241' title='bbox 850 3960 889 4023; x_wconf 90' lang='lat' dir='ltr'><strong>ad</strong></span> <span class='ocrx_word' id='word_1_242' title='bbox 906 3960 1039 4024; x_wconf 83' lang='lat' dir='ltr'><strong>eandem</strong></span> <span class='ocrx_word' id='word_1_243' title='bbox 1056 3961 1259 4025; x_wconf 88' lang='lat' dir='ltr'><strong>collacionem</strong></span> <span class='ocrx_word' id='word_1_244' title='bbox 1276 3966 1309 4024; x_wconf 90' lang='lat' dir='ltr'><strong>et</strong></span> <span class='ocrx_word' id='word_1_245' title='bbox 1324 3960 1382 4024; x_wconf 90' lang='lat' dir='ltr'><strong>sub</strong></span> <span class='ocrx_word' id='word_1_246' title='bbox 1407 3959 1519 4024; x_wconf 89' lang='lat' dir='ltr'><strong>eadem</strong></span> <span class='ocrx_word' id='word_1_247' title='bbox 1543 3960 1617 4023; x_wconf 89' lang='lat' dir='ltr'><strong>data</strong></span> <span class='ocrx_word' id='word_1_248' title='bbox 1639 3964 1762 4023; x_wconf 75' lang='lat' dir='ltr'><strong>scureto</strong></span> <span class='ocrx_word' id='word_1_249' title='bbox 1779 3959 1821 4038; x_wconf 70' lang='lat' dir='ltr'><strong>(I)</strong></span> <span class='ocrx_word' id='word_1_250' title='bbox 1842 3958 1940 4023; x_wconf 89' lang='lat' dir='ltr'><strong>habet</strong></span> <span class='ocrx_word' id='word_1_251' title='bbox 1964 3960 1997 4023; x_wconf 92' lang='lat' dir='ltr'><strong>in</strong></span> <span class='ocrx_word' id='word_1_252' title='bbox 2023 3961 2187 4025; x_wconf 80' lang='lat' dir='ltr'><strong>lmiusnmli</strong></span> 
     </span>
     <span class='ocr_line' id='line_1_30' title="bbox 687 4062 2186 4148; baseline 0.001 -23"><span class='ocrx_word' id='word_1_253' title='bbox 687 4063 795 4143; x_wconf 84' lang='lat' dir='ltr'><strong>gracia</strong></span> <span class='ocrx_word' id='word_1_254' title='bbox 817 4070 1065 4141; x_wconf 82' lang='lat' dir='ltr'><strong>concurrentem,</strong></span> <span class='ocrx_word' id='word_1_255' title='bbox 1091 4064 1325 4145; x_wconf 85' lang='lat' dir='ltr'><strong>propterquod</strong></span> <span class='ocrx_word' id='word_1_256' title='bbox 1349 4064 1435 4126; x_wconf 89' lang='lat' dir='ltr'><strong>dicta</strong></span> <span class='ocrx_word' id='word_1_257' title='bbox 1458 4064 1566 4144; x_wconf 83' lang='lat' dir='ltr'><strong>gracia</strong></span> <span class='ocrx_word' id='word_1_258' title='bbox 1596 4062 1714 4125; x_wconf 87' lang='lat' dir='ltr'><strong>nullius</strong></span> <span class='ocrx_word' id='word_1_259' title='bbox 1744 4068 1794 4125; x_wconf 87' lang='lat' dir='ltr'><strong>est</strong></span> <span class='ocrx_word' id='word_1_260' title='bbox 1823 4065 1997 4129; x_wconf 86' lang='lat' dir='ltr'><strong>momenti:</strong></span> <span class='ocrx_word' id='word_1_261' title='bbox 2030 4067 2186 4148; x_wconf 84' lang='lat' dir='ltr'><strong>srrpplica.</strong></span> 
     </span>
     <span class='ocr_line' id='line_1_31' title="bbox 688 4166 2188 4251; baseline 0.002 -23"><span class='ocrx_word' id='word_1_262' title='bbox 688 4171 846 4246; x_wconf 88' lang='lat' dir='ltr'><strong>quatenus</strong></span> <span class='ocrx_word' id='word_1_263' title='bbox 869 4167 963 4232; x_wconf 86' lang='lat' dir='ltr'><strong>aliam</strong></span> <span class='ocrx_word' id='word_1_264' title='bbox 987 4169 1102 4246; x_wconf 88' lang='lat' dir='ltr'><strong>datam,</strong></span> <span class='ocrx_word' id='word_1_265' title='bbox 1127 4168 1276 4231; x_wconf 82' lang='lat' dir='ltr'><strong>videlicet</strong></span> <span class='ocrx_word' id='word_1_266' title='bbox 1299 4166 1364 4230; x_wconf 89' lang='lat' dir='ltr'><strong>diei</strong></span> <span class='ocrx_word' id='word_1_267' title='bbox 1387 4168 1528 4247; x_wconf 84' lang='lat' dir='ltr'><strong>proximo</strong></span> <span class='ocrx_word' id='word_1_268' title='bbox 1553 4171 1586 4230; x_wconf 85' lang='lat' dir='ltr'><strong>et</strong></span> <span class='ocrx_word' id='word_1_269' title='bbox 1608 4167 1789 4231; x_wconf 86' lang='lat' dir='ltr'><strong>innuediato</strong></span> <span class='ocrx_word' id='word_1_270' title='bbox 1813 4169 1981 4248; x_wconf 87' lang='lat' dir='ltr'><strong>sequentis</strong></span> <span class='ocrx_word' id='word_1_271' title='bbox 2006 4170 2081 4234; x_wconf 87' lang='lat' dir='ltr'><strong>date</strong></span> <span class='ocrx_word' id='word_1_272' title='bbox 2097 4171 2188 4251; x_wconf 81' lang='lat' dir='ltr'><strong>gracie·</strong></span> 
     </span>
     <span class='ocr_line' id='line_1_32' title="bbox 612 4263 2185 4354; baseline 0.002 -22"><span class='ocrx_word' id='word_1_273' title='bbox 612 4263 614 4270; x_wconf 77' lang='grc'><strong>’</strong></span> <span class='ocrx_word' id='word_1_274' title='bbox 689 4269 856 4334; x_wconf 88' lang='lat' dir='ltr'><strong>Michaelis</strong></span> <span class='ocrx_word' id='word_1_275' title='bbox 880 4273 1064 4353; x_wconf 86' lang='lat' dir='ltr'><strong>supradicti,</strong></span> <span class='ocrx_word' id='word_1_276' title='bbox 1090 4292 1151 4354; x_wconf 88' lang='lat' dir='ltr'><strong>que</strong></span> <span class='ocrx_word' id='word_1_277' title='bbox 1175 4277 1224 4335; x_wconf 87' lang='lat' dir='ltr'><strong>est</strong></span> <span class='ocrx_word' id='word_1_278' title='bbox 1247 4272 1286 4334; x_wconf 91' lang='lat' dir='ltr'><strong>de</strong></span> <span class='ocrx_word' id='word_1_279' title='bbox 1311 4272 1387 4334; x_wconf 88' lang='lat' dir='ltr'><strong>data</strong></span> <span class='ocrx_word' id='word_1_280' title='bbox 1410 4272 1637 4352; x_wconf 87' lang='lat' dir='ltr'><strong>suprascripta,</strong></span> <span class='ocrx_word' id='word_1_281' title='bbox 1662 4272 1763 4334; x_wconf 88' lang='lat' dir='ltr'><strong>eidem</strong></span> <span class='ocrx_word' id='word_1_282' title='bbox 1787 4271 1882 4334; x_wconf 85' lang='lat' dir='ltr'><strong>Petro</strong></span> <span class='ocrx_word' id='word_1_283' title='bbox 1900 4272 2081 4336; x_wconf 83' lang='lat' dir='ltr'><strong>concedere</strong></span> <span class='ocrx_word' id='word_1_284' title='bbox 2097 4274 2185 4354; x_wconf 80' lang='lat' dir='ltr'><strong>digne</strong></span> 
     </span>
     <span class='ocr_line' id='line_1_33' title="bbox 687 4374 2187 4458; baseline 0.001 -22"><span class='ocrx_word' id='word_1_285' title='bbox 687 4375 764 4439; x_wconf 90' lang='lat' dir='ltr'><strong>mini</strong></span> <span class='ocrx_word' id='word_1_286' title='bbox 794 4381 827 4439; x_wconf 90' lang='lat' dir='ltr'><strong>et</strong></span> <span class='ocrx_word' id='word_1_287' title='bbox 857 4377 1008 4441; x_wconf 89' lang='lat' dir='ltr'><strong>rrrandare</strong></span> <span class='ocrx_word' id='word_1_288' title='bbox 1038 4377 1163 4441; x_wconf 86' lang='lat' dir='ltr'><strong>litteras</strong></span> <span class='ocrx_word' id='word_1_289' title='bbox 1194 4395 1268 4440; x_wconf 84' lang='lat' dir='ltr'><strong>suas</strong></span> <span class='ocrx_word' id='word_1_290' title='bbox 1299 4377 1358 4440; x_wconf 92' lang='lat' dir='ltr'><strong>sub</strong></span> <span class='ocrx_word' id='word_1_291' title='bbox 1388 4376 1458 4455; x_wconf 87' lang='lat' dir='ltr'><strong>ipsa</strong></span> <span class='ocrx_word' id='word_1_292' title='bbox 1488 4374 1563 4439; x_wconf 88' lang='lat' dir='ltr'><strong>data</strong></span> <span class='ocrx_word' id='word_1_293' title='bbox 1595 4378 1627 4439; x_wconf 94' lang='lat' dir='ltr'><strong>in</strong></span> <span class='ocrx_word' id='word_1_294' title='bbox 1657 4374 1919 4439; x_wconf 88' lang='lat' dir='ltr'><strong>vicecancellaria</strong></span> <span class='ocrx_word' id='word_1_295' title='bbox 1949 4377 2108 4458; x_wconf 76' lang='lat' dir='ltr'><strong>expedia,</strong></span> <span class='ocrx_word' id='word_1_296' title='bbox 2131 4396 2187 4442; x_wconf 86' lang='lat' dir='ltr'><strong>run</strong></span> 
     </span>
     <span class='ocr_line' id='line_1_34' title="bbox 689 4479 1283 4563; baseline 0 -19"><span class='ocrx_word' id='word_1_297' title='bbox 689 4479 840 4545; x_wconf 88' lang='lat' dir='ltr'><strong>clausulis</strong></span> <span class='ocrx_word' id='word_1_298' title='bbox 863 4483 1038 4563; x_wconf 84' lang='lat' dir='ltr'><strong>oportunis,</strong></span> <span class='ocrx_word' id='word_1_299' title='bbox 1061 4488 1098 4548; x_wconf 90' lang='lat' dir='ltr'><strong>ut</strong></span> <span class='ocrx_word' id='word_1_300' title='bbox 1121 4483 1152 4546; x_wconf 92' lang='lat' dir='ltr'><strong>iu</strong></span> <span class='ocrx_word' id='word_1_301' title='bbox 1174 4481 1283 4546; x_wconf 80' lang='lat' dir='ltr'><strong>sonna.</strong></span> 
     </span>
    </p>
   </div>
   <div class='ocr_carea' id='block_1_5' title="bbox 688 4810 2183 4986">
    <p class='ocr_par' dir='ltr' id='par_1_9' title="bbox 688 4810 2183 4986">
     <span class='ocr_line' id='line_1_35' title="bbox 795 4810 2183 4895; baseline -0.001 -23"><span class='ocrx_word' id='word_1_302' title='bbox 795 4810 875 4875; x_wconf 91' lang='lat' dir='ltr'><strong>Item</strong></span> <span class='ocrx_word' id='word_1_303' title='bbox 909 4813 991 4894; x_wconf 89' lang='lat' dir='ltr'><strong>quod</strong></span> <span class='ocrx_word' id='word_1_304' title='bbox 1025 4813 1240 4895; x_wconf 89' lang='lat' dir='ltr'><strong>predictorum</strong></span> <span class='ocrx_word' id='word_1_305' title='bbox 1274 4815 1412 4878; x_wconf 90' lang='lat' dir='ltr'><strong>omnium</strong></span> <span class='ocrx_word' id='word_1_306' title='bbox 1447 4815 1628 4877; x_wconf 84' lang='lat' dir='ltr'><strong>remittatur</strong></span> <span class='ocrx_word' id='word_1_307' title='bbox 1658 4831 1797 4877; x_wconf 65' lang='lat' dir='ltr'><strong>caraunen.</strong></span> <span class='ocrx_word' id='word_1_308' title='bbox 1844 4813 1926 4876; x_wconf 90' lang='lat' dir='ltr'><strong>Item</strong></span> <span class='ocrx_word' id='word_1_309' title='bbox 1957 4831 1989 4893; x_wconf 85' lang='lat' dir='ltr'><strong>q.</strong></span> <span class='ocrx_word' id='word_1_310' title='bbox 2021 4819 2044 4876; x_wconf 88' lang='lat' dir='ltr'><strong>t.</strong></span> <span class='ocrx_word' id='word_1_311' title='bbox 2076 4831 2100 4875; x_wconf 92' lang='lat' dir='ltr'><strong>s.</strong></span> <span class='ocrx_word' id='word_1_312' title='bbox 2124 4831 2149 4874; x_wconf 87' lang='lat' dir='ltr'><strong>u.</strong></span> <span class='ocrx_word' id='word_1_313' title='bbox 2168 4810 2183 4872; x_wconf 89' lang='lat' dir='ltr'><strong>l.</strong></span> 
     </span>
     <span class='ocr_line' id='line_1_36' title="bbox 688 4911 1600 4986; baseline 0.008 -11"><span class='ocrx_word' id='word_1_314' title='bbox 688 4911 761 4976; x_wconf 87' lang='lat' dir='ltr'><strong>Fiat</strong></span> <span class='ocrx_word' id='word_1_315' title='bbox 785 4914 820 4977; x_wconf 84' lang='lat' dir='ltr'><strong>ll.</strong></span> <span class='ocrx_word' id='word_1_316' title='bbox 846 4916 883 4979; x_wconf 92' lang='grc' dir='ltr'><strong>Ι).</strong></span> <span class='ocrx_word' id='word_1_317' title='bbox 909 4917 1064 4986; x_wconf 80' lang='lat' dir='ltr'><strong>luinioue</strong></span> <span class='ocrx_word' id='word_1_318' title='bbox 1088 4917 1152 4982; x_wconf 95' lang='lat' dir='ltr'><strong>llll</strong></span> <span class='ocrx_word' id='word_1_319' title='bbox 1176 4937 1246 4980; x_wconf 91' lang='lat' dir='ltr'><strong>nou.</strong></span> <span class='ocrx_word' id='word_1_320' title='bbox 1271 4918 1349 4982; x_wconf 86' lang='lat' dir='ltr'><strong>Julii</strong></span> <span class='ocrx_word' id='word_1_321' title='bbox 1373 4940 1401 4983; x_wconf 85' lang='lat' dir='ltr'><strong>a.</strong></span> <span class='ocrx_word' id='word_1_322' title='bbox 1426 4919 1600 4983; x_wconf 89' lang='lat' dir='ltr'><strong>undecimo.</strong></span> 
     </span>
    </p>
   </div>
   <div class='ocr_carea' id='block_1_6' title="bbox 690 5103 2182 5343">
    <p class='ocr_par' dir='ltr' id='par_1_10' title="bbox 690 5103 2182 5343">
     <span class='ocr_line' id='line_1_37' title="bbox 794 5103 2182 5173; baseline -0.003 -17"><span class='ocrx_word' id='word_1_323' title='bbox 794 5103 941 5157; x_wconf 83' lang='lat' dir='ltr'><strong>Clementis</strong></span> <span class='ocrx_word' id='word_1_324' title='bbox 962 5103 1042 5158; x_wconf 88' lang='lat' dir='ltr'>VIS.</span> <span class='ocrx_word' id='word_1_325' title='bbox 1063 5104 1126 5156; x_wconf 84' lang='lat' dir='ltr'><strong>Xll</strong></span> <span class='ocrx_word' id='word_1_326' title='bbox 1150 5107 1204 5171; x_wconf 73' lang='lat' dir='ltr'><strong>(aa)</strong></span> <span class='ocrx_word' id='word_1_327' title='bbox 1224 5106 1242 5158; x_wconf 84' lang='lat' dir='ltr'><strong>f.</strong></span> <span class='ocrx_word' id='word_1_328' title='bbox 1262 5111 1303 5157; x_wconf 75' lang='lat' dir='ltr'><strong>tl.</strong></span> <span class='ocrx_word' id='word_1_329' title='bbox 1329 5139 1352 5144; x_wconf 88' lang='lat'><strong>--</strong></span> <span class='ocrx_word' id='word_1_330' title='bbox 1383 5110 1406 5171; x_wconf 77' lang='lat'><strong>¹)</strong></span> <span class='ocrx_word' id='word_1_331' title='bbox 1426 5107 1523 5172; x_wconf 83' lang='lat' dir='ltr'><strong>,Aulro‘</strong></span> <span class='ocrx_word' id='word_1_332' title='bbox 1543 5110 1568 5159; x_wconf 80' lang='lat' dir='ltr'><strong>S.</strong></span> <span class='ocrx_word' id='word_1_333' title='bbox 1588 5138 1620 5145; x_wconf 92' lang='lat'><em>-</em></span> <span class='ocrx_word' id='word_1_334' title='bbox 1646 5111 1662 5169; x_wconf 87' lang='lat'><strong>&#39;)</strong></span> <span class='ocrx_word' id='word_1_335' title='bbox 1681 5106 1816 5172; x_wconf 84' lang='lat' dir='ltr'><strong>ceqrritur:</strong></span> <span class='ocrx_word' id='word_1_336' title='bbox 1852 5106 1930 5170; x_wconf 89' lang='lat' dir='ltr'><strong>,Item</strong></span> <span class='ocrx_word' id='word_1_337' title='bbox 1950 5113 2090 5173; x_wconf 81' lang='lat' dir='ltr'><strong>qrrateuus</strong></span> <span class='ocrx_word' id='word_1_338' title='bbox 2108 5104 2182 5173; x_wconf 74' lang='lat' dir='ltr'><strong>gra-iu</strong></span> 
     </span>
     <span class='ocr_line' id='line_1_38' title="bbox 690 5187 2178 5259; baseline 0 -17"><span class='ocrx_word' id='word_1_339' title='bbox 690 5188 809 5242; x_wconf 81' lang='lat' dir='ltr'><strong>Iohanni</strong></span> <span class='ocrx_word' id='word_1_340' title='bbox 831 5189 936 5242; x_wconf 74' lang='lat' dir='ltr'><strong>Nicolai</strong></span> <span class='ocrx_word' id='word_1_341' title='bbox 957 5190 990 5244; x_wconf 86' lang='lat' dir='ltr'><strong>de</strong></span> <span class='ocrx_word' id='word_1_342' title='bbox 1010 5191 1180 5256; x_wconf 84' lang='lat' dir='ltr'><strong>Falcbenou,</strong></span> <span class='ocrx_word' id='word_1_343' title='bbox 1199 5192 1362 5259; x_wconf 80' lang='lat' dir='ltr'><strong>presbytero</strong></span> <span class='ocrx_word' id='word_1_344' title='bbox 1383 5192 1622 5256; x_wconf 82' lang='lat' dir='ltr'><strong>WratIslauieusi‘,</strong></span> <span class='ocrx_word' id='word_1_345' title='bbox 1642 5190 1691 5244; x_wconf 88' lang='lat' dir='ltr'><strong>sed</strong></span> <span class='ocrx_word' id='word_1_346' title='bbox 1709 5191 1890 5245; x_wconf 57' lang='lat' dir='ltr'><strong>&lt;cancellatum</strong></span> <span class='ocrx_word' id='word_1_347' title='bbox 1910 5208 1973 5245; x_wconf 90' lang='lat' dir='ltr'><strong>cum</strong></span> <span class='ocrx_word' id='word_1_348' title='bbox 2000 5199 2080 5244; x_wconf 79' lang='lat' dir='ltr'><strong>nota:</strong></span> <span class='ocrx_word' id='word_1_349' title='bbox 2104 5187 2178 5257; x_wconf 77' lang='lat' dir='ltr'><strong>,nirlrii</strong></span> 
     </span>
     <span class='ocr_line' id='line_1_39' title="bbox 690 5274 1274 5343; baseline 0.005 -15"><span class='ocrx_word' id='word_1_350' title='bbox 690 5274 764 5328; x_wconf 85' lang='lat' dir='ltr'><strong>valet</strong></span> <span class='ocrx_word' id='word_1_351' title='bbox 782 5280 842 5329; x_wconf 86' lang='lat' dir='ltr'><strong>otc‘</strong></span> <span class='ocrx_word' id='word_1_352' title='bbox 861 5275 887 5328; x_wconf 92' lang='lat' dir='ltr'><strong>S.</strong></span> <span class='ocrx_word' id='word_1_353' title='bbox 907 5307 940 5317; x_wconf 92' lang='lat'>-</span> <span class='ocrx_word' id='word_1_354' title='bbox 959 5281 979 5343; x_wconf 79' lang='lat'><strong>²)</strong></span> <span class='ocrx_word' id='word_1_355' title='bbox 1003 5284 1064 5331; x_wconf 76' lang='lat'><strong>1351</strong></span> <span class='ocrx_word' id='word_1_356' title='bbox 1087 5278 1214 5332; x_wconf 79' lang='lat' dir='ltr'><strong>(latebris</strong></span> <span class='ocrx_word' id='word_1_357' title='bbox 1233 5284 1274 5331; x_wconf 65' lang='grc' dir='ltr'><strong>ιο.</strong></span> 
     </span>
    </p>
   </div>
   <div class='ocr_carea' id='block_1_7' title="bbox 0 0 2596 7046">
    <p class='ocr_par' dir='ltr' id='par_1_11' title="bbox 0 0 2596 7046">
     <span class='ocr_line' id='line_1_40' title="bbox 0 0 2596 7046; baseline 0 0"><span class='ocrx_word' id='word_1_358' title='bbox 0 0 2596 7046; x_wconf 95' lang='lat' dir='ltr'><strong> </strong></span> 
     </span>
    </p>
   </div>
  </div>
 </body>
</html>
