5184 7050
539 840 604 906 432

541 1046 632 1113 722.
657 1043 800 1121 Carolus,
824 1046 857 1108 io
879 1065 981 1125 repent
1012 1046 1222 1109 liomooomm
1251 1043 1377 1118 clectus,
1407 1043 1577 1127 supplicat,
1607 1047 1763 1126 quotenus
1799 1042 1946 1125 liudolfo,
1976 1044 2040 1109 daci

540 1148 709 1228 &murac
728 1169 790 1232 pro
812 1147 936 1233 capella
961 1148 1000 1213 ub
1023 1148 1092 1231 ipso
1114 1148 1149 1214 io
1178 1148 1367 1229 Wsttcnbcrp
1395 1152 1576 1213 constmcto
1603 1148 1730 1214 diversa
1750 1147 1926 1231 prior'lcpio
1947 1168 2040 1213 cooa-

1229 1253 1359 1318 d‘mr'
1447 1339 1608 1414 cosme,
1631 1342 1719 1406 rece
1741 1339 1935 1424 meaos
1956 1344 2007 1406 22.

645 1531 742 1596 Pater
764 1531 982 1597 sanctissime!
1014 1531 1045 1598 S.
1076 1532 1114 1596 V.
1145 1530 1185 1595 ad
1217 1531 1406 1596 instanciam
1436 1530 1553 1595 domini
1577 1531 1698 1611 Karoli,
1728 1532 1934 1615 primogeniti
1967 1533 2043 1616 regis

543 1636 683 1714 Boemie,
707 1635 845 1700 nuncin
875 1653 982 1718 regem
1012 1635 1226 1700 Romanorum
1249 1635 1354 1714 electi,
1389 1636 1546 1701 concessit
1577 1636 1753 1701 clarissimo
1776 1637 1845 1701 viro
1869 1635 2040 1719 Rudnlpho,

542 1741 614 1805 duci
649 1741 796 1819 Saxonis,
820 1739 904 1821 quud
926 1739 1060 1821 quedam
1084 1738 1208 1821 capella
1232 1758 1289 1821 per
1311 1758 1382 1803 eum
1406 1745 1588 1805 constructa
1610 1741 1643 1805 in
1665 1740 1734 1806 loco
1757 1741 1971 1807 habitacionis
1993 1760 2042 1806 sne

543 1846 574 1909 in
598 1845 807 1927 Wittenberg,
831 1843 1125 1925 Brandeburgensis
1148 1844 1294 1923 diocesis,
1327 1845 1432 1909 elerici
1458 1851 1490 1909 et
1513 1846 1692 1928 presbyteri
1724 1846 1872 1929 deputati
1901 1851 1935 1911 et
1957 1845 2046 1929 depu-

542 1950 630 2015 tandi
654 1950 687 2014 iu
710 1968 748 2013 ea
771 1954 804 2013 et
826 1949 908 2013 bona
930 1966 988 2012 sua
1014 1949 1180 2030 presencia
1210 1953 1244 2013 et
1272 1948 1381 2014 futura
1411 1949 1586 2032 gauderent
1617 1951 1793 2034 privilegiis
1824 1956 2045 2033 exemptorum,

544 2055 601 2119 sed
623 2059 729 2119 amen
752 2053 890 2118 intencio
914 2052 1124 2135 supplicantis
1139 2053 1245 2132 fuerit,
1262 2053 1347 2135 quod
1364 2054 1449 2118 dicta
1472 2054 1595 2137 capella
1618 2073 1688 2120 cum
1705 2056 1840 2134 clericis,
1859 2054 2046 2138 presbyteris

544 2164 577 2223 et
589 2159 689 2224 nonis
712 2158 788 2237 suis,
812 2157 1014 2240 presentibus
1036 2162 1070 2221 et
1091 2157 1217 2236 tuturis,
1234 2158 1274 2222 ab
1289 2158 1374 2222 omni
1390 2158 1550 2224 ordinaria
1565 2165 1725 2241 potestate
1741 2161 1847 2226 forent
1865 2161 2044 2242 exempta¹t

547 2261 678 2350 [Quare]
686 2263 712 2344 ⁸)
737 2261 896 2345 supplicat
919 2263 1002 2326 idem
1025 2261 1156 2340 electus,
1188 2268 1224 2327 ut
1254 2263 1379 2327 domino
1409 2263 1596 2329 Penestrino
1627 2265 1778 2330 mandare
1809 2265 1992 2349 dignemini,
2018 2272 2047 2328 ut

546 2369 654 2433 littere
685 2368 894 2450 expediantur
923 2367 982 2431 hoc
1011 2367 1115 2447 modo,
1135 2367 1219 2449 quod
1242 2368 1313 2448 ipsa
1343 2367 1468 2449 capella
1498 2387 1567 2432 cum
1594 2367 1720 2433 clericis
1744 2374 1777 2433 et
1801 2368 2000 2451 presbyteris
2020 2374 2047 2432 et

551 2473 644 2537 bonis
667 2473 744 2550 suis,
769 2473 969 2553 presentibus
992 2477 1025 2535 et
1046 2471 1172 2550 futuris,
1196 2472 1260 2535 sint
1283 2471 1384 2536 libera
1402 2477 1435 2535 et
1457 2477 1605 2554 exempta
1626 2468 1708 2557 ΜΒ)
1733 2473 1953 2555 cuiuscunque
1975 2472 2049 2538 ordi·

547 2577 629 2642 uarii
653 2581 821 2659 potestate,
846 2595 916 2640 cum
939 2575 1090 2641 clausulis
1114 2577 1277 2659 oportunis
1302 2582 1334 2641 et
1356 2594 1418 2639 non
1442 2576 1641 2642 obstantibus
1665 2578 1836 2642 consuetis.

649 2681 723 2745 Fiat
744 2681 781 2744 R.

649 2786 730 2850 Item
753 2803 823 2850 curn
847 2786 915 2868 ipse
939 2782 1166 2867 supplicaverit
1188 2801 1245 2865 pro
1269 2784 1353 2848 dicto
1378 2785 1467 2862 duce,
1491 2789 1528 2848 ut
1550 2785 1619 2866 ipss
1646 2789 1679 2850 et
1701 2802 1908 2850 successores
1932 2786 1983 2850 sui
2005 2805 2048 2849 ce

544 2890 693 2956 dentibus
726 2889 778 2953 vel
811 2888 1038 2953 decedentibus
1072 2887 1267 2969 presbyteris
1301 2894 1334 2952 et
1368 2886 1492 2952 clericis
1526 2889 1627 2970 ipsius
1661 2887 1784 2971 capelle
1815 2888 1944 2971 possint
1977 2890 2048 2955 alios

545 2995 723 3071 instituere,
748 3012 818 3057 cum
841 3011 899 3074 pro
922 2992 1125 3057 institucione
1155 2991 1301 3057 habenda
1330 2993 1423 3057 nimis
1454 2997 1541 3056 esset
1571 2992 1701 3058 difficile
1731 2992 1907 3058 Romanam
1935 2994 2048 3059 curiam

543 3099 685 3178 visitare,
709 3098 740 3165 S.
765 3098 802 3163 V.
827 3098 993 3175 concessit,
1017 3096 1101 3179 quod
1132 3097 1163 3161 in
1195 3097 1307 3161 eadem
1338 3097 1462 3178 capella
1492 3096 1656 3162 ordinetur
1685 3115 1767 3163 uuus
1794 3097 1983 3179 prepositus
2005 3098 2048 3162 vel

546 3203 694 3282 decarne,
718 3203 772 3284 qui
796 3201 933 3283 eligatur
947 3220 1006 3284 per
1025 3200 1114 3279 alios,
1139 3206 1171 3265 et
1194 3200 1248 3265 alii
1270 3219 1329 3283 per
1351 3202 1455 3282 ipsum
1478 3201 1591 3265 ducem
1614 3205 1647 3265 et
1668 3200 1806 3267 heredes
1829 3202 1902 3267 eius
1925 3221 2048 3285 pressu·

543 3309 686 3387 tentur0)
709 3305 765 3370 illi.
800 3305 965 3389 Supplicat
987 3306 1070 3370 idem
1093 3303 1225 3383 electus,
1257 3311 1292 3369 ut
1322 3305 1460 3370 decanus
1494 3304 1545 3369 vel
1575 3305 1767 3387 prepositus,
1798 3305 1855 3386 qui
1886 3305 1929 3370 ad
1956 3306 2048 3390 ipsam

544 3410 698 3493 capellam
721 3428 779 3493 per
790 3409 923 3474 clericos
939 3414 972 3473 et
988 3410 1200 3492 presbyteros,
1217 3428 1275 3491 per
1291 3409 1425 3473 eundern
1442 3408 1554 3474 ducem
1571 3409 1743 3488 institutos,
1757 3410 1906 3491 eligetur,
1924 3410 2049 3476 admini-

546 3519 649 3580 strare
672 3518 839 3598 strepere
862 3515 964 3597 possit
985 3533 1068 3579 nunc
1091 3520 1123 3579 et
1146 3515 1362 3597 imposterum,
1386 3533 1423 3578 ac
1446 3514 1473 3578 si
1498 3532 1555 3596 per
1577 3513 1685 3579 sedem
1708 3514 1922 3597 apostolicam
1947 3513 2049 3582 confir·

545 3625 650 3685 matus
673 3621 835 3698 existeret,
867 3638 937 3684 cum
968 3638 1025 3702 pro
1055 3617 1295 3683 confirmacione
1326 3618 1507 3684 huiusmodi
1538 3623 1626 3683 esset
1655 3618 1748 3683 nimis
1779 3617 1912 3684 difficile
1943 3618 2048 3685 laturis

545 3724 741 3806 temporibus
765 3724 872 3788 sedem
896 3723 1103 3805 apostolicam
1127 3724 1267 3801 visitare,
1299 3724 1353 3805 qui
1385 3723 1566 3804 prepositus
1595 3723 1646 3787 vel
1676 3723 1815 3788 demnas
1851 3724 2047 3805 presbyteros

544 3834 577 3893 et
600 3828 744 3905 clericos,
768 3827 982 3910 pereundam
1006 3828 1119 3893 ducem
1143 3832 1176 3891 et
1199 3845 1401 3892 successores
1425 3845 1499 3892 suos
1523 3829 1729 3910 imposterum
1749 3828 1994 3909 presentandos,
2014 3824 2045 3891 ad

546 3933 647 4016 ipsius
672 3931 795 4015 capelle
817 3933 985 3998 servicium
1009 3933 1111 4014 possit
1134 3936 1166 3995 et
1189 3932 1307 3996 debeat
1329 3932 1506 3996 instituere.

650 4037 722 4102 Fiat
744 4036 782 4101 R.
806 4038 845 4101 D.
869 4036 1026 4102 Auiuione
1049 4036 1077 4099 X
1101 4035 1163 4101 kal.
1187 4036 1336 4101 Octobris
1360 4055 1388 4101 a.
1413 4037 1533 4118 quinto.
1655 4097 1658 4102 .

651 4225 799 4281 Clementis
817 4225 856 4279 vl
875 4224 901 4279 S.
921 4226 973 4295 νβ
993 4227 1049 4292 (12)
1069 4225 1087 4278 i.
1105 4231 1147 4278 ⁶26.
1161 4255 1193 4265 -
1221 4227 1244 4291 ΙΙ)
1264 4225 1343 4279 deest
1355 4225 1382 4278 iu
1397 4225 1432 4292 S,
1446 4226 1537 4295 suppl.
1553 4225 1587 4280 ab
1601 4224 1715 4279 editore.
1743 4223 1768 4291 ιν)
1780 4223 1862 4282 deest
1878 4225 1907 4280 in
1919 4226 1954 4292 S,
1966 4222 2039 4293 suppl·

546 4313 581 4368 ab
600 4312 715 4367 editore.
743 4315 765 4379 ⁰)
786 4317 1002 4381 ,presentantur‘
1020 4314 1055 4379 S,
1074 4330 1142 4366 corr.
1162 4313 1196 4367 ab
1216 4312 1330 4368 editore.
1349 4345 1381 4352 -
1403 4315 1422 4382 ¹)
1440 4313 1509 4368 baec
1529 4310 1697 4381 supplicatio
1714 4327 1770 4366 non
1789 4318 1833 4366 est
1851 4320 1969 4382 repam

551 4907 641 4971 tes.
667 4903 808 4979 atratus,
832 4904 991 4986 increpem
1016 4907 1230 4970 Romanorum
1252 4904 1376 4980 clectus,
1396 4910 1426 4969 ct
1446 4905 1634 4986 llblromos,
1657 4905 1914 4990 archiepiscopus
1937 4900 2034 4972 Coloni·

547 5009 640 5086 cnsis,
664 5008 856 5091 supplicant,
881 5013 1034 5091 prosternas
1055 5031 1084 5072 a.
1100 5031 1129 5073 o.
1148 5008 1305 5073 llilbclmo
1328 5010 1367 5074 dc
1392 5011 1558 5093 Gcoocp,⁸)
1581 5009 1764 5075 coctana
1786 5010 1926 5075 desdam
1949 5005 2033 5075 arcte

547 5112 696 5196 episcopi,
719 5112 934 5191 thesaurario,
958 5134 1039 5195 poue
1062 5113 1095 5176 in
1117 5111 1247 5177 ecclesio
1274 5113 1451 5179 Colooicm
1472 5118 1576 5193 occat,
1597 5118 1789 5194 sociantur.
1814 5115 1903 5190 ‚liat
1918 5116 1955 5182 R

937 5217 978 5281 D.
1003 5215 1160 5281 Aniniooc
1183 5218 1216 5279 X
1234 5218 1298 5285 lcal.
1326 5217 1467 5284 Octobris
1491 5240 1521 5283 o.
1546 5218 1674 5301 quinto!

1451 5391 1724 5468 Aoiniooc,1346
1746 5391 1939 5476 Septembris
1957 5393 2000 5456 22.

654 5562 803 5617 Clementis
823 5561 859 5615 v1
878 5562 904 5616 S.
924 5562 975 5631 Vsa
994 5570 1048 5630 (12)
1070 5566 1088 5619 l.
1108 5569 1157 5620 ct'.
1185 5595 1216 5604 -
1245 5567 1267 5631 r)
1287 5564 1418 5632 ,Geuepe‘
1438 5564 1464 5617 S.

1227 5794 1405 5804 --.-———-
