5184 7050
550 853 614 917 212

547 1058 639 1123 364.
664 1054 829 1136 Arrrastos,
850 1059 1013 1142 episcopus
1028 1059 1102 1122 olim
1120 1061 1301 1141 Properasis
1318 1059 1352 1123 in
1366 1059 1638 1143 archiepiscopum
1654 1062 1846 1141 Prupamcm
1856 1060 2059 1144 praeficitur.

1512 1318 1674 1399 Acirim,
1698 1321 1784 1386 1344
1807 1318 2009 1403 apriliaco.

652 1581 799 1646 Clemens
829 1579 1007 1660 episcopus,
1042 1597 1067 1643 s,
1092 1598 1115 1643 s.
1148 1580 1215 1659 df)
1251 1599 1279 1643 v.
1303 1580 1323 1644 f.
1350 1581 1495 1659 Amesto,
1530 1580 1679 1663 episcopo
1709 1580 1785 1645 olim
1816 1580 1981 1662 Pragensi,
2017 1582 2051 1645 in

548 1686 820 1768 archiepiscopum
844 1683 1035 1763 Prageusem
1057 1683 1169 1760 electo,
1192 1702 1217 1747 s.
1241 1689 1274 1748 et
1297 1702 1326 1747 a.
1351 1680 1410 1769 bh)
1434 1684 1470 1748 ln
1494 1703 1641 1765 supreme
1665 1683 1832 1767 dignitatis
1854 1683 1988 1764 specula
2012 1702 2052 1748 ex

549 1790 656 1855 divina
679 1787 891 1868 disposicione
914 1786 989 1849 licet
1012 1787 1160 1851 inmreriti
1184 1788 1359 1866 constituti,
1384 1788 1423 1852 de
1448 1789 1604 1853 universis
1627 1788 1713 1853 orbis
1736 1788 1891 1865 ecclesiis,
1916 1805 2053 1869 quarum

549 1913 625 1958 cura
646 1892 738 1967 nobis
761 1890 903 1954 imminet
925 1889 1092 1972 generalis,
1118 1891 1206 1954 iuxta
1229 1892 1403 1972 pastoralis
1425 1890 1521 1956 oflicii
1544 1892 1696 1972 debitum,
1720 1896 1873 1974 quantum
1897 1891 1990 1955 nobis
2013 1909 2052 1954 ex

549 1998 613 2062 alto
636 1995 841 2076 pennittitur,
871 1994 996 2058 solicite
1022 1995 1207 2075 cogitamus,
1231 2000 1266 2059 ut
1289 2015 1346 2077 per·
1367 2003 1476 2061 nostre
1497 1997 1702 2078 providencia
1731 1996 1871 2061 studium
1902 2000 2053 2078 pastores

549 2103 596 2165 eis
629 2099 834 2181 preficiantur
869 2098 973 2161 idonci
1007 2117 1043 2162 ac
1066 2104 1207 2163 rectores
1240 2100 1363 2181 providi
1398 2100 1601 2182 deputentur,
1635 2100 1694 2164 sub
1728 2118 1861 2181 quorum
1895 2098 2053 2182 regimine

548 2202 726 2270 huiusmodi
751 2201 885 2266 ecclesie
908 2201 1129 2281 spiritualibus
1155 2204 1322 2284 proficiant
1346 2204 1548 2269 incrementis
1571 2210 1604 2268 et
1625 2203 1856 2285 temporalibus
1879 2201 2052 2267 commodis

548 2307 756 2391 gratulentur.
802 2304 912 2384 Nuper
949 2303 1104 2384 siquidem
1142 2306 1355 2389 suadentibus
1389 2307 1568 2372 manifestis
1601 2313 1634 2371 et
1660 2307 1909 2372 racionabilibus
1943 2306 2052 2371 causis

550 2412 725 2487 ecclesiam,
742 2414 766 2489 ⁰)
790 2409 951 2472 civitatem
975 2413 1008 2472 et
1030 2408 1181 2472 diocesim
1203 2410 1406 2491 Pragensem,
1429 2430 1491 2493 quc
1513 2417 1591 2477 tunc
1612 2411 1653 2475 do
1675 2410 1864 2493 Maguntiua
1886 2409 2052 2492 provincia

550 2516 731 2582 existebant
761 2519 794 2577 ot
817 2513 1025 2577 subiacebant
1056 2513 1124 2577 ime
1154 2514 1386 2595 metropolitico
1417 2515 1656 2598 archiepiscopo
1687 2514 1885 2597 Maguntino,
1914 2514 1970 2596 qui
2002 2518 2053 2578 est

550 2640 607 2703 pro
630 2624 782 2700 tempore,
806 2636 843 2681 ac
866 2616 1002 2680 ecclesia
1024 2616 1221 2698 Maguutine,
1244 2622 1276 2682 te
1291 2616 1318 2700 ⁶)
1342 2619 1485 2700 regimini
1516 2618 1659 2684 ciusdem
1681 2618 1852 2700 Pragensis
1866 2620 1892 2700 ε)
1916 2617 2053 2682 ecclesie

551 2723 744 2807 presidente,
776 2722 815 2785 de
845 2720 979 2785 fratrum
1011 2726 1189 2785 nostrorum
1220 2721 1352 2786 consilio
1382 2726 1415 2786 et
1437 2723 1612 2803 apostolice
1644 2721 1816 2805 potestatis
1850 2720 2051 2803 plenitudine

549 2827 741 2892 auctoritate
765 2824 942 2905 apostolica
965 2824 1005 2888 ab
1028 2824 1111 2887 omni
1135 2824 1366 2903 iurisdiccione,
1386 2830 1548 2908 potestate
1571 2846 1609 2891 ac
1625 2826 1825 2890 subieccionc
1849 2824 1926 2889 dicti
1949 2823 2053 2888 archi·

549 2931 691 3014 episcopi
715 2936 748 2993 et
770 2929 821 2992 dd.
845 2928 877 2993 ff.
902 2927 1034 3008 capituli
1058 2934 1091 2991 et
1113 2928 1249 2992 ecclesie
1279 2929 1467 3012 Maguntine
1497 2930 1671 2995 eximentes
1703 2930 1830 3011 penitus
1853 2933 1887 2993 et
1907 2927 2054 2993 totaliter

547 3037 721 3101 liberantes
745 3052 782 3097 ac
805 3051 876 3096 cam
898 3031 957 3096 soli
981 3032 1122 3095 Romano
1145 3031 1279 3096 ecclesie
1303 3032 1343 3096 de
1365 3037 1470 3096 cetero
1502 3032 1683 3096 immediate
1705 3031 1871 3096 subiacere
1895 3036 2053 3114 perpetuo

549 3141 766 3212 decernentes,
791 3137 892 3217 ipsam
909 3136 1102 3217 Pragonsem
1125 3135 1292 3200 ecclesiam
1308 3137 1335 3218 Ι)
1360 3137 1391 3200 in
1408 3135 1684 3218 metropolitanam
1707 3137 1865 3200 ereximus
1884 3136 2052 3218 ipsamque

467 3224 469 3228 ’
548 3242 720 3309 honoribus
751 3246 784 3305 et
815 3240 960 3321 insigniis
991 3238 1076 3302 sedis
1109 3240 1342 3320 metropolitico
1356 3252 1383 3318 ἕ)
1418 3240 1646 3318 decoravimus,
1680 3240 1873 3305 auctoritate
1905 3239 2052 3321 predicta

548 3346 771 3412 nichilominus
795 3348 984 3421 statuentes
1007 3344 1091 3423 quod
1112 3343 1183 3425 ipsa
1199 3344 1369 3426 Pragansis
1392 3345 1529 3409 ecclesia
1543 3343 1571 3427 l)
1595 3364 1651 3427 pro
1667 3343 1913 3425 ruetropolitana
1936 3344 2052 3426 imper·

548 3459 680 3535 potuum
702 3450 860 3514 habeatur
883 3453 916 3512 et
938 3448 1008 3511 eius
1030 3448 1138 3530 presul
1161 3446 1421 3530 archiepiscopus
1443 3449 1545 3513 eciam
1568 3455 1746 3530 censeatur,
1768 3455 1864 3532 prout
1885 3448 1918 3513 in
1933 3448 2052 3512 nostris

545 3558 662 3621 litteris
687 3555 759 3619 iude
783 3553 935 3618 confectis
958 3552 1084 3633 plenius
1108 3559 1140 3616 et
1164 3553 1317 3617 seriosius
1341 3551 1559 3634 continetur.¹)
1596 3554 1809 3618 Attendentes
1832 3553 1940 3636 igitur,
1968 3552 2053 3635 quod

546 3667 582 3726 tu
592 3665 612 3741 ¹)
634 3661 774 3741 regimen
799 3657 941 3723 eiusdem
965 3657 1134 3737 Prageusis
1157 3657 1303 3735 ecclesie,
1315 3656 1335 3738 ¹)
1367 3657 1440 3720 dum
1464 3657 1656 3739 episcopalis
1679 3656 1848 3734 existebat,
1878 3657 2051 3738 gessistis)

546 3765 701 3829 hactenus
732 3761 869 3826 fideliter
891 3767 924 3824 ct
947 3761 1129 3841 prudenter,
1162 3767 1288 3841 sumpta
1319 3780 1357 3824 ex
1388 3761 1552 3841 preteritis
1582 3760 1700 3825 fiducia
1729 3759 1909 3828 defuturis
1940 3761 2052 3825 verisi-

546 3870 664 3933 militer
686 3866 853 3943 credimus,
877 3864 961 3945 quod
979 3866 1120 3947 regimen
1145 3866 1247 3946 ipsum
1263 3884 1301 3930 eo
1318 3866 1522 3944 imposterum
1546 3884 1639 3947 geres
1654 3868 1680 3946 ¹¹)
1705 3865 1874 3943 attencius,
1897 3884 1960 3946 quo
1983 3867 2049 3947 te⁰)

546 3973 658 4036 maiori
684 3970 802 4035 honore
826 3987 863 4032 ac
878 3980 903 4045 Ρ)
921 3969 1076 4050 dignitate
1092 3969 1267 4049 prospicies
1281 3971 1309 4050 l)
1333 3968 1526 4046 decoratum,
1542 3971 1607 4048 te')
1632 3970 1692 4050 ipsi
1712 3970 1865 4051 Pragensi
1882 3969 2049 4051 ecclesia)

547 4077 586 4140 de
610 4075 765 4139 dictorum
788 4072 921 4137 fratrum
945 4073 1076 4137 consilio
1101 4074 1293 4137 auctoritate
1317 4072 1461 4154 predicta
1485 4073 1515 4136 in
1541 4073 1813 4154 archiepiscopum
1835 4072 2051 4155 preficimus‘t

547 4186 579 4243 et
602 4186 773 4262 pastorem,
805 4197 911 4241 curam
935 4183 968 4240 et
992 4175 1303 4240 administracionem
1328 4176 1428 4257 ipsius
1451 4177 1509 4241 tibi
1525 4179 1552 4258 ⁰)
1573 4177 1604 4240 in
1628 4175 1850 4258 spiritualibus
1873 4182 1906 4242 at
1928 4183 2050 4258 tempo-

547 4285 668 4348 ralibns
699 4284 842 4364 plenarie
873 4280 1106 4358 committendo,
1132 4281 1162 4344 in
1186 4281 1250 4358 illo,
1286 4282 1339 4361 qui
1365 4281 1419 4345 dat
1442 4283 1566 4365 gracias
1589 4287 1622 4346 et
1645 4282 1779 4364 largitur
1808 4282 1942 4361 premia,
1977 4300 2049 4345 con·

549 4389 693 4466 fidentes,
718 4387 801 4468 quod
825 4386 935 4449 cadem
952 4384 1122 4464 Pragensis
1146 4384 1282 4448 ecclesia
1296 4387 1321 4465 ¹)
1345 4385 1404 4449 sub
1419 4391 1474 4450 tuo
1491 4389 1516 4461 Ι)
1540 4385 1624 4451 felici
1649 4386 1802 4467 regimine
1823 4387 1933 4468 gracia
1956 4387 2048 4468 tibi-¹)

549 4492 744 4573 suffragante
767 4491 874 4554 divina
899 4489 1009 4554 utilius
1033 4488 1187 4569 dirigetur
1210 4493 1243 4551 et
1261 4489 1368 4552 votiva
1391 4491 1538 4553 continue
1561 4491 1714 4571 suscipiet
1738 4490 1942 4554 incrementa.
1967 4491 2049 4568 Quo·

548 4597 633 4660 circa
663 4595 858 4659 fraternitati
882 4600 937 4657 tue
961 4612 1017 4674 per·
1040 4593 1215 4672 apostolica
1246 4593 1367 4674 scripta
1389 4592 1585 4672 mandamus,
1616 4595 1767 4676 quatinus
1790 4594 1971 4659 huiusmodi
1995 4595 2050 4659 im·

545 4700 684 4781 positum
706 4699 765 4762 tibi
788 4716 868 4762 onus
891 4717 908 4760 a
934 4697 1059 4761 domino
1086 4698 1265 4778 suscipiens
1296 4704 1480 4761 rerer-enter
1501 4700 1547 4763 sic
1571 4700 1672 4780 ipsius
1704 4699 1873 4780 Pragensis
1903 4699 2048 4776 ecclesie,

545 4822 661 4885 sponse
684 4808 748 4879 tue,
784 4820 890 4864 curam
921 4820 1014 4883 geras
1046 4802 1180 4877 solicite,
1213 4801 1351 4866 fideliter
1373 4807 1406 4865 et
1427 4803 1611 4884 prudenter,
1645 4821 1772 4885 gregem
1802 4803 1994 4868 dominicum
2017 4805 2048 4868 in

544 4927 583 4971 ea
614 4906 672 4970 tibi
704 4906 903 4970 commissum
940 4904 1083 4969 doctrina
1114 4907 1201 4969 verbi
1225 4911 1258 4967 et
1280 4907 1387 4987 operis
1420 4905 1628 4985 informando,
1662 4907 1744 4988 quod
1776 4907 1815 4972 de
1838 4907 1960 4973 talento
1990 4908 2048 4973 tibi

545 5011 666 5074 credito
689 5010 816 5090 dignam
840 5010 944 5090 possis
969 5009 1000 5072 in
1023 5014 1164 5073 extremo
1187 5009 1332 5072 examine
1355 5009 1488 5073 reddere
1511 5011 1679 5089 racionem,
1702 5016 1801 5091 tuque.
1824 5011 1958 5092 proinde
1976 5032 2048 5094 per·

544 5122 639 5196 pelue
662 5114 828 5178 felicitatis
850 5113 967 5192 gaudia
991 5114 1207 5195 consequaris
1242 5132 1279 5177 ac
1303 5133 1360 5178 nos
1383 5114 1537 5196 gratulari
1568 5115 1727 5195 possimus
1751 5115 1782 5178 in
1805 5116 1942 5193 domino,
1977 5137 2048 5182 cum

544 5219 583 5282 dc
617 5226 650 5282 te
684 5225 836 5298 concepta
875 5217 990 5280 fiducia
1025 5217 1178 5281 fuerimus
1213 5237 1273 5282 non
1308 5217 1458 5283 fraudati.
1507 5220 1543 5281 ll.
1579 5219 1736 5282 Auinioue
1771 5219 1802 5284 ll
1837 5218 1899 5283 kal.
1936 5219 2048 5300 ulcha

544 5342 572 5386 a.
598 5322 746 5386 secundo.
1479 5395 1493 5424 ο

648 5424 971 5493 lne.1n.dd.··tff.
1004 5425 1144 5503 capitulo
1179 5426 1314 5488 ecclesie
1349 5426 1518 5507 Pragensis
1542 5445 1566 5490 s.
1591 5422 1695 5508 etcll)
1741 5428 1777 5492 ln
1809 5446 1957 5508 supreme
1988 5437 2050 5494 etc.

544 5549 645 5611 usque
664 5530 867 5591 incrementa.
883 5529 920 5607 “)
946 5525 1099 5603 Quocirca
1125 5527 1312 5592 discrecioni
1329 5533 1434 5592 vestre
1451 5548 1507 5609 per
1523 5530 1700 5611 apostolica
1715 5531 1835 5612 scripta
1853 5532 2052 5613 mandamus

544 5634 695 5712 «protinus
726 5630 828 5693 eidem
859 5629 961 5693 electo
991 5635 1144 5710 tanquam
1169 5632 1250 5712 patri
1275 5637 1309 5694 et
1330 5633 1451 5713 pastori
1482 5635 1658 5697 animarum
1681 5640 1857 5699 restramm
1887 5636 2051 5702 humiliter

546 5737 746 5801 intendentes
778 5754 814 5798 ac
846 5733 1034 5798 exhibentes
1065 5734 1094 5796 ei
1118 5735 1336 5800 obedienciam
1366 5744 1398 5802 ct
1423 5738 1635 5801 reverenciam
1666 5738 1806 5802 debitam
1836 5744 1869 5803 et
1899 5740 2048 5806 devotam
