5184 7050
1860 903 1928 970 555

520 1106 556 1170 In
581 1124 608 1169 e.
632 1124 672 1171 m.
697 1106 748 1171 dd.
772 1105 804 1174 a.
829 1092 998 1174 couventui
1022 1110 1208 1176 monasterii
1232 1109 1524 1192 Oppaeowicensis,
1548 1110 1668 1175 ordinis
1699 1111 1801 1177 sancti
1827 1111 1930 1176 Bene-

418 1210 510 1289 dicti,
534 1209 705 1292 Pragensis
727 1210 874 1289 diocesis,
898 1229 922 1276 s.
947 1218 1007 1278 etc.
1025 1263 1032 1277 .
1050 1264 1057 1277 .
1075 1264 1082 1278 .
1102 1264 1108 1279 .
1132 1215 1172 1278 D.
1196 1219 1231 1278 ut
1254 1232 1278 1279 s.

521 1315 559 1379 In
583 1333 610 1379 e.
635 1333 674 1378 m.
699 1335 728 1381 v.
752 1316 824 1380 f...
848 1316 1086 1399 archiepiscopo
1110 1316 1274 1399 Pragensi,
1299 1336 1324 1383 s.
1348 1324 1409 1383 etc.
1426 1369 1458 1383 ..
1483 1320 1521 1384 D.
1546 1323 1582 1383 ut
1604 1337 1629 1384 s.

522 1419 559 1484 ln
583 1437 611 1483 e.
636 1439 676 1484 m.
700 1440 726 1485 e.
751 1420 783 1484 in
808 1418 866 1486 Ch.
889 1421 911 1487 f.
936 1419 1059 1501 Cerolo,
1084 1421 1297 1487 Romanorum
1321 1428 1354 1487 et
1376 1423 1506 1488 Boemie
1528 1422 1595 1504 regi
1620 1421 1745 1504 illustri,
1767 1441 1790 1489 s.
1817 1427 1877 1487 etc.
1896 1472 1928 1487 ..

413 1524 454 1589 D.
480 1529 516 1588 ut
540 1541 564 1588 s.

521 1661 670 1716 Clementis
689 1661 727 1715 VI
745 1663 778 1714 A.
800 1662 864 1730 VIql
885 1664 940 1730 (92)
958 1660 976 1714 f.
996 1663 1056 1715 523'
1076 1678 1102 1715 n.
1120 1667 1163 1729 40,
1190 1662 1224 1716 de
1249 1661 1452 1730 provisionibus
1475 1662 1661 1732 praelatorum
1687 1679 1732 1731 qu.
1751 1668 1814 1716 2:
1827 1662 1861 1716 V.
1882 1668 1930 1716 178

456 1751 502 1801 ar'
519 1765 545 1802 n.
565 1755 607 1801 ra.
622 1751 652 1815 (ι)

414 2011 511 2079 974.
532 2010 652 2078 Iacobo
675 2011 713 2074 de
736 2011 772 2074 H
775 2009 901 2085 labben,
918 2009 949 2093 (l
945 2015 964 2093 )
975 2015 1002 2091 ⁸)
1024 2011 1059 2074 in
1076 2009 1319 2093 presbyteratus
1341 2009 1450 2075 ordine
1466 2015 1565 2094 prount
1580 2012 1736 2076 asseritur
1752 2013 1929 2087 constituto,

407 2115 598 2200 providetur
619 2115 657 2178 de
690 2116 882 2179 canonicatu
911 2114 1059 2179 ecclesiae
1090 2113 1353 2178 Wadislovr‘enais
1382 2115 1439 2178 sub
1473 2116 1687 2197 expectatione
1716 2116 1927 2198 praebendae,

412 2240 478 2284 aon
500 2219 652 2295 obstante,
677 2219 769 2299 ,quod
786 2219 994 2302 plebanatum
1014 2217 1116 2302 plebia
1139 2220 1175 2283 in
1197 2219 1337 2294 Lessino,
1355 2220 1608 2284 Poneeeonieneis
1631 2220 1772 2298 diocesis,
1792 2221 1930 2285 nosceris

412 2322 562 2387 obtinere.
597 2323 739 2386 lblurnua
763 2327 877 2402 aretem,
900 2323 991 2404 quod,
1015 2322 1250 2404 quamprimum
1271 2323 1376 2406 eu'qorc
1394 2324 1592 2404 presencium
1614 2324 1649 2387 in
1671 2324 1779 2387 eadem
1813 2325 1927 2388 l'ladr'-

410 2427 569 2491 sianienri
591 2427 724 2492 arderia
740 2427 935 2510 prebendam
953 2428 1087 2510 pacifice
1109 2431 1271 2490 (assecutus
1294 2427 1447 2505 eutrici-ia,
1463 2427 1581 2491 dictum
1600 2427 1927 2510 platanumque

412 2531 596 2594 obtineant
624 2536 801 2615 prefertur,
825 2536 855 2595 et
877 2553 966 2613 quern
990 2536 1102 2595 extunc
1123 2551 1240 2595 rucare
1262 2530 1467 2608 decernimus,
1491 2532 1626 2610 ornnino,
1653 2536 1752 2615 prout
1779 2532 1821 2597 od
1843 2533 1878 2596 r'rl
1900 2536 1931 2595 te

410 2639 587 2720 sporrtonee
608 2634 759 2716 obtulisti,
775 2635 932 2700 ‹linrdtere
952 2637 1099 2700 tenearis.
1117 2685 1124 2701 .
1143 2687 1150 2700 .
1168 2685 1174 2700 .
1192 2687 1199 2700 .
1220 2638 1259 2699 Ι).
1275 2636 1434 2700 Auinr'nne
1455 2636 1535 2700 l'III
1553 2635 1618 2701 tac.
1636 2637 1755 2702 Marcii
1771 2658 1801 2703 a.
1817 2640 1924 2702 sentu‘

507 2776 562 2825 v=
1007 2741 1124 2803 borma
1145 2745 1181 2803 ut
1203 2740 1237 2803 in
1259 2760 1289 2806 n.
1314 2742 1344 2802 6.

461 2844 509 2930 ,ἱ
525 2844 574 2931 i.

523 2999 673 3054 Clementis
692 2997 727 3054 Vl
745 3001 780 3054 A.
798 2997 864 3069 Vile
883 3002 938 3069 (94)
956 2998 975 3052 t.
997 3002 1055 3052 138'
1076 3016 1102 3053 n.
1123 3003 1180 3065 148,
1200 2997 1234 3052 de
1252 2998 1419 3066 praebendis
1435 2998 1571 3053 vacaturis
1589 3015 1633 3068 qu.
1653 3004 1715 3051 o:
1729 3000 1760 3053 V.
1781 3007 1830 3055 182
1849 2999 1866 3053 s.
1887 3003 1928 3056 29*

412 3103 441 3140 n.
466 3091 523 3141 148.
544 3118 577 3129 -
599 3092 622 3153 ¹)
642 3087 784 3154 ,erbsitiz‘
803 3089 835 3139 Α.
936 3098 943 3112 ·

1067 3176 1274 3186 --.-

1345 2824 1509 2908 aaran,
1535 2827 1619 2891 raes
1643 2826 1810 2892 renuam
1831 2829 1883 2893 aa.

412 3350 512 3418 976.
537 3349 658 3430 (taron,
682 3353 750 3432 reqr'
767 3354 990 3432 Rornanorum,
1012 3350 1173 3425 amicitae,
1195 3350 1276 3414 uotis
1301 3349 1368 3412 eiam
1393 3369 1455 3433 pro
1478 3351 1620 3415 Mastino
1643 3349 1728 3413 della
1749 3348 1847 3414 Scala
1869 3350 1931 3414 bae

411 3456 483 3519 rice
503 3456 657 3537 sotiqfieri
678 3477 741 3520 non
759 3477 861 3540 posse,
885 3460 916 3519 et
938 3457 1006 3540 ipse
1028 3456 1223 3529 admonetur,
1246 3458 1283 3518 ut
1304 3454 1489 3519 indumenta
1516 3453 1612 3536 leupo
1633 3459 1663 3515 et
1685 3454 1779 3535 lnrqu
1802 3454 1931 3535 deserat

802 3567 832 3626 et
854 3560 1039 3627 hastiludiis
1061 3565 1092 3624 et
1113 3560 1337 3626 torneamentis
1362 3559 1529 3624 abstineut.

1348 3680 1511 3755 Aor'nione,
1534 3684 1622 3748 1348
1644 3681 1812 3746 Febmarii
1832 3684 1885 3746 25.

525 3822 561 3887 (l.
579 3824 610 3887 in
628 3821 685 3887 Ch.
701 3823 722 3888 f.
740 3824 868 3903 Karolo,
893 3825 960 3906 regi
983 3824 1194 3889 Romanorum
1216 3822 1343 3887 illustri.
1367 3822 1558 3888 serenitatis
1579 3829 1635 3887 tue
1659 3822 1792 3901 litteras,
1813 3822 1930 3903 quibus

414 3928 448 3996 d.
481 3928 503 3993 f.
527 3927 698 4007 Welconis,
732 3930 873 3993 canonici
904 3929 1082 4011 l'ragensis
1114 3928 1278 3992 secretarii
1313 3930 1346 3990 et
1375 3926 1541 3991 familiaris
1571 3927 1629 4003 tui,
1661 3925 1805 3989 adhiberi
1835 3925 1929 3991 tidem

415 4031 576 4097 relatibus
592 4032 728 4114 periisti,
745 4034 945 4115 eundemque
960 4033 1144 4098 Welconem
1165 4031 1423 4097 consideracione
1446 4039 1502 4097 tua
1524 4032 1661 4113 benigna
1685 4030 1820 4095 caritate
1841 4050 1929 4096 reee-
2037 4047 2039 4051 ·

414 4139 524 4222 pimus
557 4144 600 4215 et,
635 4155 696 4218 que
727 4137 811 4202 idem
834 4138 944 4203 Welco
970 4156 1028 4219 pro
1051 4142 1142 4219 parte
1164 4144 1222 4201 tua
1244 4137 1335 4201 nobis
1359 4136 1533 4218 prudenter
1555 4141 1588 4200 et
1611 4136 1741 4217 provide
1764 4136 1928 4214 reseravit,

414 4238 633 4307 intelleximus
655 4240 833 4322 diligenter.
857 4241 950 4320 Sane,
974 4239 1018 4305 fili
1043 4241 1215 4318 carissime,
1231 4239 1308 4304 licet
1326 4239 1357 4304 d.
1373 4240 1395 4305 f.
1412 4239 1547 4306 nobilem
1570 4239 1672 4304 virum
1696 4239 1867 4305 Mestiuum
1889 4240 1929 4303 de

415 4344 564 4424 lascala,
580 4379 583 4383 ·
599 4344 741 4424 militem,
776 4345 817 4411 ob
850 4346 973 4410 sincere
1008 4345 1191 4411 devocionis
1224 4342 1383 4423 affectum,
1418 4363 1511 4426 quem
1545 4344 1586 4409 ad
1619 4363 1676 4408 nos
1699 4350 1732 4408 et
1755 4344 1928 4409 Romanam

415 4449 591 4516 ecclesiam
613 4447 733 4514 babere
756 4449 962 4531 dignoscitur,
979 4448 1197 4515 favorabiliter
1211 4467 1450 4531 prosequamur,
1467 4448 1723 4514 consideracione
1742 4453 1847 4512 tumen
1871 4449 1928 4525 tui,

413 4555 479 4633 cui,
495 4555 580 4618 sicut
597 4552 722 4635 placide
744 4560 778 4618 et
800 4553 938 4619 letanter
959 4553 1147 4633 audiuimus,
1172 4553 1286 4618 devote
1308 4572 1346 4617 ac
1369 4560 1552 4618 reverenter
1574 4552 1770 4634 obsequitur,
1793 4552 1834 4616 ad
1857 4552 1925 4634 pla·

415 4658 554 4725 cendum
577 4659 607 4721 ei
629 4659 810 4740 prompcius
834 4658 1014 4722 invitamur.
1046 4658 1292 4741 verumptamen
1316 4655 1390 4739 quia
1413 4658 1452 4721 de
1475 4657 1611 4722 ecelesia
1635 4655 1698 4736 illa,
1722 4656 1761 4719 de
1785 4646 1848 4738 qua
1872 4675 1929 4738 per

413 4762 555 4831 eundem
579 4762 762 4826 Welconem
784 4768 841 4826 tua
863 4762 954 4826 nobis
978 4761 1158 4826 sublimitas
1174 4760 1376 4844 supplicavit,
1394 4762 1584 4827 [luseramus
1599 4764 1694 4826 antea
1710 4761 1927 4838 ordinandum,

416 4887 481 4933 non
517 4868 678 4949 potuimus
710 4866 771 4931 bac
804 4868 874 4930 vice
901 4866 1089 4932 satisfacere
1113 4867 1195 4931 votis
1217 4866 1291 4944 tuis,
1316 4865 1518 4931 intendentes
1541 4883 1598 4930 suo
1621 4871 1765 4946 tempore
1789 4864 1927 4929 Mastiuu

413 4971 544 5056 prelato
567 4972 598 5035 iu
622 4971 776 5048 omnibus
801 4977 952 5053 quantum
976 4989 1046 5035 cum
1070 4971 1129 5036 deo
1152 4988 1331 5051 possumus,
1354 4978 1409 5035 tuo
1433 4971 1567 5035 maxime
1588 4971 1705 5034 intuitu
1722 4968 1927 5050 complacere.

414 5077 571 5141 Ceterum
604 5078 717 5156 ante·)
751 5073 962 5156 adventumb)
1002 5075 1078 5140 dicti
1112 5075 1273 5140 Welconis
1308 5075 1522 5141 intelleximus
1556 5074 1715 5139 relacione
1749 5074 1928 5152 multorum,

414 5180 504 5263 quod
529 5180 670 5244 nonnulli
694 5185 860 5263 magnates
883 5179 1059 5259 Alamanie,
1083 5180 1136 5261 qui
1161 5178 1311 5244 bonorem
1333 5184 1423 5244 tuum
1447 5198 1524 5261 puro
1555 5179 1701 5245 zelantur
1730 5178 1855 5255 affeetu,
1881 5197 1929 5241 re-

413 5291 617 5351 murnmrant
649 5291 684 5349 et
711 5284 845 5349 moleste
876 5285 1046 5366 plurimum
1077 5283 1193 5361 lerunt,
1224 5284 1309 5365 quod
1331 5289 1367 5347 tu
1390 5285 1421 5348 in
1446 5284 1588 5349 vestibus
1611 5284 1685 5358 tuis,
1710 5301 1790 5366 quas
1813 5284 1926 5347 breves

413 5390 513 5455 nimis
536 5393 570 5452 et
592 5390 720 5453 strictas
742 5396 872 5471 portare
895 5388 1021 5467 diceris,
1044 5388 1233 5470 gravitatem
1256 5386 1353 5464 illam,
1369 5406 1464 5469 quam
1483 5387 1618 5468 requirit
1640 5386 1802 5468 fastigium
1826 5387 1928 5468 digui-

411 5494 495 5560 tatis
509 5494 535 5576 ‘)
560 5511 697 5570 cesaree,
721 5512 783 5557 non
806 5494 967 5571 observas
991 5491 1138 5573 quodque
1162 5486 1311 5569 contrait
1344 5489 1527 5554 decennium
1558 5490 1723 5572 dignitatis
1746 5490 1926 5556 huiusmodi

412 5596 663 5665 hastiludiorum
685 5602 719 5661 et
740 5602 1031 5662 torneamentorum
1054 5594 1210 5659 exercicio
1232 5599 1265 5657 te
1290 5594 1466 5672 immisces,
1491 5595 1531 5659 de
1554 5612 1615 5675 quo
1640 5612 1707 5673 uos,
1724 5595 1777 5676 qui
1800 5595 1929 5660 honoris

412 5704 464 5770 tui
488 5702 708 5768 desideramus
730 5703 872 5783 paternis
895 5700 1060 5766 affectibus
1083 5700 1286 5778 incrementa,
1309 5700 1427 5777 mirati,
1451 5701 1656 5766 serenitatem
1687 5706 1775 5764 tuam
1806 5705 1928 5765 attente

412 5825 577 5891 rogamus,
600 5812 758 5888 quatenus
780 5805 965 5870 indumenta
987 5804 1076 5887 larga
1099 5812 1132 5869 et
1154 5804 1257 5886 longa,
1281 5812 1315 5869 ot
1348 5823 1411 5886 que
1441 5807 1657 5872 maturitatem
1688 5805 1835 5885 iudicent,
1867 5822 1929 5885 que
