5184 7050
1995 841 2069 906 5673

557 1041 644 1107 idem
674 1042 813 1108 salvator·
842 1044 1020 1124 crucifixus,
1052 1049 1085 1109 et
1113 1044 1235 1124 lancee,
1267 1065 1337 1110 curu
1368 1065 1431 1127 qua
1461 1046 1545 1110 letus
1576 1048 1645 1112 eins
1675 1047 1872 1126 periuratum
1895 1048 2010 1127 extitit,
2034 1053 2067 1113 et

553 1146 706 1212 nonnulle
728 1147 791 1212 elie
813 1148 949 1230 reliquie
972 1149 1114 1214 eiusdem
1138 1150 1308 1215 salvatoris
1331 1155 1364 1215 et
1393 1150 1613 1216 nonnullorum
1645 1156 1827 1216 sanctorum
1857 1165 1986 1217 suorum
2015 1171 2066 1217 re-

551 1250 664 1333 liquie,
687 1271 750 1333 que
773 1252 954 1317 sanctuaria
978 1253 1059 1317 socri
1082 1253 1214 1317 Romani
1238 1253 1363 1336 imperii
1387 1260 1618 1336 nuncupantur,
1636 1261 1746 1337 etque
1766 1255 1850 1320 idern
1873 1274 1927 1319 rer
1952 1256 1984 1320 in
2008 1272 2066 1321 suu

551 1355 699 1421 custodia
722 1361 755 1421 et
776 1360 938 1437 potestate
960 1356 1067 1435 habet,
1092 1358 1188 1422 certis
1212 1357 1326 1423 diebus
1350 1357 1565 1441 solempnibus
1587 1359 1672 1424 omni
1696 1359 1811 1442 populo
1839 1361 2064 1427 ostendentur:

551 1460 725 1543 dignemini
748 1461 893 1526 omnibus
915 1480 990 1526 vere
1010 1462 1227 1544 penitentibus
1244 1467 1276 1526 et
1292 1463 1457 1543 confessis
1473 1465 1528 1546 qni
1543 1465 1584 1529 cd
1599 1464 1769 1529 videndum
1786 1465 1855 1546 ipse
1872 1467 2063 1543 sanctuaria,

551 1565 734 1647 ubieunque
763 1564 892 1644 fuerint,
924 1566 1037 1632 diebus
1065 1566 1153 1648 ipsis,
1186 1567 1301 1647 quibus
1330 1573 1366 1632 nt
1388 1570 1583 1650 premittitur
1605 1569 1823 1646 ostendentur,
1848 1588 1945 1634 causa
1970 1570 2067 1635 devo·

551 1669 654 1735 cionis
676 1671 879 1749 accesserint,
896 1676 1018 1754 septem
1033 1689 1134 1736 ennos
1149 1676 1182 1735 et
1204 1671 1337 1735 totidem
1353 1672 1576 1753 quadragenas
1592 1674 1631 1739 de
1648 1673 1797 1739 iniunctis
1814 1674 1860 1738 eis
1876 1675 2066 1756 peniteneiis

549 1773 726 1856 dignemini
749 1776 1000 1841 misericorditer
1023 1777 1177 1843 relaxare.

658 1878 730 1945 Fiet
753 1881 851 1946 semel
874 1885 999 1946 tantum
1024 1883 1055 1946 in
1078 1901 1159 1945 anno
1182 1881 1221 1945 R.

657 1983 739 2049 Item
762 1985 932 2067 supplicet,
956 1991 1125 2068 quatenus,
1150 2005 1220 2050 eum
1243 1986 1381 2050 eeclesia
1405 1987 1705 2070 LntbomericensiS,
1724 1989 1895 2070 Pragensis
1918 1988 2063 2066 diocesis,

550 2105 616 2167 (pre
647 2087 738 2152 valde
769 2110 881 2173 magua
911 2095 944 2156 et
974 2090 1169 2155 honorabilis
1181 2089 1207 2171 b)
1238 2091 1406 2168 existebat,
1438 2098 1567 2173 propter
1597 2096 1788 2157 vetustatem
1819 2093 1920 2175 ipsius
1945 2093 2006 2157 iam
2031 2094 2063 2157 in

551 2195 645 2271 parte
669 2194 824 2257 corruerit
846 2199 879 2258 et
902 2195 1025 2258 ruinam
1049 2193 1180 2258 totalem
1211 2195 1332 2258 residui
1362 2196 1579 2274 comminetur,
1608 2202 1640 2260 et
1672 2202 1841 2278 propterea
1872 2198 2063 2278 prepositus,

551 2294 694 2360 decenus
718 2302 750 2361 et
774 2298 945 2379 capitulum
967 2299 1067 2379 ipsius
1091 2297 1226 2362 ecclesio
1249 2299 1288 2363 nd
1313 2297 1398 2364 illius
1418 2300 1583 2363 intendent
1599 2300 1844 2380 reparecionem,
1862 2300 1967 2380 sitque
1984 2319 2063 2382 opus

551 2399 658 2481 ipsum
681 2401 762 2466 adeo
786 2408 1015 2484 sumptuosum,
1040 2404 1124 2483 quod
1148 2403 1215 2466 sine
1239 2403 1397 2485 suffragiis
1420 2403 1554 2467 eliorum
1577 2403 1697 2468 Christi
1720 2402 1859 2466 fidelium
1891 2421 1992 2485 usquo
2023 2403 2063 2468 ed

549 2505 770 2588 longissimum
793 2512 920 2588 tempus
943 2493 1052 2588 perlici
1077 2512 1110 2571 et
1132 2507 1285 2589 compleri
1301 2505 1326 2592 ⁰)
1349 2527 1411 2572 non
1434 2511 1560 2589 posset:
1585 2506 1757 2588 dignemini
1780 2499 2005 2588 omnibusqui
2022 2508 2062 2571 ud

550 2609 706 2675 fabricam
730 2616 762 2675 et
784 2612 1022 2692 reperacionem
1052 2612 1228 2694 predictam
1258 2631 1369 2676 merrus
1399 2612 1600 2695 porrexerint
1633 2611 1814 2689 adiutrioes,
1838 2617 1886 2676 tot
1909 2630 2008 2676 annos
2032 2617 2064 2677 et

551 2720 603 2779 tot
625 2714 845 2797 quadragenus
869 2721 1023 2797 utsupra
1048 2716 1212 2796 usquead
1236 2716 1422 2781 decennium
1453 2718 1624 2798 dignemini
1655 2716 1902 2781 misericorditer
1924 2716 2062 2800 elargiri,

550 2819 675 2884 eisdem
698 2820 871 2902 preposito,
896 2819 1014 2885 deceno
1039 2827 1072 2885 et
1094 2820 1232 2902 capitulo
1256 2820 1295 2884 de
1319 2823 1474 2886 uberioris
1497 2823 1579 2886 dono
1602 2821 1708 2903 gracie
1735 2821 1954 2899 concedentes,
1979 2821 2062 2902 quod

551 2911 736 2988 huiusmodi
759 2923 961 3006 indulgencie
983 2942 1042 3004 per
1063 2925 1209 3005 proprios
1233 2931 1399 3006 questores
1422 2925 1461 2988 ad
1486 2925 1681 3006 querendum
1700 2925 1824 3007 prefate
1839 2925 1990 3007 suffragiu
2005 2943 2062 3007 per

551 3028 757 3110 Prngensem,
782 3028 1066 3111 salzeburgensem
1082 3031 1108 3110 l)
1132 3048 1170 3093 ac
1192 3028 1508 3111 Magdeburgensem,
1532 3028 1786 3115 Gneznensem⁰)
1810 3029 1986 3110 provincias
2003 3048 2062 3110 per

550 3132 672 3198 dictum
707 3132 896 3214 temporis‘)
930 3133 1070 3214 spacium
1104 3132 1211 3197 valeat
1245 3132 1417 3212 destinare,
1452 3133 1685 3216 metropolitani
1721 3139 1777 3198 ant
1808 3133 1968 3198 diocesani
1999 3133 2060 3198 looi

551 3236 808 3302 contradiceione
832 3236 973 3319 quolibet
996 3256 1058 3302 non
1081 3238 1238 3303 obstante.

657 3340 730 3406 Fiat
754 3343 794 3406 de
818 3361 879 3407 uno
902 3361 983 3406 anno
1008 3348 1042 3406 et
1064 3361 1128 3406 une
1150 3341 1352 3424 quadragena
1375 3343 1407 3405 in
1431 3341 1532 3406 iorrne
1554 3341 1590 3405 R.

658 3447 738 3512 Item
762 3445 920 3530 supplicat
943 3447 1046 3511 eidem
1070 3448 1099 3512 S.
1124 3447 1162 3511 V.
1186 3446 1321 3511 devotus
1336 3446 1357 3510 s.
1374 3466 1403 3510 v.
1420 3446 1579 3524 Nicolans,
1597 3445 1736 3509 ‹leconus
1760 3444 2061 3523 Luthomerieensis,

548 3553 723 3636 Pregensis
755 3552 901 3630 diocesis,
932 3553 1048 3634 prefati
1083 3551 1199 3616 domini
1234 3552 1318 3633 regis
1352 3551 1563 3615 Romanorum
1597 3550 1762 3615 furnilieris
1796 3556 1831 3615 et
1865 3550 2060 3632 propellaris,

546 3662 710 3740 quatenns
735 3657 796 3740 ipsi
820 3658 951 3723 Nicoleo
974 3676 1096 3721 necnon
1118 3656 1233 3720 Riuino
1257 3661 1290 3720 et
1314 3655 1439 3720 Andree
1459 3656 1498 3720 de
1514 3656 1649 3737 Nesper,
1662 3658 1704 3737 (lp
1722 3656 1827 3720 devoti
1845 3656 1942 3719 vestri
1958 3656 2059 3719 erchi-

546 3762 694 3845 episcopi
717 3763 888 3844 Pragensis
911 3761 1096 3843 capellanis,
1121 3779 1159 3824 ae
1182 3760 1350 3824 duodecim
1372 3762 1527 3841 personis,
1552 3780 1631 3841 quus
1654 3760 1738 3824 idem
1754 3759 1903 3825 Nicoleus
1918 3760 2058 3824 nomina-

545 3865 644 3945 verit,
668 3866 839 3949 dignemini
863 3866 1036 3932 concedere
1060 3871 1093 3930 et
1116 3864 1290 3947 indulgere,
1314 3872 1350 3929 ut
1373 3865 1497 3946 possint
1520 3865 1720 3930 confessores
1742 3864 1872 3946 eligere,
1896 3865 1950 3946 qui
1974 3864 2060 3946 ipsos

546 3970 651 4035 semel
673 3971 706 4034 in
730 3971 865 4036 articulo
888 3971 998 4036 mortis
1022 3970 1214 4035 auctoritate
1237 3969 1267 4034 S.
1292 3969 1329 4033 V.
1354 3968 1519 4034 absolvere
1544 3970 1679 4047 ualeant,
1704 3969 1793 4032 utin
1817 3968 1925 4033 forme.

656 4074 728 4140 Fiat
750 4075 787 4141 R.
811 4076 854 4141 Et
877 4095 905 4157 q.
930 4082 952 4140 t.
977 4094 1001 4140 s.
1025 4094 1053 4139 e.
1078 4075 1098 4137 l.
1122 4073 1196 4138 Fiet
1218 4073 1255 4137 R.
1280 4074 1319 4137 D.
1343 4074 1500 4139 Aninione
1523 4073 1597 4140 XVI
1621 4073 1683 4137 kal.
1708 4074 1902 4155 Septembris
1919 4092 1946 4136 a.
1964 4092 2056 4139 nono.

657 4213 806 4268 Clementis
824 4214 862 4266 vl
880 4213 905 4268 S.
925 4214 988 4282 lxlr
1012 4220 1068 4280 (to)
1087 4214 1105 4265 f.
1127 4217 1183 4265 116.
1203 4242 1235 4250 -
1262 4213 1284 4277 ·)
1305 4211 1383 4266 deest
1383 4212 1436 4297 -in
1455 4210 1490 4278 S,
1509 4211 1599 4279 suppl.
1626 4209 1800 4295 alr-editore.
1828 4211 1851 4276 Ιι)
1879 4217 1916 4275 ,et
1942 4210 2059 4265 honora-

548 4300 626 4356 bilis‘
645 4300 735 4370 suppl.
755 4316 840 4368 supra
858 4300 883 4354 S.
912 4302 934 4367 ο)
953 4299 1109 4369 ,complere‘
1128 4298 1153 4353 S.
1187 4298 1211 4365 1¹)
1231 4297 1426 4367 ,Saloeymgen‘
1446 4297 1472 4352 S.
1501 4306 1523 4367 r)
1549 4299 1696 4365 ,Onezuen‘
1715 4296 1740 4350 S.
1769 4300 1792 4363 f)
1810 4300 1935 4365 ,tempus‘
1954 4296 1981 4351 S.

1203 4461 1409 4469 --·-———-

546 4617 673 4683 1264.
698 4616 859 4696 emnem,
883 4616 938 4697 qui
959 4616 1064 4680 devote
1086 4614 1274 4680 accesserint
1297 4614 1498 4679 adsidendo
1521 4614 1709 4678 sanctuaria
1731 4614 1819 4677 sueri
1842 4613 1979 4677 Itomom'
2002 4614 2058 4676 iuc-

540 4721 642 4806 perii,
672 4720 814 4786 videt-ieet
844 4742 941 4785 unum
971 4742 1009 4784 es
1039 4720 1149 4797 clauis,
1179 4741 1249 4783 euru
1271 4719 1383 4799 quibus
1407 4716 1555 4783 salvator
1578 4718 1749 4799 crucifixus
1772 4720 1827 4791 est,
1852 4721 1882 4780 et
1903 4715 2057 4794 lermeam,

546 4847 622 4893 eum
651 4846 715 4907 qua
749 4825 815 4889 eires
844 4825 931 4889 lotus
948 4827 1153 4908 perforatum
1174 4822 1289 4901 estitit,
1314 4828 1343 4887 et
1366 4821 1534 4886 morsellus
1558 4821 1644 4885 otius
1666 4819 1803 4885 eiusdem
1826 4819 2006 4886 Suloutoris
2029 4824 2059 4883 et

546 4930 687 4996 aliorum
708 4934 890 4993 sanctorum
912 4928 1171 5010 reliquissemus
1189 4926 1331 5003 Carolus,
1350 4928 1563 4990 Romanorum
1584 4929 1614 4987 et
1636 4924 1807 4988 Bobemr'ue
1829 4943 1896 4998 rex,
1919 4922 1976 4986 sub
1998 4944 2058 4986 suu

545 5033 693 5101 custodia
715 5038 745 5098 et
762 5037 920 5116 potestate
941 5033 1034 5096 babet
1048 5038 1078 5097 et
1093 5033 1186 5096 certis
1209 5031 1317 5096 diebus
1339 5030 1530 5095 sollemnibus
1552 5030 1630 5094 anni
1654 5028 1773 5112 popolo
1795 5028 1870 5093 illuc
1892 5027 2058 5112 confluenti

543 5139 684 5205 ostendit
705 5138 857 5203 tractemus
881 5142 911 5201 et
927 5137 1079 5220 proponit
1101 5136 1260 5200 ostendere
1281 5136 1317 5199 m
1332 5140 1495 5215 futurum,
1519 5134 1737 5212 cormeduutur,
1761 5132 1855 5197 semet
1876 5136 2001 5197 tumtum
2025 5130 2060 5195 im

546 5264 643 5321 enno,
677 5242 893 5323 indulpemtr‘ae
924 5244 1043 5323 septem
1077 5260 1232 5303 eternorum
1264 5243 1294 5302 et
1326 5244 1443 5321 septem
1481 5238 1767 5320 quadragenorum.
1815 5238 1867 5315 ,D‚
1902 5235 2059 5300 Auimione

1033 5344 1118 5407 XVI
1134 5343 1198 5407 leot.
1221 5343 1412 5425 Septembris
1437 5364 1466 5407 u.
1491 5351 1589 5407 mono!

600 5466 690 5522 ‚xm
711 5451 735 5531 ¹)
1508 5445 1669 5525 Aristone,
1692 5447 1779 5510 1350
1803 5444 1939 5526 Augusti
1960 5446 2013 5509 17.

654 5591 803 5647 Clementis
821 5590 859 5644 vl
878 5591 910 5642 Α.
929 5589 996 5656 1)le
1016 5590 1088 5657 (113)
1108 5588 1125 5641 f.
1145 5594 1178 5640 15
1197 5604 1222 5639 n.
1242 5592 1302 5653 813,
1322 5586 1491 5641 diversarum
1507 5586 1656 5640 formarum
1669 5600 1714 5653 qu.
1730 5589 1769 5651 10,
1783 5583 1892 5636 rubrica
1906 5581 1965 5636 sole
1979 5585 2056 5650 (quu-

539 5690 642 5738 temus
661 5679 779 5744 deficit);
797 5679 909 5732 litterae
928 5677 957 5730 in
976 5676 1008 5727 l‘.
1027 5682 1078 5727 ‘203
1096 5676 1115 5729 f,
1136 5677 1195 5728 178'
1216 5691 1241 5727 n.
1262 5679 1313 5726 812
1334 5673 1407 5736 (sic!)
1430 5704 1462 5712 —
1483 5675 1501 5734 ¹)
1521 5673 1605 5726 sicin
1625 5672 1740 5725 rubricis
1759 5673 1791 5723 A.

1919 5866 1952 5913 43
