5184 7050
541 870 607 938 556

541 1079 570 1142 iu
607 1077 750 1156 principe
784 1080 871 1140 tanto
906 1075 1088 1155 requiritur,
1123 1075 1208 1138 ieras
1243 1074 1282 1137 de
1317 1078 1423 1138 cetero
1455 1079 1498 1150 et,
1522 1074 1561 1137 ab
1585 1073 1747 1138 astiludiis
1772 1082 1806 1138 et
1829 1075 2040 1137 torneamenti

541 1179 721 1246 huiusmodi
745 1181 916 1255 abstinens
941 1182 985 1243 sic
1009 1179 1040 1243 iu
1065 1179 1210 1243 omnibus
1234 1179 1358 1243 actibus
1383 1185 1416 1242 et
1438 1179 1581 1259 gestibus
1604 1179 1670 1242 tuis
1693 1184 1727 1242 te
1751 1196 1883 1259 gravem
1909 1178 2040 1241 exhibeas

542 1307 577 1349 ue
602 1292 769 1361 narraturum,
794 1285 876 1364 quod
902 1284 996 1347 nichil
1021 1284 1052 1347 iu
1075 1291 1107 1347 te
1129 1289 1256 1348 notetur
1270 1284 1423 1347 indecens
1438 1281 1487 1346 vel
1505 1282 1766 1363 reprehensibile,
1785 1282 1843 1346 sed
1861 1283 2041 1365 dignitatem.

541 1391 631 1453 errius
655 1390 759 1453 fasces
781 1394 812 1452 et
836 1389 976 1469 pondera
999 1389 1147 1466 sustines
1171 1389 1312 1452 moribus
1334 1388 1466 1469 impleas
1482 1392 1514 1451 et
1529 1386 1681 1452 virtuosis
1698 1388 1826 1451 actibus
1842 1398 2040 1469 representes

543 1496 581 1559 D.
607 1495 764 1558 ,tuinione
787 1493 831 1557 Vl
857 1494 917 1556 hal.
943 1493 1055 1557 llarcii
1081 1513 1108 1557 a.
1134 1499 1233 1557 sexto.

647 1649 793 1702 l'lemeutis
812 1648 849 1701 Vl
869 1647 899 1700 V.
921 1653 965 1700 141
990 1652 1068 1703 (secr.
1088 1663 1112 1701 a.
1131 1646 1180 1711 Vl)
1200 1663 1225 1700 n.
1248 1652 1322 1701 1162.
1342 1647 1408 1701 Ere.
1429 1647 1592 1714 Werunsky,
1612 1645 1752 1715 Excerpta
1771 1662 1798 1700 n.
1818 1652 1879 1701 toa.
1900 1647 2041 1702 Huberttu

543 1744 638 1790 astron.
658 1768 691 1775 —
718 1740 741 1801 υ)
760 1752 830 1789 corr.
848 1752 881 1790 ex
896 1740 1005 1790 autem‘
1019 1735 1050 1787 V.
1079 1735 1103 1803 h)
1117 1735 1241 1803 sequitur
1256 1740 1375 1802 ,autem‘,
1389 1733 1438 1789 sed
1451 1733 1555 1787 cancell
1569 1733 1600 1787 V.
1629 1734 1905 1803 osupplsuprcv.
1935 1735 2044 1801 eppira

543 1824 584 1887 V,
604 1840 664 1878 corr
682 1824 717 1877 ab
737 1823 849 1878 editore.

1193 1941 1316 1950 --...—.-
1322 1941 1394 1948 ..-—..

543 2157 636 2223 976.
658 2155 830 2224 Julianus
853 2156 1036 2232 rncodotur,
1060 2158 1214 2235 quotenus
1242 2154 1454 2237 provisionem
1478 2154 1650 2220 Bronislao
1678 2155 1843 2237 quondam
1866 2156 1994 2220 Hearici
2018 2155 2046 2218 de

839 2262 943 2341 Pezyu
965 2279 1143 2325 concessam
1168 2259 1211 2323 od
1233 2256 1376 2343 affectum
1395 2259 1569 2342 prerducerc
1587 2263 1767 2341 promerent.

587 2399 698 2467 Gratis
720 2418 777 2482 pro
800 2400 870 2465 deo.
1525 2398 1802 2474 avinionenses
1826 2399 1947 2464 Martii
1971 2403 2013 2463 12.

645 2538 684 2604 V.
708 2537 730 2603 i.
747 2588 781 2605 ..
803 2537 955 2623 episcopo
969 2536 1229 2607 Wrotislauiensi
1254 2544 1287 2603 et
1311 2535 1361 2603 dd.
1388 2537 1417 2604 ff.
1436 2589 1468 2602 ..
1493 2539 1612 2604 decano
1636 2523 1823 2622 Opolieusis
1846 2557 1886 2603 ac
1903 2590 1910 2604 .
1930 2589 1937 2603 .
1961 2538 2048 2602 archi·

546 2642 679 2711 ancona
702 2642 936 2726 Glogouiensis,
958 2641 1233 2707 Wratislauieusis
1257 2642 1403 2721 diocesis,
1428 2642 1635 2708 ecclesiarum
1659 2661 1683 2707 s.
1700 2649 1762 2708 etc.
1787 2644 1952 2725 Exposuit
1973 2642 2049 2707 nobis

545 2744 575 2812 d.
591 2748 613 2813 f.
630 2748 825 2827 Broucilaus,
842 2751 936 2814 natus
955 2747 1114 2828 quondam
1137 2747 1267 2813 Henrici
1292 2747 1332 2810 de
1355 2747 1470 2828 Pezyn‚
1493 2766 1616 2830 pauper
1632 2748 1767 2813 clericus
1785 2747 2050 2812 Wratislauiensis

546 2850 691 2930 diocesis,
716 2853 747 2916 in
771 2859 882 2917 nostra
900 2853 1065 2934 presencia
1082 2852 1284 2930 constitutus,
1302 2851 1386 2933 quod
1402 2852 1471 2933 ipse
1488 2852 1617 2931 dudum,
1634 2853 1687 2933 qui
1703 2871 1762 2934 per
1779 2858 1890 2917 certos
1907 2853 2050 2918 examina·

544 2964 631 3020 tores
654 2976 750 3038 super
774 2958 832 3021 hoc
856 2959 1025 3039 deputatos
1049 2976 1068 3021 a
1091 2958 1182 3022 nobis
1206 2956 1245 3021 de
1268 2957 1453 3021 litteratura
1476 2958 1647 3040 diligenter
1670 2957 1874 3022 examinatus
1899 2965 1934 3022 et
1957 2958 1985 3021 iu
2004 2957 2048 3021 illa

547 3062 692 3125 iuventus
716 3063 940 3127 conuenienter
962 3062 1097 3128 idoneus
1120 3063 1226 3126 extitit
1259 3061 1300 3125 ad
1331 3045 1583 3127 ecclesiasticum
1617 3060 1808 3126 beneficium
1844 3062 2051 3127 obtinendum.

547 3187 645 3248 super
679 3167 857 3248 prm-aione.
892 3167 953 3231 sibi
986 3166 1133 3231 facienda
1167 3167 1206 3231 de
1241 3167 1347 3247 aliquo
1370 3165 1524 3231 beneficio
1549 3166 1778 3244 ecclesiastico,
1805 3168 1984 3232 secundum
2004 3184 2051 3228 sue

546 3271 715 3351 probitatis
747 3273 861 3336 merita
895 3272 1096 3352 competenti,
1131 3272 1199 3335 sine
1234 3289 1319 3348 cura,
1355 3277 1507 3336 consueto
1539 3271 1579 3335 ab
1610 3271 1684 3336 olim
1708 3271 1839 3336 clericis
1862 3271 2051 3336 secularibus

546 3376 713 3457 assignari,
737 3383 900 3458 spectante
924 3376 964 3441 ad
989 3375 1194 3441 collaciouem
1218 3377 1268 3441 vel
1301 3377 1512 3458 provisionem
1537 3396 1564 3440 v.
1589 3374 1610 3439 f.
1634 3394 1664 3438 n.
1681 3425 1714 3440 ..
1739 3377 1889 3459 episcopi
1914 3375 2051 3442 Cracoui·

546 3482 641 3558 ensis,
666 3482 691 3545 si
717 3481 800 3564 quod
826 3482 856 3546 iu
880 3482 1010 3547 civitate
1033 3481 1083 3547 vel
1107 3481 1227 3547 diocesi
1251 3479 1468 3561 Gracouiensi,
1494 3481 1547 3546 ubi
1571 3482 1675 3548 dictus
1703 3480 1843 3547 clericus
1876 3487 2050 3564 perpetuam

547 3587 741 3650 arausioucm
754 3594 779 3666 ¹)
803 3605 837 3651 se
862 3589 1000 3652 asseruit
1022 3587 1168 3669 elegisse,
1192 3593 1267 3652 tuuc
1283 3589 1428 3665 vacabat,
1446 3587 1496 3651 vel
1517 3586 1749 3669 quamprimum
1764 3587 1807 3650 ad
1824 3587 1857 3652 id
1875 3605 1912 3652 se
1928 3586 2050 3652 facultas

548 3690 685 3768 ohmrot,
720 3698 845 3757 nostras
880 3692 920 3757 ad
945 3693 996 3757 dd.
1020 3691 1051 3756 ff.
1070 3744 1100 3758 ..
1125 3693 1322 3775 prepositum
1356 3700 1438 3760 et..
1463 3694 1617 3758 decanum
1628 3690 1656 3774 b)
1690 3710 1728 3757 ac
1746 3743 1778 3756 ..
1805 3693 2050 3759 archidiaconum

547 3796 682 3860 ecclesie
707 3795 937 3876 (lraeouiensis,
961 3802 1036 3861 tuuc
1059 3815 1169 3862 eorum
1191 3797 1328 3879 propriis
1351 3798 1530 3863 nominihus
1553 3816 1615 3861 non
1631 3797 1804 3879 expressio,
1821 3797 1884 3862 sub
1900 3816 1940 3862 ea
1953 3797 2049 3862 tonna

548 3899 721 3963 secuudum
754 3918 847 3981 quam
883 3920 940 3981 pro
975 3901 1170 3983 pauperihus
1203 3901 1328 3966 clericis
1359 3900 1586 3968 beneficiandis
1616 3908 1691 3966 turno
1714 3901 1916 3983 scripsimus,
1938 3900 2049 3965 litura

548 4005 738 4085 impetravit,
763 4011 795 4069 et
818 4005 902 4086 quod
924 4005 1078 4087 predictis
1101 4006 1217 4071 litteris
1241 4007 1361 4071 eisdem
1385 4007 1557 4089 preposito,
1578 4006 1696 4071 decano
1713 4013 1746 4071 et
1762 4005 1988 4071 archidiacono
2002 4021 2048 4087 per

548 4109 650 4191 ipsum
673 4109 823 4174 clericum
845 4112 1040 4192 presentatis
1063 4111 1204 4193 ipsisque
1228 4111 1348 4193 pluries
1371 4117 1405 4175 et
1428 4112 1584 4175 instanter
1606 4110 1757 4192 legitimis
1780 4111 1980 4193 temporibus
2000 4126 2047 4189 per

549 4215 651 4295 ipsum
676 4213 824 4278 clericum
847 4215 1010 4279 humiliter
1034 4216 1205 4297 requisitis,
1230 4221 1265 4279 ut
1289 4216 1328 4280 ad
1354 4217 1576 4280 executionem
1606 4214 1785 4279 litterarum
1818 4215 1960 4296 ipsarum
1986 4231 2047 4296 pro·

550 4318 698 4381 cederent
723 4321 811 4383 iuxta
834 4321 1063 4385 (continenciam
1087 4320 1302 4401 ear·1rndem,⁰)
1334 4320 1418 4384 idem
1441 4320 1622 4401 prepositus
1645 4319 1757 4401 primo,
1782 4318 1869 4400 quod
1895 4319 1975 4384 idem
1996 4316 2046 4381 cle

547 4422 633 4485 ricus
663 4422 744 4485 rrrale
775 4422 907 4500 fecerat,
939 4425 1014 4505 quia
1045 4429 1135 4488 extra
1166 4442 1255 4489 suam
1286 4423 1438 4488 diocesim
1462 4423 1658 4503 impetrarat,
1685 4427 1718 4486 et
1740 4421 1827 4503 quod
1850 4429 1981 4505 propter
1999 4421 2045 4484 hm

549 4525 630 4588 ritule
663 4532 772 4606 posset
805 4524 980 4598 forsitanll
1014 4529 1214 4615 pertractari,
1250 4546 1287 4591 ac
1320 4527 1434 4591 deiude
1465 4527 1570 4592 dictus
1593 4526 1742 4605 decanus,
1766 4526 1853 4607 quod
1880 4528 1912 4591 in
1934 4523 2046 4608 negocio

549 4630 737 4711 provisionis
772 4629 951 4694 huiusmodi
986 4631 1054 4694 siue
1088 4631 1173 4696 dieto
1208 4631 1370 4713 preposito
1404 4650 1467 4695 non
1502 4631 1698 4713 procederet,
1733 4630 1811 4695 licet
1834 4630 1940 4695 dictus
1961 4629 2046 4695 arelri·

548 4735 699 4799 ‹liamnus
723 4742 927 4816 separatum
951 4733 1078 4799 offerret
1102 4736 1238 4800 libenter
1260 4735 1433 4817 procedere
1457 4736 1489 4800 in
1510 4737 1698 4820 provisionis
1721 4736 1854 4818 negocio
1880 4739 2045 4807 mensurato,

548 4841 729 4903 successivo
751 4840 835 4903 dicto
859 4839 974 4904 clerico
998 4840 1240 4921 responderunt.
1265 4845 1371 4917 Quare
1394 4840 1476 4904 idem
1501 4840 1644 4918 clericus,
1667 4839 1823 4920 fatigatus
1847 4840 2004 4906 laboribus
2020 4843 2046 4898 et

549 4944 707 5024 expensis,
731 4943 770 5006 ml
795 4961 851 5008 uos
874 4945 988 5009 iterato
1011 4962 1190 5024 recurrens,
1213 4946 1305 5010 nobis
1328 4945 1490 5009 humiliter
1513 4945 1713 5028 supplicavit,
1738 4950 1773 5008 ut
1799 4944 1968 5027 providere
1996 4940 2044 5006 sibi

550 5068 648 5129 super
672 5047 728 5110 hoc.
754 5056 886 5129 paterna
909 5049 1110 5115 solicitudine
1133 5050 1343 5131 dignaremur.
1390 5050 1455 5115 Nos
1487 5049 1583 5130 igitur
1605 5049 1709 5114 eidem
1733 5048 1850 5113 clerico
1875 5047 2046 5130 paternum

549 5152 606 5215 bue
644 5158 734 5231 prute
770 5155 1003 5234 cornpaeientes
1036 5153 1150 5219 affectu
1186 5174 1222 5219 ao
1256 5155 1401 5219 nolentes
1436 5153 1655 5236 imperfectum
1679 5153 1795 5232 deseri,
1819 5153 1905 5234 quod
1929 5153 1967 5217 de
1988 5153 2045 5233 ips)

550 5257 638 5319 ‹ledit
669 5258 770 5337 pietas
802 5258 953 5334 inchoari,
985 5259 1172 5324 discrecioni
1204 5266 1310 5323 vestre
1341 5277 1398 5340 per
1422 5258 1598 5341 apostolica
1621 5258 1741 5339 scripta
1763 5258 1962 5324 mandamus.
1984 5272 2046 5338 qua·

549 5369 653 5440 taurus,
674 5362 700 5425 si
718 5367 768 5425 est
784 5363 838 5440 ita,
857 5363 885 5425 in
904 5362 1084 5427 huiusmodi
1101 5364 1290 5445 provisionis
1306 5365 1437 5446 negocio
1453 5363 1644 5429 auctoritate
1667 5367 1776 5427 nostra
1800 5364 1930 5427 racione
1953 5359 2047 5443 precia

550 5466 731 5546 praecentis
766 5468 853 5531 iuxta
886 5469 1063 5548 predictam
1098 5487 1156 5549 per
1189 5484 1246 5533 nos
1279 5468 1400 5534 eisdem
1432 5468 1604 5550 preposito,
1635 5467 1756 5532 ‹lecauo
1782 5472 1817 5531 et
1839 5467 2048 5532 archidiacono

550 5572 740 5636 directarum
764 5572 994 5636 eoutiueueium
1021 5573 1208 5638 litterarum.
1256 5573 1346 5651 Quod
1370 5574 1397 5637 si
1421 5592 1481 5636 uon
1505 5590 1613 5637 omnes
1636 5571 1698 5636 hiis
1729 5572 1928 5653 exequendis
1949 5579 2049 5653 potue-

551 5676 622 5738 ritis
653 5676 817 5754 iuteresse‚
841 5684 886 5756 tu,
915 5676 1016 5742 frater
1040 5679 1199 5760 episcope,
1224 5698 1294 5744 cum
1318 5697 1427 5743 eorum
1451 5678 1552 5742 altero
1575 5696 1614 5742 ea
1636 5676 1860 5742 nichilominus
1884 5675 2069 5764 exequaris.-

552 5780 590 5845 Ι).
614 5783 772 5847 Aninione
795 5782 863 5848 1111
887 5782 927 5847 id.
952 5782 1066 5848 Marcii
1089 5803 1117 5849 a.
1142 5789 1241 5849 sexto.
