5184 7050
545 804 609 870 558

543 1010 626 1075 cioni
651 1007 826 1090 apostolice
848 1015 1061 1087 reservantes,
1085 1028 1121 1072 ac
1145 1008 1259 1073 deinde
1282 1015 1316 1073 te
1338 1008 1448 1072 lavore
1472 1008 1645 1090 apostolico
1676 1012 1915 1090 prosequentes
1947 1026 2042 1090 propo

543 1115 675 1179 situram
709 1112 843 1178 ecclesie
874 1112 1046 1177 Misnensis
1076 1117 1151 1176 tunc
1181 1118 1347 1177 siccantem
1380 1112 1490 1177 eadem
1513 1113 1704 1178 auctoritate
1727 1114 1788 1179 tibi
1811 1110 2003 1177 contulimus
2020 1118 2045 1176 et

544 1217 738 1300 providimus
749 1214 777 1298 b)
811 1218 912 1281 eciam
947 1217 987 1281 de
1021 1216 1133 1282 eadem
1168 1235 1205 1281 ac
1239 1216 1396 1281 voluimus
1430 1218 1514 1281 inter
1549 1222 1667 1293 cetera,
1698 1217 1795 1299 quod,
1828 1218 2046 1299 quamprimum

544 1323 652 1404 rigore
683 1321 862 1386 huiusmodi
892 1322 999 1404 macie
1032 1323 1063 1385 in
1088 1320 1211 1402 prelata
1234 1321 1370 1386 ecclesia
1393 1322 1545 1401 Pragensi
1568 1321 1754 1404 dignitatem
1779 1321 1832 1387 vel
1856 1328 2046 1405 personatum

544 1425 629 1491 iores
665 1426 794 1507 pacifice
830 1432 1006 1504 assecutus,
1030 1425 1145 1490 (lictum
1169 1427 1413 1508 preposituram,
1445 1444 1538 1508 quarn
1569 1431 1685 1490 extunc
1708 1444 1826 1491 vacare
1850 1426 2046 1491 decrevimus.

546 1535 641 1612 prout
656 1530 697 1594 ad
721 1531 753 1595 id
777 1531 877 1595 citiam
900 1536 933 1595 te
956 1537 1069 1612 sponte
1093 1529 1247 1608 obtulisti,
1272 1530 1432 1595 dimittere
1454 1531 1604 1608 tenearis,
1626 1535 1723 1613 prout
1739 1531 1771 1595 in
1789 1531 1932 1596 diversis
1947 1532 2047 1597 nostris

547 1634 664 1698 litteris
688 1634 760 1698 inde
792 1635 945 1698 confectis
959 1634 985 1705 ‘l
1020 1633 1144 1715 plenius
1168 1636 1357 1699 continetm·.
1404 1634 1483 1699 Cum
1506 1635 1624 1716 itaque,
1648 1635 1734 1699 sicut
1755 1634 1869 1700 oblata
1893 1637 1985 1701 nobis
2004 1644 2047 1700 tm

546 1739 663 1821 peticio
687 1737 878 1814 continebat,
902 1756 939 1801 ex
963 1736 1107 1818 predicta
1126 1740 1242 1819 gracia,
1258 1739 1316 1804 tibi
1333 1739 1365 1802 in
1382 1738 1492 1803 eadem
1509 1738 1645 1803 ecclesia
1661 1739 1816 1821 Pragensi
1833 1745 1870 1804 nt
1886 1741 2047 1824 predicitur

546 1862 603 1924 per
624 1860 682 1907 nos
704 1841 799 1918 facta,
823 1841 959 1906 nondum
982 1840 1081 1905 fueris
1104 1840 1252 1907 ellectum
1276 1842 1414 1924 aliquem
1438 1848 1627 1908 consecutus
1650 1847 1683 1907 et
1705 1843 1813 1908 eidem
1847 1845 2046 1926 prepositus

545 1948 628 2014 sicut
651 1948 681 2011 ei
704 1964 783 2011 onus
814 1946 996 2010 incumbens
1030 1951 1062 2010 et
1095 1947 1237 2011 eiusdem
1271 1947 1407 2012 ecclesie
1441 1946 1611 2012 Misnensis
1646 1949 1847 2015 consuetudo
1883 1951 2044 2031 reqnimnt¹

545 2050 742 2116 sufficienter
764 2050 884 2114 servire
907 2069 969 2114 non
993 2051 1116 2131 possis:
1151 2067 1209 2115 nos
1242 2051 1469 2132 premissorum
1504 2051 1687 2116 meritorum
1721 2057 1852 2117 tuorum
1890 2053 2003 2117 intuitu
2022 2060 2047 2115 et

547 2155 692 2220 volentes
725 2173 892 2237 personam
926 2159 1013 2218 tuam
1047 2155 1080 2218 in
1114 2153 1173 2218 bac
1206 2160 1299 2237 parte
1333 2154 1441 2219 lurore
1476 2157 1625 2236 prosequi
1660 2156 1769 2237 gracie
1805 2156 1970 2239 specialis
1991 2156 2046 2231 tibi,

548 2258 631 2340 quod
655 2258 770 2323 (lictum
794 2260 1027 2341 preposituram
1049 2277 1106 2340 pro
1130 2277 1319 2339 quocunque
1341 2258 1404 2323 alio
1427 2256 1580 2323 beneficio
1597 2259 1828 2337 ecclesiastico,
1848 2279 1922 2325 cum
1939 2260 2047 2324 canoni·

547 2369 619 2426 (cartu
643 2367 677 2427 et
698 2363 860 2444 prebenda
883 2383 919 2426 oc
943 2362 1099 2427 decanatu
1123 2363 1355 2440 olomucensis.
1379 2382 1458 2444 quos
1482 2363 1616 2440 obtines
1638 2369 1673 2426 et
1705 2364 1900 2429 canonicatu
1932 2370 1964 2429 et
1991 2383 2047 2444 pre

526 2466 652 2531 'benda
677 2486 713 2531 ac
736 2466 890 2548 dignitate
912 2466 961 2531 vel
986 2474 1157 2548 personatu
1183 2487 1239 2531 seu
1263 2466 1367 2532 officio
1391 2467 1534 2531 eiusdem
1557 2468 1727 2550 Pragensis
1743 2467 2047 2550 ecclesiarumque

549 2591 605 2636 seu
629 2590 709 2653 (quos
731 2577 787 2635 ant
810 2590 871 2653 que
895 2576 930 2636 nt
952 2571 1112 2653 prefertur
1135 2576 1294 2653 expectas,
1320 2572 1564 2653 compassibilia,
1585 2572 1749 2652 premissis
1765 2591 1805 2635 ac
1821 2573 2048 2654 quibuscunque

547 2676 749 2757 generalibus
780 2693 836 2739 seu
867 2676 1061 2758 specialibus
1093 2677 1367 2742 reservasionibus
1390 2682 1447 2740 aut
1470 2675 1753 2741 constitucionibus
1778 2677 1969 2759 apostolicis
1989 2695 2047 2741 ceu·

546 2780 654 2843 trariis
687 2798 887 2862 nequaquam
922 2781 1132 2857 obstantibus,
1158 2786 1338 2861 permutare
1372 2781 1472 2845 libere
1507 2780 1624 2858 valeas,
1655 2782 1854 2847 anctoritate
1890 2780 2047 2863 apostoliea

549 2886 660 2947 tenore
675 2884 875 2965 presencium
892 2884 1056 2948 licenciam
1071 2882 1250 2966 elargimur.
1264 2883 1352 2948 Nulli
1368 2901 1443 2965 ergo
1462 2891 1521 2949 eto.
1535 2889 1642 2948 nostre
1658 2885 1880 2951 concessionis
1895 2885 2048 2966 infringere

549 2991 609 3050 etc.
635 2987 672 3051 l).
697 2987 855 3051 Aninioue
880 2987 923 3052 Vl
947 2987 1008 3051 kal.
1034 2987 1152 3068 Aprilis
1175 3006 1202 3051 u.
1228 2992 1329 3052 sexto.

654 3115 804 3170 Clementis
823 3117 860 3171 Vl
879 3119 912 3170 Α.
930 3115 998 3183 le‘s
1017 3119 1072 3181 (97)
1092 3117 1111 3169 f.
1130 3122 1190 3184 263,
1208 3116 1242 3170 de
1261 3116 1385 3183 indultis,
1403 3117 1553 3186 privilegiis
1572 3124 1600 3171 et
1618 3117 1881 3186 dispensationibus
1900 3137 1944 3189 qu.
1960 3127 1967 3171 1
1983 3135 2010 3169 :
2022 3115 2046 3166 V.

551 3208 599 3254 rso
618 3201 635 3256 f.
657 3203 715 3256 sls'
735 3219 761 3255 n.
781 3207 840 3255 574.
859 3235 891 3242 —
906 3205 929 3270 ¹)
950 3202 1087 3271 sequitur:
1109 3201 1161 3269 ,vel
1180 3203 1364 3270 conferenda‘,
1383 3204 1432 3259 sed
1451 3204 1632 3260 cancellatum
1650 3207 1683 3258 Α.
1711 3207 1735 3273 ¹¹)
1763 3223 1836 3261 corr.
1868 3224 1903 3262 ex
1931 3203 2045 3275 ,provide-

551 3293 617 3343 ιιιιιει
636 3291 669 3343 A.
694 3294 716 3358 c)
734 3289 831 3357 ,lectis‘
851 3291 884 3344 Α.

550 3556 641 3621 980.
666 3553 810 3646 &artrusio
832 3554 870 3618 dc
893 3554 1077 3633 Subleidu,·)
1100 3555 1330 3635 coruoupuiuco
1348 3553 1463 3634 Caroli,
1481 3557 1696 3621 ltomuuorum
1718 3561 1749 3621 ct
1773 3558 1948 3623 Bobemiue
1967 3557 2043 3638 repis

544 3658 730 3740 propicietur
752 3657 797 3722 ud
816 3659 1081 3742 supplicationem
1104 3658 1243 3723 eiusdem
1264 3659 1348 3740 repis
1371 3659 1408 3723 de
1427 3661 1618 3726 ourmnicutu
1631 3665 1662 3724 et
1679 3660 1873 3744 praebenda
1888 3661 2042 3727 irreccloeio

551 3759 726 3827 fflonkrmi
747 3764 941 3829 emersus.
968 3766 1021 3839 ,D.
1045 3762 1202 3828 Auiuioue
1232 3763 1277 3827 Vl
1295 3762 1360 3828 sal.
1384 3763 1508 3846 Aprilis
1532 3785 1562 3829 o.
1585 3769 1695 3829 sexto!
1722 3766 1841 3831 lbnuu
1865 3771 1903 3830 ui
1923 3769 1956 3830 iu
1975 3788 2001 3829 a.
2019 3766 2041 3827 l.

621 3915 628 3986 Ι
657 3845 693 3984 ὲ
1524 3903 1687 3979 Asinium,
1714 3905 1805 3969 1348
1827 3904 1946 3970 Martii
1964 3906 2008 3969 27.

595 4001 637 4055 .X
662 4000 704 4057 X.

656 4089 804 4145 Clementis
824 4091 861 4144 Vl
879 4094 912 4143 Α,
932 4090 997 4160 le'l
1016 4097 1069 4154 198)
1089 4091 1106 4144 s.
1127 4095 1168 4144 55¹
1189 4108 1213 4143 ιι.
1235 4096 1274 4157 15,
1295 4091 1447 4145 litterarum
1469 4108 1537 4160 ,que
1556 4091 1667 4145 inerunt
1686 4100 1796 4160 portate
1816 4102 1882 4162 post
1903 4095 2038 4163 ligasionen

550 4175 698 4232 librornm“
719 4194 764 4246 qu.
787 4186 807 4231 1.
844 4179 874 4231 ln
894 4178 925 4231 V.
944 4179 1070 4247 quaterni
1090 4177 1245 4233 huiusmodi
1266 4177 1404 4232 deliciunt.
1425 4209 1456 4217 -
1484 4185 1507 4245 ²)
1525 4178 1642 4248 ,Sleyda‘
1661 4182 1693 4232 A.

552 4510 645 4574 981.
670 4507 791 4587 (altreio,
814 4509 882 4590 reyi
906 4511 1128 4587 romariorum,
1153 4510 1387 4573 cornrrreudatur
1410 4509 1567 4588 Alterius,
1592 4510 1705 4576 decim
1731 4513 1971 4597 Herbipoleusis.
1999 4511 2035 4580 ,ll

928 4613 1083 4678 Aturricus
1115 4612 1255 4701 Vlsicll
1278 4635 1348 4678 nou.
1373 4614 1497 4697 Aprilis
1521 4637 1551 4680 u.
1573 4620 1681 4680 secio}

1543 4728 1706 4807 Aristone,
1732 4733 1819 4796 1348
1842 4731 1962 4816 Aprilis
1981 4733 2004 4793 l.

657 4853 862 4908 ClementisVl
882 4855 978 4908 V.141
1001 4859 1080 4923 (secr.
1100 4872 1124 4911 a.
1143 4856 1191 4919 VI)
1219 4872 1245 4909 n.
1268 4863 1340 4908 1242.
1361 4887 1393 4896 -
1412 4856 1461 4909 Ed.
1483 4856 1647 4927 Wernnslry,
1666 4858 1807 4927 Excerpta
1827 4876 1853 4912 n.
1874 4866 1930 4915 196.
1963 4856 2032 4911 liubrr

555 4946 606 4993 ils
625 4957 650 4994 ll.
671 4945 730 4994 ⁶208.

553 5163 645 5227 982.
671 5159 812 5238 Carolus,
836 5183 893 5225 reu
917 5164 1141 5239 ltorrrunornru,
1168 5168 1309 5243 νομαίων,
1341 5168 1495 5244 quotenus
1526 5164 1613 5245 opud
1634 5164 1825 5243 Jobormeru,
1849 5168 1952 5231 ἀιιοαιι
1973 5166 2028 5227 sru-

552 5264 691 5339 lumtiue,
707 5266 762 5345 qui
783 5266 933 5348 oppidum
948 5266 1060 5330 Sancti
1079 5267 1234 5330 Trudorris
1255 5270 1441 5349 occupatum
1456 5271 1547 5341 tenet,
1564 5267 1749 5345 intercedat,
1765 5274 1802 5332 ut
1815 5270 1900 5334 mem
1912 5266 2027 5353 oppda

550 5368 698 5432 aedessae
721 5369 886 5433 Laodicrrsi
915 5370 1074 5434 restituor.
1121 5372 1173 5449 ,l).
1197 5375 1232 5434 ut
1253 5393 1278 5434 s.
1304 5369 1478 5456 [Asiciano
1507 5373 1581 5435 llll
1598 5391 1668 5435 uon.
1693 5372 1820 5455 Aprilis
1845 5397 1875 5439 a.
1898 5366 2025 5457 maioli

1544 5484 1710 5562 Asinione,
1735 5488 1821 5553 1348
1843 5487 1958 5572 Apriles
1974 5491 1997 5548 ¹2.

659 5610 806 5663 (lenientis
826 5610 862 5663 Vl
882 5609 913 5664 V.
935 5619 979 5664 141
1003 5621 1081 5676 (socr.
1102 5629 1125 5664 a.
1146 5612 1194 5677 Vl)
1213 5629 1238 5664 n.
1261 5620 1334 5665 1245.
1356 5645 1386 5652 -
1409 5614 1456 5667 llo.
1477 5614 1642 5683 Werunslry,
1668 5613 1809 5684 llxcerpta
1827 5632 1853 5669 n.
1875 5623 1927 5670 195.
1958 5609 2022 5663 llll*r

557 5704 605 5751 tls
626 5715 650 5750 u.
671 5703 728 5752 207.
748 5728 780 5736 -
802 5699 821 5764 ¹)
842 5699 917 5752 utin
938 5700 967 5752 Υ.
989 5706 1034 5754 141
1057 5717 1082 5753 n.
1105 5706 1178 5753 1244.
