5184 7050
542 853 689 919 502..

542 1079 613 1126 cum
633 1060 721 1143 ipsos
742 1078 801 1143 per
822 1058 1058 1124 assecucionem
1088 1057 1221 1141 pacifice
1252 1058 1466 1142 possessionis
1497 1059 1653 1125 dictorum
1684 1060 1898 1128 canonicatus
1928 1064 1962 1125 et
1989 1080 2055 1144 pre

543 1164 645 1230 bonde
668 1164 803 1230 ecclesie
825 1163 1098 1229 Wratislauiensis
1122 1162 1245 1245 prelato
1268 1181 1327 1246 per
1349 1163 1469 1228 dictum
1491 1163 1651 1229 domiuum
1669 1163 1853 1230 Johannem
1876 1164 2053 1230 faciendam

543 1270 595 1335 vel
618 1269 699 1334 alias
721 1271 832 1351 quovis
854 1269 957 1347 modo,
981 1273 1183 1351 preterquam
1211 1286 1271 1349 per
1301 1268 1402 1349 ipsius
1432 1268 1563 1347 obitum,
1593 1287 1709 1334 vacare
1738 1270 1924 1351 contigerit,
1953 1269 2056 1334 conie-

543 1373 659 1439 reudos
695 1374 800 1439 eidem
829 1372 968 1438 Johanui
999 1371 1192 1437 llzetzkonis
1223 1390 1293 1436 cum
1324 1371 1524 1453 plenitudine
1553 1373 1633 1437 iuris
1665 1374 1808 1438 canonici
1846 1393 1885 1436 ac
1916 1374 2057 1438 omuibus

544 1477 666 1543 iuribus
690 1482 723 1542 et
745 1477 949 1560 pertinenciis
972 1477 1038 1541 suis
1062 1494 1185 1540 exnunc
1210 1475 1377 1540 donaciani
1394 1477 1569 1558 apostolice
1592 1477 1765 1560 dignemini
1785 1496 1968 1556 reservare,
1994 1497 2054 1543 cun

545 1581 745 1660 iuhibiciouc,
770 1583 898 1647 decreto
922 1587 981 1646 etc.
1007 1584 1039 1644 et
1069 1581 1213 1645 omnibus
1246 1580 1318 1646 aliis
1348 1599 1409 1644 uon
1434 1580 1636 1646 obstantibus
1659 1585 1693 1645 et
1715 1581 1873 1645 clausulis
1895 1585 2055 1663 oportunis

544 1691 577 1751 et
605 1687 839 1766 executoribus,
868 1706 931 1751 uon
960 1686 1117 1762 obstante,
1149 1684 1233 1766 quod
1264 1685 1294 1750 S.
1328 1686 1364 1750 V.
1397 1684 1501 1749 eidem
1532 1685 1671 1750 Johanni
1706 1686 1883 1768 specialem
1919 1689 2053 1768 graciam

545 1790 659 1856 iecerit
681 1790 720 1855 de
743 1792 928 1855 canonicatu
958 1791 1016 1854 sub
1048 1789 1273 1871 expectacione
1305 1789 1467 1870 prebende
1498 1790 1529 1853 iu
1560 1790 1645 1855 dicta
1680 1790 1819 1856 ecclesia
1845 1790 2056 1867 Cracouiensi,

547 1895 598 1959 cui
622 1895 838 1978 expectacioui
860 1898 991 1976 paratus
1021 1900 1072 1959 est
1101 1894 1300 1970 renunciare,
1333 1911 1404 1957 cum
1440 1891 1604 1974 pacificam
1636 1895 1877 1976 possessionem
1908 1893 2055 1958 dictorum

548 1999 752 2064 canonicatus
774 2005 807 2065 ct
829 1998 1000 2081 prebende,
1032 2015 1110 2079 quos
1143 2001 1178 2061 ut
1208 1997 1406 2077 premittitur
1436 1997 1540 2062 dictus
1573 1998 1718 2062 domiuus
1745 1998 1918 2063 lohannes
1941 2000 1974 2062 iu
1998 2000 2056 2080 ipsa

547 2101 684 2167 ecclesia
708 2102 913 2168 Cracouiensi
936 2101 1068 2179 obtinet,
1094 2101 1191 2165 luerit
1213 2099 1356 2183 plenarie
1381 2106 1556 2165 assecutus.

651 2206 722 2270 Fiat
743 2206 780 2270 n.
816 2207 859 2270 Et
882 2224 911 2286 q.
936 2211 958 2268 t.
983 2223 1008 2268 s.
1031 2224 1059 2268 a.
1083 2204 1103 2268 l.
1139 2204 1210 2269 liat
1233 2203 1269 2268 R.
1307 2205 1345 2269 D.
1370 2205 1528 2269 Auiuioue
1552 2206 1583 2270 ll
1607 2206 1649 2270 id.
1674 2205 1789 2270 Marcii
1814 2225 1845 2269 a.
1871 2207 1993 2287 quinto.

653 2376 802 2431 Clementis
821 2376 904 2430 VIS.
923 2375 972 2446 Vll
994 2377 1049 2445 (10)
1074 2376 1092 2429 f.
1115 2382 1170 2428 112.

552 2849 640 2916 aas.
664 2847 808 2914 nonanis
830 2846 1019 2911 ominans
1040 2846 1079 2934 ae
1102 2846 1244 2923 aaaron,
1271 2827 1342 2929 'quc
1373 2851 1409 2910 e
1439 2847 1564 2925 assera
1595 2846 1736 2912 Arnon
1765 2846 1805 2910 a
1837 2848 2051 2925 camoenae

550 2955 586 3019 in
606 2953 712 3034 reyna's
740 2952 903 3033 Unpmiac
933 2971 971 3016 oc
1001 2950 1151 3015 Potoni-ae
1179 2951 1264 3015 sedis
1295 2950 1486 3034 ‹rpostolieue
1516 2951 1629 3025 nuntii,
1660 2951 1810 3016 notarius
1834 2951 2050 3032 etfamiliaris

551 3055 669 3137 existit,
692 3059 894 3121 reservantur
917 3055 1123 3121 canonicatus
1153 3059 1183 3119 et
1207 3054 1402 3138 praebenda,
1434 3055 1488 3136 qni
1514 3054 1549 3119 in
1571 3053 1698 3119 ecclesia
1724 3054 1932 3121 Cruces-iensi
1952 3077 2050 3121 nccare

552 3164 733 3244 sperantur,
756 3180 818 3225 non
841 3159 983 3224 obstante
1004 3163 1040 3222 nt
1061 3160 1096 3223 in
1118 3180 1203 3224 nem.
1226 3161 1301 3237 857,
1325 3160 1373 3224 ita
1395 3164 1510 3233 tuanen,
1534 3163 1571 3221 nt
1592 3159 1727 3233 litterae,
1746 3181 1811 3241 per
1835 3181 1919 3241 quas
1940 3160 2048 3225 cunoni·

553 3270 662 3331 cattam
684 3266 741 3330 stab
764 3266 977 3348 expectatione
1005 3264 1207 3348 praebendae
1229 3265 1263 3328 in
1286 3264 1394 3328 eadent
1428 3264 1560 3329 ccclesia
1584 3263 1708 3342 obtinet,
1739 3270 1918 3348 postquam
1940 3264 2048 3330 cunon-

553 3374 658 3435 cotnm
681 3373 712 3433 et
727 3369 946 3453 praebendam
964 3368 1147 3453 praedictos
1165 3368 1301 3452 pacifice
1316 3373 1480 3433 irascentes
1495 3369 1606 3446 faerit,
1625 3369 1743 3433 nullius
1766 3369 1893 3434 roboris
1916 3370 2045 3433 existam

553 3475 606 3551 ,D.
630 3472 787 3539 Aninione
820 3475 859 3538 ΙΙ
883 3473 927 3537 id.
959 3473 1076 3539 Martii
1104 3494 1133 3539 c.
1165 3473 1295 3555 quinto}
1329 3511 1372 3520 —
1410 3477 1447 3539 ln
1476 3497 1499 3538 c.
1532 3495 1572 3538 nc.
1603 3475 1746 3557 episeopo
1779 3472 2047 3559 (brpcntorncemi

552 3584 583 3644 et
606 3579 715 3644 abbati
737 3578 923 3643 monasterii
944 3578 982 3641 dc
1005 3578 1127 3658 Mopilc
1158 3599 1197 3643 uc
1219 3580 1403 3662 praeposito
1432 3578 1578 3643 eccles-iae
1608 3578 1892 3654 Scrcdonririensis,
1926 3578 2045 3646 (lucon-

657 3737 694 3752 -
991 3683 1075 3747 ensis
1098 3682 1240 3748 diocesia.
1265 3684 1380 3748 norom
1404 3688 1439 3746 nt
1462 3684 1496 3748 in
1518 3705 1547 3747 n.
1571 3687 1623 3748 11.

598 3840 642 3926 «ἱ
658 3838 703 3928 ἱ
1532 3822 1693 3897 Aninione,
1716 3825 1806 3889 1347
1831 3825 1948 3889 Meno
1967 3825 2010 3888 ll.

660 3993 809 4048 Clementis
827 3993 865 4046 Vl
883 3991 1098 4059 A.Vl6(90li.
1120 3998 1292 4059 1531166,
1321 3993 1355 4047 de
1378 3993 1544 4062 praebendis
1572 3994 1710 4048 vacaturis
1729 4010 1774 4062 qu.
1795 3991 2042 4049 tzvdtitasl'

556 4097 582 4135 u.
603 4085 654 4134 164
673 4080 758 4149 (sici).
795 4110 827 4119 -
856 4084 878 4144 ⁸)
897 4079 1035 4146 ,Caucina‘
1054 4082 1086 4132 Α.

672 4533 763 4600 859.
788 4530 909 4611 Coreto,
932 4531 999 4612 repi
1023 4533 1246 4612 Romanorum,
1272 4532 1431 4599 Geruldns
1454 4536 1492 4599 de
1516 4537 1672 4616 Mcpncco
1694 4534 1940 4599 commendatur.

1534 4690 1696 4764 Auinione,
1720 4691 1807 4754 1347
1832 4691 1948 4755 ,tronis
1966 4689 2007 4752 19.

662 4845 697 4910 0.
720 4846 753 4910 in
777 4844 833 4910 Ch.
857 4844 877 4909 i.
903 4843 1024 4923 Carolo,
1048 4846 1115 4928 regi
1140 4846 1348 4911 Rornanorum
1373 4847 1498 4911 illustri.
1531 4848 1624 4925 Ecce,
1659 4845 1703 4909 iili
1727 4847 1903 4924 carissime,
1926 4843 1997 4927 quod
2015 4839 2034 4902 d-

559 4951 580 5016 f.
605 4949 777 5016 Geraldum
800 4949 839 5013 de
863 4948 1026 5031 Magnana,
1057 4950 1312 5015 archidiaconum
1343 4952 1382 5015 de
1412 4951 1554 5017 Baltesio
1584 4952 1614 5014 in
1646 4949 1782 5015 ecelesia
1815 4944 2036 5016 Constarrciensi,

559 5054 923 5136 capellanumnostrum
945 5060 1098 5135 tuumque
1130 5055 1353 5134 consiliarium,
1386 5055 1426 5118 ad
1449 5062 1503 5119 tue
1527 5055 1725 5120 celsitudinis
1749 5057 1947 5135 presenciam
1968 5065 2036 5131 snper

560 5158 657 5224 certis
679 5157 818 5240 negociis
841 5156 1048 5235 destinantes,
1072 5158 1184 5236 eidem,
1209 5159 1248 5223 de
1272 5160 1362 5223 cuius
1385 5159 1540 5223 fidelitate
1572 5180 1609 5225 ac
1632 5161 1922 5241 circumspeccione
1942 5157 2035 5241 plausu

559 5263 698 5346 gerimus
722 5259 877 5339 fiduciam,
908 5261 1043 5342 quedam
1073 5261 1280 5343 imposuimus
1311 5263 1497 5343 specialiter
1525 5270 1580 5327 tue
1610 5261 1851 5345 magnificencie
1884 5263 1964 5345 regie
1989 5259 2036 5321 rin

559 5367 647 5431 vocis
670 5365 798 5429 oraculo
821 5364 974 5429 seriosius
996 5365 1193 5446 explicanda,
1210 5385 1308 5448 super
1331 5368 1445 5448 quibus
1469 5368 1530 5432 sibi
1546 5387 1564 5432 a
1580 5372 1611 5431 te
1635 5366 1729 5431 iidem
1751 5367 1893 5448 petimus
1908 5362 2035 5432 credulan

561 5469 715 5534 adhiberi.
752 5470 791 5533 Ι).
814 5469 972 5533 Aninione
995 5470 1093 5535 Xllll
1118 5470 1181 5534 kal.
1205 5471 1326 5552 Aprilis
1349 5491 1376 5535 a.
1401 5473 1520 5553 quinto.

665 5623 815 5677 Clementis
833 5623 871 5676 vl
887 5624 919 5677 V.
940 5630 989 5677 140
1008 5629 1086 5690 (scer.
1106 5640 1130 5679 a.
1149 5625 1184 5690 V)
1202 5625 1221 5679 t.
1239 5626 1299 5678 245'
1319 5642 1345 5679 u.
1367 5630 1440 5680 1069.
1460 5657 1493 5665 -
1512 5625 1563 5680 Ed.
1583 5625 1749 5695 Werunslry,
1773 5643 1799 5680 n.
1829 5632 1886 5681 142.
1905 5626 1990 5680 lluber
2004 5617 2036 5671 iii

562 5727 589 5764 ιι.
611 5716 667 5765 192.
