5184 7050
1869 880 1929 946 187

422 1091 682 1150 consuetudinibus
693 1082 721 1166 1’)
756 1091 956 1164 ecclesiarum,
980 1091 1009 1148 in
1041 1090 1146 1163 quibos
1178 1089 1335 1162 dignitates
1363 1095 1391 1148 et
1414 1097 1589 1163 personatus
1612 1091 1777 1150 huiusmodi
1801 1092 1926 1152 forsitan

419 1194 539 1268 luerint,
575 1194 743 1266 contrariis,
777 1194 952 1266 iuramento,
988 1193 1211 1252 confirmacione
1245 1195 1409 1266 apostolica
1437 1196 1482 1253 vel
1514 1212 1685 1268 quacunque
1709 1194 1846 1255 firmitate
1869 1199 1927 1255 alia

418 1298 579 1372 roboratis,
601 1304 653 1356 ant
676 1297 701 1355 si
725 1297 815 1370 aliqui
839 1314 928 1369 super
950 1297 1170 1370 provisionibus
1193 1297 1250 1355 sibi
1273 1296 1416 1357 iaciendis
1440 1300 1475 1356 de
1498 1300 1631 1358 ecclesiis
1653 1304 1705 1358 aut
1735 1301 1927 1374 dignitatibus

417 1402 462 1460 vel
484 1402 693 1475 personatibus
724 1402 890 1459 huiusmodi
920 1402 966 1459 vel
992 1401 1059 1458 aliis
1082 1399 1232 1459 beneficiis
1255 1402 1466 1461 ecelesiasticis
1488 1403 1518 1460 in
1542 1403 1601 1462 illis
1624 1404 1759 1476 partibus
1783 1406 1926 1478 speciales

416 1507 461 1564 vel
484 1507 636 1580 generales
659 1505 823 1578 apostolice
846 1505 925 1562 sedis
947 1506 994 1562 vel
1016 1505 1179 1578 legatorum
1202 1505 1264 1563 eius
1287 1507 1404 1565 litteras
1427 1507 1622 1583 impetrarint,
1646 1508 1738 1566 eciam
1762 1510 1788 1567 si
1808 1527 1860 1581 per
1876 1528 1925 1569 eas

416 1612 452 1669 ad
486 1610 706 1684 inbibicionem,
742 1608 974 1668 reservacionem
1008 1612 1038 1666 et
1073 1609 1222 1666 decretum
1255 1610 1301 1667 vel
1334 1610 1408 1668 alias
1442 1612 1660 1683 quomodolibet
1683 1613 1722 1671 sit
1744 1630 1924 1686 processum,

417 1714 522 1786 quibus
546 1713 681 1773 omuibus
705 1713 829 1771 clericos
852 1717 882 1769 ct
904 1728 1047 1785 personas
1070 1712 1186 1770 eosdem
1209 1713 1239 1771 in
1262 1716 1450 1773 assecucione
1474 1716 1674 1791 ecclesiarum,
1699 1717 1873 1790 dignitatum
1895 1723 1925 1776 et

418 1824 626 1890 personatuum
649 1817 814 1875 huiusmodi
838 1817 970 1874 volumus
993 1815 1146 1891 anteferri,
1167 1818 1218 1874 sed
1241 1819 1351 1876 nullum
1373 1837 1426 1892 per
1450 1820 1504 1878 hoc
1528 1820 1570 1878 eis
1594 1821 1689 1892 quoad
1706 1822 1923 1881 assecucionem

418 1923 618 1996 ecclesiarum,
634 1922 818 1996 dignitatum,
834 1927 1043 1994 personatuum
1060 1925 1089 1979 et
1112 1919 1320 1979 beneficiorum
1341 1923 1464 1981 aliorum
1488 1924 1680 1997 preludicium
1703 1925 1848 2000 generari,
1871 1943 1923 1985 seu

420 2026 443 2085 si
459 2027 599 2101 episcopo
614 2025 768 2100 Pragensi,
785 2025 834 2099 qui
850 2031 896 2084 est
911 2043 965 2098 pro
988 2029 1129 2098 ternpore,
1145 2030 1175 2082 et
1191 2025 1309 2083 dilectis
1325 2025 1393 2084 filiis
1410 2028 1546 2100 capitulis
1563 2029 1706 2087 dictarum
1722 2029 1922 2105 ecelesiarum,

416 2131 442 2188 in
465 2130 573 2204 quibus
596 2131 755 2204 dignitates
779 2136 809 2187 et
832 2134 1008 2202 personatus
1031 2129 1196 2187 huiusmodi
1219 2128 1344 2189 forsitan
1369 2129 1489 2205 inerint,
1512 2133 1558 2190 vel
1581 2132 1732 2205 quibusvis
1755 2134 1822 2192 aliis
1844 2151 1921 2192 com-

416 2234 541 2293 muniter
564 2235 609 2293 vel
633 2234 747 2292 divisim
770 2235 808 2292 ab
831 2233 931 2291 eadem
955 2233 994 2289 sit
1017 2233 1085 2291 sede
1108 2233 1262 2308 indultum,
1278 2235 1357 2307 quod
1371 2236 1409 2292 ad
1428 2236 1629 2309 recepcionem
1653 2237 1697 2294 vel
1722 2237 1918 2309 provisionem

414 2341 538 2399 alicuius
560 2339 678 2398 minime
701 2346 857 2398 teneantur
880 2340 969 2396 etad
992 2338 1021 2396 id
1045 2338 1190 2412 compelli,
1213 2343 1264 2395 aut
1287 2339 1364 2410 qnod
1387 2339 1534 2413 interdici,
1559 2340 1697 2414 suspendi
1728 2342 1773 2399 vel
1807 2358 1922 2400 excom·

414 2446 556 2503 municari
579 2461 637 2503 non
660 2444 785 2517 possint,
799 2445 844 2500 vel
867 2443 943 2516 equod
968 2443 1003 2499 de
1026 2442 1161 2499 eccclesiis
1183 2459 1217 2498 ac
1241 2443 1433 2516 dignitatibus
1456 2449 1508 2501 aut
1530 2444 1738 2517 personatibus
1753 2445 1920 2504 huiusmodi

413 2549 456 2606 rel
479 2540 548 2607 aliis
577 2547 726 2606 beneficiis
757 2547 977 2620 ecclesiasticis,
1007 2548 1044 2603 ad
1076 2563 1176 2604 corum
1207 2547 1397 2605 collacioncm
1426 2548 1471 2606 vel
1502 2549 1699 2621 provisionem
1726 2567 1778 2607 seu
1801 2566 1921 2622 presen-

412 2654 557 2713 taeionem
584 2658 636 2712 aut
659 2669 859 2727 quamcunque
888 2652 974 2710 aliam
1006 2651 1232 2723 disposicionem
1255 2650 1432 2709 coniunctim
1456 2653 1501 2710 vel
1525 2653 1683 2725 separatim
1706 2653 1920 2728 spectantibus,

411 2759 484 2816 nulli
514 2759 612 2817 valeat
641 2757 790 2831 provideri
821 2774 873 2830 per
904 2756 1020 2814 litteras
1050 2755 1229 2828 apostolicas
1259 2772 1317 2813 non
1340 2754 1483 2814 iacientes
1506 2758 1620 2830 plenam
1643 2762 1672 2815 et
1695 2775 1863 2831 expressam
1885 2775 1921 2816 ac

411 2863 446 2922 de
480 2864 573 2922 verbo
606 2863 643 2920 ad
676 2862 796 2920 verbum
831 2862 866 2918 dc
900 2860 1012 2918 indulto
1044 2859 1209 2917 huiusmodi
1239 2859 1430 2935 mencionem,
1455 2866 1484 2918 et
1506 2861 1636 2933 qualibet
1658 2862 1716 2920 alia
1739 2862 1817 2921 dicte
1842 2862 1920 2920 sedis

409 2967 598 3041 indulgencia
620 2967 750 3040 generali
765 2967 811 3024 vel
827 2964 957 3038 speciali,
981 2963 1179 3035 cuiuscunque
1203 2964 1315 3022 tenoris
1339 2965 1456 3039 existat,
1479 2983 1633 3038 perquam
1656 2966 1843 3039 presentibus
1858 2984 1916 3025 non

410 3089 581 3147 expressam
613 3073 659 3130 vel
690 3071 822 3128 totaliter
846 3087 902 3127 non
927 3069 1066 3126 insertam
1090 3067 1211 3125 effeetus
1234 3085 1333 3125 aarum
1357 3068 1491 3141 impediri
1515 3071 1611 3128 valcat
1632 3071 1853 3142 quomodolibet
1874 3072 1920 3129 vel

410 3177 535 3251 differri,
552 3177 632 3234 etde
655 3193 713 3248 qua
736 3176 876 3246 cuiusque
899 3178 962 3231 toto
985 3178 1087 3231 tenore
1110 3171 1245 3229 habenda
1268 3171 1307 3229 sit
1330 3172 1360 3229 in
1383 3173 1493 3231 nostris
1516 3174 1624 3231 litteris
1641 3175 1752 3232 rncncio
1769 3175 1917 3249 specialis,

409 3287 462 3339 aut
486 3282 512 3338 si
535 3280 636 3339 clerici
660 3285 689 3338 et
711 3297 835 3354 persone
858 3277 984 3351 predicti
1007 3283 1161 3350 presentes
1183 3294 1240 3334 uon
1265 3275 1376 3334 luerint
1398 3277 1434 3334 ad
1458 3280 1646 3351 prestandum
1670 3280 1706 3336 de
1729 3279 1919 3338 observandis

410 3386 533 3444 statutis
567 3390 598 3442 et
632 3384 892 3443 consuetudinibus
926 3382 1070 3440 dictarum
1106 3381 1306 3455 ecelesiarum,
1329 3383 1359 3438 in
1383 3382 1488 3454 quibus
1512 3383 1669 3456 dignitates
1693 3387 1722 3440 et
1744 3388 1918 3456 personatus

410 3490 580 3549 huiusmodi
604 3488 714 3548 luerint
738 3495 769 3547 ut
790 3486 950 3562 prefertur,
974 3487 1091 3544 solitum
1126 3485 1329 3561 iuramentum,
1353 3486 1506 3545 dummodo
1529 3485 1559 3544 in
1582 3504 1682 3545 eorum
1704 3487 1844 3546 absencia
1866 3505 1920 3562 per

409 3601 621 3668 procuratores
644 3595 766 3652 idoneos
790 3599 829 3667 et,
853 3610 916 3650 curn
939 3593 976 3650 ad
1000 3590 1140 3649 ecclesias
1162 3592 1243 3664 ipsas
1265 3592 1456 3665 accesserint,
1477 3591 1672 3664 corporaliter
1688 3592 1760 3649 illud
1776 3597 1918 3667 prestent,

411 3692 538 3773 plenam
561 3699 594 3756 et
615 3691 746 3756 liberam
770 3690 969 3755 concedimus
991 3695 1102 3753 tenore
1133 3689 1333 3771 presencium
1363 3688 1556 3768 facultatem,
1587 3689 1745 3753 atteucius
1760 3690 1784 3772 ⁰)
1815 3691 1919 3772 provi-

411 3816 516 3876 surus,
539 3796 623 3879 quod
646 3797 686 3859 de
709 3796 840 3877 singulis
863 3794 1156 3875 composicionibuS,
1180 3813 1258 3874 quas
1281 3811 1379 3874 super
1400 3793 1555 3858 fructibus
1578 3793 1746 3858 antedictis
1769 3814 1839 3859 cum
1855 3794 1918 3859 cle·
1960 3777 1962 3782 ¹

411 3901 485 3966 ricis
509 3907 542 3965 et
564 3901 709 3983 personis
732 3900 852 3964 eisdem
874 3903 909 3963 tu
933 3898 1017 3962 (licto
1041 3897 1211 3962 collectore
1233 3916 1290 3963 seu
1313 3898 1427 3962 nuncio
1450 3903 1557 3962 nostro
1580 3898 1637 3962 tibi
1662 3903 1697 3961 ut
1723 3899 1919 3980 premittitur

412 4006 582 4070 assistente
616 4006 787 4087 peregeris,
811 4023 867 4086 pro
902 4003 1026 4067 cautela
1058 4002 1143 4066 dicte
1176 4020 1302 4067 cancere
1336 3999 1404 4067 lieri
1438 4001 1537 4067 facias
1560 4001 1721 4084 duplicata
1744 4002 1919 4068 consimilia

413 4110 539 4191 publica
566 4110 784 4187 instrumenta,
815 4113 848 4172 et
877 4107 960 4189 quod
991 4126 1030 4170 ex
1062 4107 1138 4188 ipsis
1165 4105 1296 4188 singulis
1320 4106 1489 4189 duplicatis
1512 4125 1573 4170 uno
1597 4125 1695 4188 poenes
1717 4110 1750 4171 te
1774 4125 1829 4171 seu
1854 4108 1917 4172 col-

412 4214 563 4279 lectorem
585 4214 762 4297 predictum
783 4218 907 4278 retento
931 4212 1087 4293 reliquum
1110 4230 1167 4292 per
1181 4217 1214 4274 te
1229 4210 1280 4275 vel
1296 4210 1498 4275 collectorem
1520 4211 1697 4292 predictum
1720 4211 1759 4275 ad
1783 4212 1915 4276 eandem

413 4338 567 4383 cameram
590 4319 776 4401 quantocius
798 4317 984 4382 destinetur.
1007 4324 1068 4381 Nos
1092 4322 1169 4379 enirn
1192 4322 1309 4380 irritum
1325 4322 1507 4380 decernimus
1523 4326 1552 4380 et
1568 4323 1665 4395 inane,
1682 4322 1706 4379 si
1728 4339 1812 4380 secus
1828 4341 1916 4397 super

414 4430 470 4489 biis
492 4448 546 4504 per
568 4447 756 4503 quoscunque
778 4429 880 4501 quavis
903 4428 1080 4486 auctoritate
1103 4426 1231 4484 scienter
1260 4427 1306 4483 vel
1339 4427 1512 4500 ignoranter
1546 4427 1704 4500 contigerit
1736 4428 1916 4501 attemptari.

415 4528 451 4593 l).
475 4528 632 4594 nuinione
656 4527 706 4594 ΙΙΙ
729 4525 790 4590 kal.
814 4526 979 4590 Februarii
1002 4545 1029 4590 a.
1054 4522 1202 4588 secundo.

514 4822 661 4877 elementis
685 4820 723 4875 vt
741 4823 765 4874 Α
784 4820 839 4889 Ille
859 4825 916 4890 (76)
934 4819 953 4874 i.
972 4825 1031 4885 341,
1049 4817 1202 4872 litterarum
1220 4816 1402 4871 communium
1416 4833 1460 4886 qu.
1475 4824 1486 4870 l
1502 4835 1535 4869 ε
1548 4817 1579 4872 V.
1596 4823 1643 4872 159
1657 4816 1675 4871 f.
1688 4824 1739 4871 tto
1751 4835 1777 4872 n.
1794 4821 1869 4872 1817.
1884 4850 1916 4858 -

416 4908 579 4978 Excerptum
607 4907 679 4978 apud
705 4908 870 4978 Werunsky,
895 4908 1033 4976 Excerpta
1051 4923 1078 4959 n.
1096 4911 1138 4971 ll,
1157 4904 1242 4958 Rlibl.
1262 4905 1300 4958 IV
1324 4911 1498 4960 u.13‘ll.-
1525 4911 1548 4972 ¹)
1567 4922 1636 4961 corr.
1655 4923 1689 4961 ex
1708 4910 1752 4973 ,et‘
1771 4909 1805 4961 Α.
1832 4908 1856 4974 b)
1876 4924 1916 4963 se·

414 4998 504 5065 quitur
528 4996 698 5062 ,contrariis‘,
723 5012 776 5049 non
799 4995 978 5050 cancellatum
996 4998 1039 5058 A,
1058 5008 1126 5046 corr.
1146 4991 1179 5044 ab
1199 4991 1314 5046 editore.
1341 5003 1363 5056 ο)
1381 4993 1533 5059 ,artensius‘
1553 4994 1585 5046 A.
