5184 7050
1862 879 1924 946 341

416 1091 492 1149 tunc
516 1083 658 1162 vacabat,
682 1080 731 1146 vel
756 1099 826 1146 curm
851 1086 977 1144 vacaret
1001 1080 1031 1143 iu
1056 1079 1183 1143 civitate
1207 1077 1256 1142 vel
1280 1079 1397 1144 ‹liocrrsi
1426 1080 1587 1161 Pragcnsi,
1618 1098 1711 1161 quam
1742 1103 1799 1150 serr
1830 1106 1923 1169 quem

414 1189 466 1254 vel
490 1189 576 1271 qnod
597 1195 632 1253 tu
657 1206 715 1268 per
737 1192 769 1249 te
794 1184 843 1248 vel
866 1192 1103 1266 procuratorem
1126 1190 1225 1260 tumn,
1250 1184 1291 1247 ad
1325 1183 1384 1247 lroc
1418 1182 1558 1266 legitime
1593 1190 1808 1269 coustitutum,
1842 1192 1925 1258 inira

417 1294 511 1358 unius
525 1294 641 1357 mensis
653 1291 805 1373 spacium,
816 1296 981 1370 postquam
994 1289 1051 1352 tibi
1064 1286 1114 1352 vel
1126 1287 1229 1352 eidem
1245 1289 1442 1370 procuratori
1456 1290 1583 1354 varacio
1600 1290 1684 1356 illius
1700 1294 1921 1375 innotesceret,

415 1399 552 1463 duceres
583 1395 808 1478 acceptandam
838 1412 896 1457 seu
926 1391 1164 1473 acceptandum,
1195 1391 1419 1456 conferendum
1450 1392 1499 1456 vel
1527 1394 1749 1462 conferendam
1770 1401 1829 1464 tibi
1852 1406 1925 1483 post

414 1500 671 1585 acceptacion'em
693 1498 868 1582 predictam
891 1516 962 1561 cum
985 1497 1128 1561 erunibus
1152 1496 1273 1559 iuribus
1297 1500 1331 1560 et
1351 1497 1558 1578 pertinenciis
1581 1500 1648 1563 suis
1668 1501 1832 1567 donacioni
1848 1523 1925 1585 apo-

415 1607 529 1671 stolice
560 1604 801 1679 reservavimus,
833 1621 894 1666 uon
929 1602 1075 1665 obstante
1098 1601 1181 1665 inter
1203 1600 1276 1679 alia,
1301 1600 1385 1681 quod
1408 1601 1440 1663 in
1463 1602 1615 1683 Progensi
1639 1611 1672 1668 et
1695 1607 1726 1670 in
1749 1607 1926 1691 Wissegra-

416 1712 519 1789 densi,
543 1708 711 1790 Progensis
745 1706 891 1785 diocesin,
915 1705 1059 1770 ecclesiis
1091 1711 1123 1768 et
1146 1705 1178 1768 in
1202 1702 1327 1785 capella
1350 1703 1498 1770 Omnium
1521 1707 1707 1775 Sanctorum
1731 1713 1827 1775 castri
1849 1713 1923 1778 Pra-

414 1817 525 1900 gensis
556 1813 757 1879 canonicatus
787 1816 820 1875 et
850 1810 1027 1892 prebendas
1057 1810 1232 1888 obtinebas,
1262 1813 1358 1891 prout
1389 1811 1521 1890 obtines,
1546 1814 1641 1876 certis
1664 1815 1723 1879 tibi
1745 1833 1843 1898 super
1865 1818 1925 1882 hoc

415 1920 641 1986 executoribus
664 1916 837 1998 deputatis
862 1921 956 1997 prout
979 1916 1010 1978 in
1034 1914 1167 1979 diversis
1202 1913 1319 1978 uostris
1353 1913 1469 1979 litteris
1503 1915 1577 1980 inde
1611 1919 1762 1984 confectis
1798 1920 1925 2003 plenius

415 2024 607 2089 continetur.
632 2020 784 2087 Volerrtes
807 2021 914 2100 itaque
937 2040 968 2102 p.
992 2039 1031 2083 m.
1055 2024 1077 2083 t.
1103 2020 1121 2083 i.
1135 2018 1158 2101 ¹)
1182 2018 1362 2083 huiusmodi
1392 2020 1450 2083 tibi
1480 2022 1616 2102 graciam
1648 2025 1800 2106 ampliare
1830 2032 1864 2091 et
1893 2027 1925 2090 in

414 2129 530 2195 eadem
553 2126 689 2191 ecclesia
711 2125 862 2205 Prageusi
885 2129 971 2188 tuam
993 2123 1129 2204 amplius
1151 2123 1307 2187 bonorare
1329 2141 1507 2206 personam,
1533 2125 1720 2208 dignitatem
1744 2131 1793 2194 vel
1818 2148 1925 2212 perso·

417 2240 528 2298 uatum
559 2251 616 2296 scu
647 2230 785 2295 officium
815 2233 871 2292 out
899 2235 1086 2311 perpetuam
1117 2227 1426 2305 administraciouem
1457 2249 1527 2294 cum
1558 2250 1633 2297 cura
1662 2234 1713 2298 vel
1747 2235 1816 2299 sine
1839 2254 1925 2314 cura,

419 2339 510 2403 cuius
533 2337 667 2413 fructus,
690 2355 715 2399 r.
739 2340 772 2397 et
795 2353 824 2415 p.
849 2334 1027 2415 predictum
1060 2331 1198 2398 valorem
1232 2351 1370 2396 sumnum
1404 2353 1464 2398 uon
1499 2335 1662 2416 excedant,
1696 2338 1737 2402 ad
1767 2338 1923 2403 dictorum

419 2441 660 2524 archiepiscopi,
683 2439 796 2503 decani
819 2445 851 2502 ot
874 2438 1004 2519 capituli
1028 2437 1240 2518 collacionem,
1264 2456 1352 2520 prov.
1376 2438 1425 2502 vel
1448 2457 1530 2521 pres.
1556 2458 1613 2504 seu
1636 2462 1664 2522 q.
1690 2460 1717 2506 a.
1739 2443 1768 2508 d.
1786 2461 1923 2507 commn-

419 2548 503 2613 niter
536 2546 587 2611 vel
621 2545 747 2609 divisim
780 2543 979 2625 pertinentes
1010 2541 1058 2607 rel
1093 2543 1266 2624 pertinens,
1297 2543 1325 2606 si
1355 2562 1419 2624 qua
1440 2543 1491 2606 vel
1515 2544 1541 2608 si
1565 2546 1636 2625 quis
1658 2551 1714 2610 aut
1737 2547 1763 2610 si
1787 2548 1871 2628 qnod
1894 2549 1926 2612 in

420 2653 504 2717 dicta
528 2650 664 2715 ecclesia
686 2653 779 2714 vacat
801 2649 841 2712 ad
864 2666 1007 2728 presens,
1031 2649 1081 2713 vel
1105 2666 1175 2712 cum
1197 2648 1368 2726 vacaverit,
1385 2648 1605 2713 conferendam
1625 2668 1682 2715 seu
1699 2651 1925 2717 conferendum

420 2758 477 2823 tibi
610 2755 639 2820 d.
673 2773 701 2818 a.
726 2771 926 2818 reservamus
950 2772 1051 2832 ....;
1076 2771 1136 2817 mm
1171 2752 1371 2816 obstantibus
1394 2803 1401 2817 .
1421 2803 1428 2817 .
1446 2803 1478 2816 ..
1506 2752 1655 2819 Volumus
1677 2761 1794 2835 autem,
1829 2757 1924 2837 quod,

420 2862 650 2944 quamprimum
673 2858 740 2923 sive
765 2858 919 2923 dictarum
943 2859 1081 2941 priorum
1105 2859 1172 2921 sivo
1195 2858 1394 2939 presencium
1417 2858 1594 2923 litterarum
1616 2860 1724 2941 vigore
1741 2861 1926 2943 dignitatem

420 2967 470 3031 vel
494 2971 698 3048 personatum
722 2970 777 3027 aut
799 2964 937 3028 officium
960 2983 1016 3029 scu
1039 2964 1350 3028 administracionem
1373 2962 1552 3027 huiusmodi
1574 2964 1705 3045 pacifice
1722 2966 1822 3030 fueris
1838 2984 1925 3030 asse-

419 3076 523 3149 cutae,
555 3067 678 3150 relique
707 3087 746 3131 ex
777 3068 871 3132 dictis
902 3069 1018 3133 litteris
1048 3074 1081 3132 ot
1111 3086 1279 3150 processus
1310 3067 1408 3131 habiti
1432 3086 1490 3148 per
1511 3068 1639 3132 casdem
1662 3071 1830 3151 omniaque
1854 3072 1927 3136 inde

416 3182 533 3240 secuta
555 3180 671 3239 extunc
694 3173 758 3236 sint
781 3192 872 3236 <assa
894 3180 927 3237 ot
950 3173 1040 3237 irrita
1070 3178 1103 3236 ct
1132 3173 1251 3237 nullius
1281 3173 1419 3237 existant
1443 3173 1565 3236 roboris
1587 3173 1637 3238 vel
1665 3175 1814 3239 maurenti
1817 3225 1923 3240 .....

417 3264 456 3327 Ι).
483 3261 642 3326 Aninione
665 3279 736 3324 non.
760 3259 948 3324 Novembris
971 3281 999 3324 a.
1023 3266 1145 3342 quarto.

525 3367 564 3431 In
587 3385 615 3430 e.
631 3385 670 3430 ur.
689 3364 740 3429 dd.
756 3364 786 3430 ff.
805 3417 811 3429 .
830 3416 836 3428 .
853 3365 958 3429 abbati
982 3365 1163 3429 monasterii
1188 3365 1454 3442 Brourrouieusm,
1478 3365 1646 3446 Pragensis
1669 3365 1815 3445 diocesis,
1839 3385 1876 3430 ac
1892 3417 1925 3432 ..

424 3472 549 3537 ‹lecano
561 3470 832 3553 wissegradensis
848 3489 946 3553 prope
962 3471 1096 3548 Pronum
1111 3489 1149 3535 ac
1172 3521 1199 3536 ..
1221 3471 1353 3535 sacriste
1366 3470 1591 3536 Auinioncusis
1606 3469 1812 3537 ecclesiarum
1829 3490 1853 3537 s.
1866 3478 1927 3537 etc.

444 3627 505 3643 ...
532 3577 571 3640 l).
596 3582 640 3641 ut.
664 3593 688 3640 s

529 3765 677 3820 Clementis
703 3766 741 3819 Vl
767 3767 800 3818 Δ.
827 3766 894 3836 lvrr
923 3767 978 3832 (81»)
1003 3765 1021 3819 l.
1040 3771 1082 3832 oo,
1102 3765 1136 3819 de
1155 3764 1287 3834 dignitate
1307 3765 1358 3819 sub
1378 3764 1568 3833 expectatione
1588 3781 1634 3832 qu.
1653 3771 1665 3817 1
1681 3764 1759 3820 :V.
1780 3771 1827 3820 171
1848 3766 1866 3821 l.
1887 3769 1927 3820 14¹

413 3869 444 3908 n.
464 3859 506 3905 25.
528 3882 562 3891 —-
583 3854 603 3917 ¹)
623 3850 657 3904 ds
676 3851 878 3921 supplicatione
897 3851 997 3918 Caroli,
1015 3851 1180 3905 marchionis
1204 3850 1351 3919 Menariae,
1382 3856 1466 3912 (uum
1494 3855 1555 3919 557)
1584 3851 1628 3905 hic
1655 3852 1731 3907 nulla
1757 3853 1788 3906 lit
1817 3855 1929 3909 mentio.

1078 4122 1279 4129 ——.

422 4451 513 4516 565.
544 4447 723 4531 npacopas
746 4445 938 4512 Luboccnsis
959 4453 989 4511 et
1011 4449 1151 4513 doceam
1176 4447 1402 4529 Glopooieosis,
1434 4447 1692 4514 Vrats'sloos‘east‘s
1727 4448 1869 4528 diocesis,
1893 4468 1932 4513 oc

422 4551 631 4618 scholasticam
652 4557 783 4617 suadac
807 4552 915 4618 Crucis
936 4551 1194 4617 Vrotislosicasis
1216 4552 1420 4618 ecclesio-rum
1443 4552 1677 4617 constituuntur
1699 4557 1930 4618 conservatores

424 4657 549 4722 obbatis
582 4661 613 4719 ct
645 4662 809 4720 conventus
843 4657 1028 4721 monasterii
1064 4658 1169 4721 sancti
1205 4655 1357 4721 Vs'uccalr'i
1393 4662 1485 4721 extro
1522 4677 1628 4719 sauros
1658 4656 1930 4733 Vrotislocicases,

428 4760 754 4827 Isaeooaoratoois
776 4761 908 4840 ordinis,
931 4761 1274 4842 apolloniensium.
1299 4763 1351 4838 ,D.
1374 4760 1531 4825 Auratam
1561 4761 1646 4826 VIII
1662 4760 1727 4826 kat.
1750 4760 1933 4825 Decembris

881 4886 910 4930 o.
934 4869 1069 4946 quarto!
1114 4867 1236 4929 Forma
1258 4870 1294 4929 ot
1315 4867 1350 4930 in
1372 4888 1402 4931 o.
1426 4870 1477 4933 92.

1330 5057 1494 5133 Aoioioac,
1517 5060 1605 5123 1345
1628 5057 1813 5123 Noemoris
1834 5059 1887 5124 24.

529 5300 680 5354 Clementis
699 5299 787 5352 VIA.
806 5299 872 5369 lilla
892 5301 947 5365 (84)
966 5300 984 5352 s.
1004 5306 1045 5365 31,
1064 5299 1098 5352 de
1123 5299 1336 5353 conservatoriis
1360 5316 1406 5367 qur.
1435 5305 1456 5366 1,
1479 5300 1588 5353 rubrica
1613 5300 1672 5353 sola
1697 5302 1859 5368 lqrraternus
1886 5298 1932 5353 de-

420 5390 507 5457 licit);
525 5388 637 5442 litterae
655 5387 683 5441 in
702 5386 734 5439 V.
755 5392 803 5439 172
823 5385 840 5440 l.
862 5393 908 5439 tol
929 5393 1032 5441 11127.
1052 5417 1083 5426 —
1103 5387 1168 5454 Reg.
1188 5387 1216 5441 in
1235 5387 1333 5441 ZVGA
1353 5387 1509 5442 Schlesicos
1528 5387 1613 5454 XXV,
1633 5393 1692 5441 300.
