5184 7050
1872 869 1931 934 331

435 1072 543 1137 neritis
566 1069 789 1153 suffragantur,
813 1075 847 1135 61
870 1090 909 1136 ne
933 1072 1037 1136 dictus
1060 1072 1234 1137 decanatus
1257 1072 1380 1156 prolixe
1403 1073 1582 1137 vocacionis
1613 1079 1791 1155 exponatur
1813 1075 1930 1138 incern-

432 1174 529 1253 modis,
553 1173 689 1241 solicifrs
712 1174 826 1240 studiis
850 1194 1019 1256 precavere
1031 1180 1057 1256 ⁸)
1087 1176 1241 1255 volenter,
1275 1176 1467 1241 eleccionem
1498 1176 1683 1259 predictam,
1718 1196 1776 1260 per
1799 1176 1927 1242 eosdem

430 1278 582 1343 custodem
604 1283 639 1342 61
660 1278 835 1360 capitulum
857 1286 893 1343 ut
915 1279 1110 1360 premittitur
1130 1279 1169 1344 de
1189 1287 1222 1344 te
1238 1279 1364 1358 iactare,
1388 1299 1449 1343 non
1473 1280 1629 1357 obstante,
1654 1281 1681 1342 si
1704 1280 1809 1344 dictus
1833 1280 1926 1345 deca-

430 1389 514 1446 natus
536 1400 668 1464 pernes
688 1400 745 1447 seu
761 1382 1005 1465 predecessores
1027 1386 1162 1462 nostros,
1186 1384 1344 1448 Ronranos
1366 1381 1542 1466 pontifices,
1578 1383 1683 1447 iuream
1706 1382 1804 1448 fuerit
1827 1403 1930 1449 reser-

429 1490 522 1562 vatae,
545 1492 651 1550 ratam
674 1492 708 1551 et
729 1492 850 1568 gratam
873 1486 1037 1564 habentes
1062 1486 1148 1551 illam
1172 1490 1362 1553 auctoritate
1390 1487 1565 1570 apostolica
1588 1485 1808 1551 confirmamus
1831 1492 1928 1570 teque

427 1589 455 1653 iu
477 1589 576 1672 ipsius
600 1589 736 1655 ecclesie
758 1590 913 1655 decanum
937 1589 1130 1671 preficimus,
1153 1609 1261 1655 curam
1284 1595 1316 1654 et
1340 1591 1650 1655 administrationem
1674 1590 1760 1656 illius
1784 1592 1842 1655 tibi
1865 1597 1930 1656 tarn

427 1694 456 1758 in
479 1692 700 1776 spiritualibus
723 1712 817 1775 quam
841 1694 873 1757 in
895 1692 1123 1775 temporalibus
1145 1694 1288 1775 plenarie
1304 1694 1536 1773 committendo,
1553 1693 1642 1758 firrna
1665 1712 1722 1776 spe
1745 1695 1923 1779 fiduciaque

427 1798 594 1879 conceptis,
630 1797 715 1879 quod
738 1797 897 1879 dirigente
928 1797 1053 1861 domino
1084 1803 1174 1863 actus
1204 1802 1276 1863 tuos
1309 1798 1434 1879 prefata
1464 1799 1603 1863 ecclesia
1634 1817 1692 1881 per
1722 1801 1932 1863 1666166661-

426 1903 601 1983 speccionis
625 1906 659 1967 et
681 1903 836 1967 industrie
859 1902 1056 1967 fructuosum
1083 1902 1222 1966 studium
1246 1907 1376 1983 regetur
1399 1902 1520 1968 utiliter
1542 1906 1575 1966 et
1592 1920 1744 1986 prospere
1768 1902 1931 1985 dirigetur.

425 2005 581 2082 Quocirca
603 2006 792 2071 discrecioni
815 2012 870 2071 tue
893 2025 951 2087 per
965 2006 1140 2088 apostolica
1163 2006 1283 2089 scripta
1299 2006 1494 2086 mandamus,
1519 2012 1677 2089 quatenus
1700 2025 1807 2071 curam
1831 2012 1863 2071 61
1877 2007 1933 2071 ad·

427 2109 697 2175 ministraciouem
720 2110 881 2192 predictas
912 2110 959 2174 sic
982 2109 1160 2192 diligenter,
1194 2109 1370 2192 prudenter
1392 2115 1424 2175 et
1448 2110 1585 2175 fideliter
1618 2111 1749 2176 studeas
1773 2129 1932 2189 exercerc,

426 2214 510 2295 quod
532 2213 678 2296 predicta
701 2214 838 2278 ecclesia
860 2214 1064 2296 gubernatori
1077 2214 1207 2295 provido
1225 2214 1436 2279 aciructuoso
1461 2214 1710 2280 administratori
1733 2214 1875 2297 gandeat
1898 2232 1932 2278 se

424 2319 638 2397 commissam,
662 2324 761 2400 tuque
779 2322 888 2399 preter
903 2318 1126 2383 retribucionis
1149 2323 1260 2384 eterne
1283 2319 1436 2400 premium
1460 2325 1602 2384 nostram
1626 2323 1658 2383 61
1681 2319 1766 2383 sedis
1790 2319 1931 2383 eiusdem

424 2420 682 2487 benediccionem
712 2427 746 2486 61
775 2422 914 2504 graciam
946 2421 1077 2503 proinde
1103 2423 1234 2487 uberius
1258 2423 1384 2505 assequi
1408 2424 1570 2489 merearis.
1618 2426 1657 2488 n.
1682 2423 1838 2488 Auinione
1861 2442 1931 2487 non.

424 2525 616 2590 Novembris
638 2544 666 2590 a
690 2531 814 2607 quarto.

527 2632 566 2696 ln
589 2649 618 2695 e.
641 2650 681 2695 rn.
706 2630 757 2696 dd.
781 2628 813 2695 n.
831 2681 838 2695 .
855 2680 862 2693 .
880 2630 1004 2695 custodi
1027 2634 1061 2695 61
1077 2630 1216 2713 capitulo
1231 2631 1368 2695 ecclesie
1384 2630 1656 2713 wissegradensis
1671 2649 1770 2713 prope
1786 2631 1932 2714 Pragam,

426 2734 466 2798 ad
487 2734 663 2801 munnam
686 2735 854 2800 eeclesiam
878 2734 964 2799 nullo
987 2735 1091 2799 medio
1114 2736 1315 2818 pertinentis,
1339 2753 1363 2800 s.
1406 2741 1447 2799 tc.
1473 2787 1479 2800 .
1505 2786 1512 2800 .
1537 2786 1544 2799 .
1569 2786 1576 2799 .
1601 2736 1640 2799 D.
1664 2740 1700 2800 ut
1722 2754 1746 2799 s.

524 2923 677 2978 Clementis
701 2924 739 2977 1Ἱ
757 2925 790 2976 Α.
809 2924 871 2995 11111
898 2930 952 2990 (aa)
977 2924 995 2977 1.
1021 2927 1073 2991 71’,
1097 2925 1131 2979 de
1150 2924 1354 2993 provisionibus
1372 2924 1558 2993 praelatorum
1583 2942 1626 2992 qu.
1654 2932 1717 2977 1.-.
1733 2925 1765 2978 V.
1792 2925 1925 2980 170111

425 3028 451 3064 n.
471 3017 509 3065 32.
529 3042 564 3052 -—
588 3013 612 3079 ⁸)
631 3015 852 3080 ,6166666161Ι

423 3575 514 3642 548.
538 3572 696 3638 Medores
718 3572 756 3636 dc
778 3572 989 3652 Luccrndarpo
1010 3572 1180 3655 scrpplicut,
1203 3576 1357 3653 6616166166
1380 3570 1507 3636 Albcrio
1527 3573 1565 3636 dc
1580 3572 1745 3636 Fadkcnau
1760 3571 1927 3655 parrechi·

760 3677 822 3741 elis
845 3677 1034 3742 ecclesiola
1067 3677 1176 3741 Velina
1199 3677 1392 3757 conserando
1413 3682 1596 3741 resecem.

1355 3851 1518 3934 Actaeae,
1541 3853 1627 3915 1345
1650 3850 1835 3915 Novembris
1858 3854 1887 3914 5.

532 4042 701 4126 Supplicat
724 4043 754 4109 S.
771 4043 809 4109 V.
832 4043 961 4108 humilis
984 4048 1091 4107 orator·
1107 4047 1139 4106 61
1155 4042 1339 4124 capellanus
1363 4049 1469 4108 vester
1485 4044 1635 4109 Nicolaus
1651 4045 1690 4109 de
1705 4044 1934 4126 Lucernburgo,

429 4150 611 4232 prepositus
627 4148 801 4227 Sazcerrsis,
826 4149 1019 4212 secretarius
1034 4149 1118 4230 regis
1134 4149 1273 4226 Boenrie,
1298 4153 1456 4228 ‹luatenus
1480 4149 1539 4212 sibi
1564 4150 1596 4212 in
1619 4168 1787 4231 personam
1810 4149 1933 4213 Alberti

429 4253 470 4317 de
490 4253 672 4332 Fallreuow,
697 4251 804 4318 clerici
826 4254 997 4333 Pragensis
1020 4252 1167 4329 diocesis,
1191 4253 1244 4332 qui
1268 4253 1503 4332 preposituram
1528 4253 1727 4331 senoensem,
1763 4259 1933 4334 antequam

430 4359 499 4439 ipse
521 4357 675 4422 Nicolaus
698 4376 737 4420 cx
760 4358 868 4439 gracia
891 4357 921 4423 S.
938 4356 1092 4438 premisse
1114 4361 1340 4437 assequeretur
1355 4356 1497 4434 candem,
1519 4376 1576 4438 per
1592 4356 1654 4421 llll
1671 4376 1769 4420 annos
1793 4363 1827 4420 61
1849 4358 1934 4420 ultra

429 4461 470 4526 de
484 4462 569 4528 iacto
592 4467 750 4540 tenuerat,
775 4462 946 4543 specialem
962 4461 1100 4542 graciam
1116 4460 1279 4537 1661611166,
1305 4461 1534 4541 parrochialem
1557 4462 1725 4525 ecclesiam
1749 4463 1780 4525 in
1797 4461 1933 4539 Wolina,

430 4567 599 4650 Pragensis
622 4567 769 4644 diocesia,
793 4585 863 4630 curn
887 4566 974 4630 illarn
998 4584 1054 4646 per
1077 4564 1352 4628 continuacionem
1375 4564 1531 4629 dohannis
1555 4565 1632 4629 dicti
1656 4565 1808 4644 Paduani,
1840 4565 1934 4629 electi

429 4671 463 4734 iu
485 4671 638 4735 decanum
661 4671 798 4735 66616616
829 4669 1104 4751 wissegradensis
1134 4687 1232 4749 prope
1255 4669 1399 4750 l'ragam,
1435 4669 1573 4734 llornane
1597 4670 1732 4733 ecclesie
1755 4670 1936 4734 irnnrediate

430 4777 584 4854 subiecto,
608 4793 665 4839 seu
689 4794 746 4858 per
769 4775 1006 4838 assecucioncrn
1031 4773 1206 4838 (decanatus
1230 4775 1330 4854 ipsius
1348 4780 1403 4837 aut
1419 4775 1481 4837 alio
1498 4776 1609 4854 quovis
1625 4773 1716 4837 modo
1732 4780 1937 4855 preterquam

431 4899 487 4962 per
502 4880 605 4962 ipsius
620 4878 640 4942 J
644 4878 777 4943 ohannis
793 4878 912 4942 obitmn
928 4897 1045 4942 vacare
1061 4878 1239 4959 contigerit,
1264 4878 1485 4942 conferendam
1510 4878 1594 4942 dicto
1616 4878 1747 4942 iliberto
1770 4879 1937 4943 donacioni

430 4983 606 5068 apostolice
629 5002 699 5047 curn
722 4982 923 5060 inhibicione,
948 4983 1075 5047 decreto
1098 4988 1131 5045 et
1147 4981 1287 5046 61666616
1312 4983 1464 5046 arrteierri
1488 4983 1659 5063 dignemini
1682 5002 1856 5061 reservare,
1874 5003 1936 5048 non

430 5091 590 5167 obstante,
614 5088 698 5169 quod
721 5086 804 5150 idern
824 5086 975 5151 ailbertus
992 5087 1210 5151 canrnricatum
1229 5091 1263 5148 61
1278 5087 1472 5166 prebendam
1489 5088 1521 5150 in
1537 5087 1671 5152 ccclesia
1694 5087 1935 5166 Boleslauiensi,

431 5195 602 5278 Pragensis
626 5191 772 5269 diocesis,
795 5192 935 5254 noscitur
959 5191 1113 5269 olrtinere,
1145 5210 1214 5254 curn
1246 5189 1319 5252 aliis
1342 5208 1403 5253 non
1427 5190 1636 5268 obstantibus,
1671 5191 1823 5255 clausulis
1846 5211 1937 5272 opor-

429 5300 515 5365 tunis
539 5302 575 5363 et
598 5296 831 5361 executoribus.

534 5403 609 5468 Fiat
632 5400 669 5465 R.
711 5401 755 5465 nt
777 5419 806 5480 q.
830 5404 853 5464 t.
878 5418 902 5463 s.
927 5417 954 5462 a.
979 5398 999 5461 1.
1039 5398 1112 5462 Fiat
1135 5398 1171 5461 R.
1218 5399 1255 5461 1).
1280 5399 1438 5462 lluinione
1460 5416 1531 5462 non.
1556 5398 1742 5463 Novembris
1764 5418 1792 5463 a.
1813 5405 1936 5480 qrrarto.

531 5588 786 5649 clementioris.
806 5588 869 5658 1111
890 5590 928 5654 (a)
948 5587 966 5643 f.
985 5591 1037 5642 93'.

1084 5774 1288 5781 ———
