5184 7050
1992 858 2055 927 587

542 1070 651 1155 ipsum
673 1069 852 1137 iohannem
875 1072 914 1136 acl
937 1089 1029 1136 omne
1052 1073 1101 1136 ius
1124 1076 1158 1136 et
1185 1073 1216 1136 in
1243 1073 1326 1138 omni
1342 1071 1412 1137 iure
1427 1091 1464 1136 ae
1480 1071 1521 1136 acl
1539 1072 1780 1154 possessiouem,
1808 1070 1891 1152 quod
1908 1078 1942 1136 ct
1957 1089 2051 1152 quam

543 1177 705 1260 quondam
728 1176 868 1243 iambus
891 1175 1049 1254 Genucii,
1072 1182 1180 1241 rector
1200 1176 1369 1259 hospitalis
1385 1194 1563 1258 pauperum
1579 1177 1679 1241 saneti
1696 1175 1913 1240 Bartholomei
1934 1174 2056 1257 „praci-

544 1282 618 1363 epi“
643 1283 673 1362 lt
688 1284 748 1363 ric]
771 1282 810 1347 de
835 1281 980 1364 Alpibus,
1003 1281 1208 1346 Pistoriensis
1231 1281 1378 1359 diocesis,
1403 1281 1443 1347 ad
1466 1280 1550 1363 quod
1574 1285 1807 1344 consueverunt
1830 1277 2057 1360 utplurimum

544 1384 623 1449 laici
646 1402 705 1466 per
727 1385 918 1450 eleccionem
942 1386 1071 1465 assumi,
1094 1404 1196 1468 nuper
1218 1391 1309 1451 extra
1332 1386 1504 1451 Romanam
1527 1385 1646 1449 curiam
1670 1384 1736 1449 vita
1751 1382 1889 1462 functus,
1909 1383 1943 1448 in
1966 1381 2055 1446 etde

542 1488 658 1552 erilem
681 1488 830 1573 hospitali
852 1488 1001 1568 habebat,
1031 1495 1064 1554 et
1094 1491 1134 1555 arl
1164 1508 1292 1555 eausam
1322 1497 1356 1555 et
1378 1491 1410 1555 iu
1433 1507 1539 1568 eausa,
1576 1507 1637 1571 que
1661 1490 1744 1553 inter
1766 1488 1875 1570 ipsum·
1893 1486 2051 1552 iacobum

543 1597 581 1657 et
610 1593 870 1659 Bouauenturam
904 1593 1050 1659 Jacobini
1081 1594 1121 1658 cle
1144 1595 1259 1660 Sancto
1290 1595 1385 1660 Petro
1416 1595 1447 1658 in
1478 1593 1621 1657 Romana
1656 1592 1746 1657 curia
1769 1611 1874 1675 super
1906 1590 2057 1674 hospitali

544 1696 875 1777 vertebatur-eodem,
898 1702 932 1762 et
955 1699 987 1763 in
1010 1717 1049 1763 eo
1072 1704 1169 1778 stetu,
1185 1699 1217 1764 in
1233 1718 1295 1781 quo
1311 1698 1415 1765 dictus
1438 1697 1577 1783 lacobus
1600 1702 1671 1763 erat
1692 1703 1835 1780 tempore
1857 1697 1968 1763 mortis
1989 1715 2057 1776 sue,

544 1800 720 1885 dignemini
743 1803 915 1884 subrogare
939 1808 973 1867 et
996 1802 1219 1871 nichilominus
1240 1804 1402 1889 mandare,
1419 1808 1464 1881 ut,
1485 1802 1518 1867 in
1540 1806 1692 1883 quantum
1718 1805 1876 1885 appareat
1897 1801 2055 1867 Jacobum

545 1905 633 1971 «licto
656 1911 800 1991 tempore
822 1925 885 1972 non
907 1906 1059 1973 habuisse
1082 1913 1118 1973 et
1137 1908 1395 1974 Bonauentnram
1418 1908 1579 1991 predictos
1603 1925 1664 1971 non
1679 1905 1798 1971 habere
1821 1907 1871 1971 ius
1893 1905 1926 1970 in
1949 1904 2057 1987 bospi-

543 2011 603 2077 tali
626 2009 782 2093 predicto,
804 2011 965 2095 hospitale
988 2012 1091 2096 ipsum
1114 2031 1303 2095 quocunque
1333 2013 1425 2078 modo
1456 2030 1572 2078 vocans
1607 2030 1677 2077 cum
1710 2011 1854 2077 omnibus
1877 2010 2000 2075 iuribus
2023 2016 2057 2075 et

544 2116 753 2199 pertinenciis
777 2118 853 2197 suis,
877 2120 911 2181 et
934 2117 961 2181 si
985 2117 1159 2183 secuudum
1182 2117 1407 2183 lateranensis
1431 2122 1555 2182 statuto
1571 2115 1729 2197 concilii·)
1745 2116 1785 2182 al
1801 2116 1909 2181 seriem
1932 2118 2060 2197 aposto·

544 2220 639 2286 licam
661 2221 802 2304 legitime
826 2219 1010 2287 devolutum
1033 2228 1089 2286 out
1111 2217 1169 2304 per
1191 2222 1222 2289 S.
1246 2223 1434 2305 premissum
1464 2221 1649 2304 specialiter
1672 2225 1868 2286 reservatum
1892 2220 2056 2298 existeret,

545 2325 714 2391 conferant
744 2325 828 2391 dicto
859 2324 1101 2405 Jobanui,ou1n
1131 2327 1276 2393 carnibus
1309 2346 1371 2392 non
1406 2326 1606 2392 obstantibus
1640 2331 1674 2391 et
1704 2324 1857 2391 clausulis
1892 2325 2057 2407 oportunis

545 2436 581 2495 et
604 2429 842 2496 executoribus.

651 2534 724 2600 Fiat
745 2535 784 2599 R.
806 2535 852 2600 Et
873 2554 902 2616 q.
926 2540 949 2599 t.
973 2553 998 2600 s.
1022 2554 1050 2600 a.
1074 2533 1094 2599 l.
1117 2534 1190 2599 Fiat
1212 2534 1250 2600 R.
1275 2535 1314 2599 D.
1340 2533 1496 2599 buinione
1519 2534 1584 2600 llll
1608 2533 1673 2599 kal.
1696 2533 1842 2599 ianuarii
1864 2553 1893 2600 a.
1910 2533 2056 2617 septimo.

655 2663 805 2720 Clementis
823 2661 860 2717 Vl
878 2661 904 2716 S.
924 2661 1004 2731 vllse
1022 2667 1077 2729 (16)
1095 2663 1114 2717 f.
1133 2669 1175 2718 8¹1.
1193 2693 1228 2704 —
1254 2669 1278 2731 ·)
1300 2663 1426 2732 ,consilii‘
1444 2665 1469 2718 S.

1197 2824 1403 2833 —————--

541 2972 668 3039 1⁰50.
691 2969 846 3036 Nioolous
867 2967 923 3058 [de
952 2969 1117 3052 Bobemio,
1142 2968 1238 3052 filies
1266 2970 1437 3052 Jobonnis,
1472 2971 1555 3054 repis
1585 2968 1780 3057 Bobeniaej,
1811 2968 2057 3035 archidiaconus

542 3075 817 3158 Horsooeiencis⁸)
840 3077 874 3141 iu
896 3074 1027 3140 ecclesio
1050 3076 1216 3157 propensi,
1235 3075 1429 3160 praeficitur
1450 3077 1486 3141 ἐπ
1507 3077 1686 3161 episcopum
1708 3074 1857 3141 ecclesiae
1876 3073 2059 3139 Naumbur·

539 3181 662 3263 peteo,
671 3180 700 3263 1»)
732 3181 879 3247 laento
905 3201 968 3265 pe
999 3182 1130 3244 mortem
1176 3180 1382 3262 menonem
1415 3179 1521 3245 ocimi
1553 3180 1691 3245 trusum
1728 3178 1878 3245 ecclesiae
1910 3162 2056 3263 epscopus

543 3287 602 3362 ,D.
627 3284 787 3351 Aninione
817 3286 883 3352 VII
899 3284 943 3351 id.
967 3284 1125 3352 Januarit
1147 3307 1178 3350 o.
1202 3285 1356 3368 septimo!
1384 3323 1428 3333 —
1459 3289 1500 3350 ln
1521 3308 1547 3352 c.
1568 3306 1609 3351 ua
1632 3284 1784 3350 scimur
1806 3283 1944 3368 capitatio
1966 3283 2060 3349 eccle·

539 3391 624 3470 siae,
649 3389 730 3455 clero
753 3390 895 3456 civitatis
910 3394 941 3454 et
956 3389 1097 3465 dioceses,
1109 3389 1228 3473 populo
1243 3389 1386 3455 ciuitatis
1400 3393 1430 3455 et
1445 3391 1588 3471 diocesis,
1603 3388 1754 3456 cassellis
1770 3389 1918 3456 ecelesiae
1933 3390 2058 3455 Noom-

539 3496 723 3578 buryeoeia,
758 3494 994 3580 archiepiscopo
1018 3493 1292 3577 Mupdcburyenss',
1328 3494 1449 3572 Corclo,
1484 3497 1699 3562 Romanorum
1727 3498 1758 3561 er
1789 3493 1961 3562 Bobemiue
1982 3493 2059 3577 repi.

1512 3628 1674 3708 nareae,
1702 3628 1784 3694 1349
1805 3626 1963 3695 Januaro
1986 3628 2015 3691 u.

653 3755 806 3811 Clementis
825 3755 861 3810 Vl
880 3757 914 3809 Α.
932 3755 1012 3825 Vllp'o
1032 3757 1104 3823 (104)
1124 3756 1151 3811 iu
1170 3755 1332 3825 fragmentis
1350 3755 1522 3810 rubricarum
1534 3755 1551 3811 l.
1566 3759 1712 3813 539—639'
1731 3772 1786 3811 nou
1803 3761 1846 3811 est
1859 3762 2058 3811 conservatum

542 3844 674 3899 Litterae
693 3843 722 3898 in
740 3842 773 3897 V.
795 3847 844 3899 188
863 3843 881 3897 f.
895 3848 928 3896 76
940 3858 967 3896 n.
980 3849 1038 3898 nl.
1058 3874 1092 3885 -
1118 3844 1142 3911 ι)
1161 3843 1377 3911 ,Horzouieusis‘
1390 3843 1421 3897 V.
1448 3842 1474 3912 ¹³)
1486 3843 1740 3914 ‚Nuembnrgensis‘
1753 3843 1785 3897 V.
1812 3847 1834 3909 c)
1852 3841 2009 3910 ‚Vitilronis‘
2026 3842 2059 3897 V.

540 4144 669 4211 1⁰51.
693 4142 734 4207 N.
758 4165 786 4207 v.
809 4142 954 4207 Locbinc
983 4142 1020 4207 de
1051 4141 1285 4207 Vicccomitibuc
1314 4141 1353 4207 de
1383 4140 1563 4207 Mediolano
1592 4140 1752 4221 scribitur,
1783 4160 1908 4224 popum
1924 4143 2058 4224 propter

540 4244 756 4313 modalitaiio
773 4250 897 4330 pestem
918 4250 949 4313 et
971 4246 1041 4313 alia
1062 4246 1188 4329 repotia
1209 4246 1397 4330 impeditum
1423 4264 1498 4325 esse,
1522 4245 1689 4327 quominus
1711 4244 1906 4310 discordium
1924 4266 2058 4327 proeve-

539 4350 640 4428 κίνει,
665 4371 747 4434 oreae
767 4351 852 4416 inter
872 4352 977 4435 ipsum
999 4351 1176 4417 Laeliorum
1199 4354 1230 4416 et
1249 4349 1413 4431 Carolum,
1443 4371 1547 4432 repem
1576 4352 1800 4426 Romummm,
1825 4350 1917 4417 eusci
1933 4351 2061 4433 possct;

538 4456 601 4523 sed
622 4477 725 4539 nuper
754 4455 931 4521 Nieoloum
955 4455 993 4521 de
1022 4457 1169 4532 Brenno,
1204 4454 1354 4521 eeclesiae
1385 4455 1558 4537 Propeneis
1586 4454 1816 4538 praepositum,
1850 4453 1939 4519 illiue
1972 4452 2057 4533 repis

539 4559 787 4637 camelarium,
811 4560 849 4625 dc
869 4561 1041 4627 immone
1057 4581 1169 4645 popae
1185 4558 1285 4644 plone
1308 4560 1528 4640 informatum,
1550 4558 1594 4623 od
1616 4558 1747 4623 eundem
1768 4578 1872 4640 repom
1893 4558 2060 4623 remissum

540 4687 633 4748 essc;
654 4685 736 4749 quoe
757 4666 864 4731 omorio
889 4664 1006 4746 Quidop
1024 4666 1113 4730 tituli
1134 4669 1264 4730 eundae
1295 4663 1430 4730 walae
1453 4663 1620 4749 presbyter
1649 4662 1837 4744 cardinalis,
1869 4662 2060 4747 apostoticae

699 4769 783 4834 cedis
805 4769 938 4853 loeutus,
961 4774 1088 4849 reseret.
1123 4770 1177 4845 ,D.
1200 4767 1358 4834 Auinione
1388 4770 1434 4833 VI
1450 4768 1494 4833 ic.
1518 4768 1676 4837 Januarit
1698 4790 1729 4835 o.
1753 4769 1907 4853 septimo!

1508 4898 1671 4975 Avinione,
1697 4899 1782 4963 1349
1803 4897 1961 4966 Januortt
1982 4899 2020 4962 8.-

652 5028 802 5085 Clementis
821 5030 858 5084 vl
877 5028 909 5084 V.
929 5036 977 5083 142
997 5032 1076 5098 (secr.
1096 5046 1119 5084 a
1140 5028 1202 5098 Vll)
1220 5029 1238 5084 l.
1258 5032 1316 5084 119⁹
1337 5046 1362 5083 n.
1383 5035 1441 5084 624.
1467 5058 1500 5069 —
1518 5027 1585 5097 Reg.
1605 5028 1770 5097 Werrmslry,
1794 5027 1934 5096 Excerpta
1951 5043 1980 5081 n.
1998 5030 2057 5092 206,

539 5118 642 5175 Ilnber
661 5122 714 5172 780
732 5133 757 5170 n.
776 5122 835 5171 215.

1198 5192 1404 5201 ’.η-.-

532 5330 666 5401 1052.
698 5326 839 5404 Careiae,
873 5329 1085 5393 Romanorum
1114 5331 1146 5392 et
1168 5325 1341 5392 Bobemiue
1363 5347 1428 5402 ree,
1463 5326 1635 5412 supplicat,
1670 5328 1825 5410 quotenus
1846 5324 1960 5391 sibiet
1984 5324 2060 5390 ollis

1021 5430 1192 5499 macellae
1211 5432 1341 5514 oratioe
1363 5432 1584 5499 conceduntur.

1484 5545 1648 5621 Aoiuione,
1671 5546 1758 5611 1349
1779 5544 1938 5612 lancearii
1959 5545 2016 5609 11.

654 5677 823 5761 Supplicat
844 5677 876 5743 S.
900 5678 937 5743 V.
961 5677 1095 5743 devotus
1118 5675 1138 5740 f.
1162 5695 1191 5740 v.
1216 5675 1365 5753 Kanum,
1388 5675 1600 5740 Romanorum
1616 5681 1649 5739 et
1663 5675 1792 5739 Boemie
1815 5694 1880 5753 rex,
1901 5677 2059 5755 quotenus

541 5786 612 5854 sibi
638 5784 680 5847 ad
703 5783 774 5860 hoc,
798 5788 835 5847 ut
856 5783 1028 5848 secundum
1052 5782 1247 5863 exigenciarn
1270 5786 1374 5845 status
1397 5781 1445 5843 sui
1462 5784 1527 5859 ov)
1550 5799 1716 5861 regnorum
1740 5797 1866 5844 suorum
1890 5779 2060 5842 llecencius
