5184 7050
553 837 619 904 374

543 1045 635 1126 penis
658 1045 692 1107 et
714 1041 886 1108 sentenciis
912 1041 1061 1106 innodato
1091 1060 1128 1104 ac
1159 1041 1242 1105 omui
1273 1040 1352 1117 iure,
1388 1041 1414 1104 si
1444 1039 1528 1121 quod
1558 1040 1619 1104 sibi
1650 1057 1688 1103 ex
1720 1039 1883 1104 eleccione
1914 1039 2044 1122 predicta

543 1153 671 1230 poterat
692 1147 731 1212 ad
756 1165 886 1228 regnum
903 1145 952 1209 vel
968 1145 1134 1227 imperium
1158 1145 1333 1208 Romanum
1355 1143 1488 1208 forsitan
1512 1150 1703 1226 competere,
1727 1145 1951 1225 quoquomodo
1973 1145 2043 1209 iusto

543 1253 669 1334 privato
694 1251 811 1316 iudicio
827 1268 864 1313 ac
880 1249 919 1312 de
936 1248 1072 1313 (liversis
1094 1248 1241 1313 heresum
1257 1254 1290 1312 et
1307 1249 1491 1314 scismatum
1511 1249 1704 1326 criminibus,
1728 1249 1845 1330 quibus
1868 1267 1905 1313 se
1928 1249 2046 1314 involvit

545 1360 578 1421 et
593 1355 784 1438 culpabilem
807 1352 956 1431 reddidit,
979 1353 1219 1418 sentencialiter
1234 1359 1267 1417 et
1282 1351 1411 1433 publice
1429 1354 1668 1434 condempnata
1693 1353 1870 1418 Romanurn
1892 1354 2046 1436 imperium

546 1460 677 1525 diutinis
707 1459 904 1540 temporibus
937 1459 1062 1522 vucavit
1092 1463 1125 1523 et
1148 1458 1252 1522 adhuc
1281 1476 1396 1522 vacare
1427 1458 1578 1536 noscitur,
1603 1458 1712 1538 sicque
1741 1457 1886 1523 Romam
1913 1458 2047 1536 ecclesia,

547 1566 637 1630 cuius
657 1566 829 1645 imperator
843 1563 904 1627 rite
920 1567 1095 1645 promotus,
1113 1562 1290 1627 catholicus
1307 1566 1340 1626 et
1356 1563 1500 1641 devotus,
1525 1561 1598 1626 dum
1621 1561 1725 1626 eidem
1748 1562 1894 1643 presidet
1916 1562 2047 1643 imperio,

548 1670 721 1734 advocatus
744 1673 777 1733 et
800 1668 949 1733 defensor
971 1684 1043 1733 esse
1067 1666 1172 1746 debet,
1204 1665 1258 1730 illo
1282 1667 1385 1730 caruit
1406 1671 1474 1731 toto
1496 1671 1640 1747 tempore
1670 1666 1850 1730 vocacionis
1877 1665 2048 1732 huiusmodi

546 1780 579 1839 et
602 1773 706 1838 adhuc
729 1776 817 1837 caret
840 1772 961 1850 eodem,
985 1772 1217 1852 imperiumque
1239 1770 1418 1853 predictum
1435 1772 1466 1835 iu
1483 1771 1549 1836 suis
1573 1770 1695 1835 iuribus
1715 1776 1748 1834 et
1767 1771 1943 1836 bonoribus
1958 1771 2049 1834 multa

546 1878 700 1943 sustinuit
722 1876 890 1958 dispendia
915 1881 948 1939 et
970 1876 1108 1938 sustinet
1129 1875 1336 1939 incessanter.
1361 1875 1426 1940 Nos
1443 1875 1540 1956 igitur
1563 1875 1718 1956 premissa
1741 1874 1934 1956 diligencius
1955 1881 2048 1939 atten-

546 1982 659 2046 dentes
682 1986 715 2045 et
737 1980 971 2062 compatientes
1002 1980 1042 2043 ab
1073 1978 1192 2043 intimis
1223 1983 1288 2042 tarn
1318 1979 1484 2043 Alamauie
1515 1998 1608 2061 quam
1632 1980 1729 2052 certis
1753 1978 1827 2043 aliis
1850 1979 2047 2044 circumadia-

546 2086 691 2150 ceutibus
707 2085 850 2165 partibus
867 2090 899 2148 et
915 2083 1116 2159 christicolis,
1137 2082 1326 2165 degentibus
1342 2083 1375 2147 iu
1391 2083 1520 2162 eisdem,
1536 2088 1668 2164 propter
1690 2082 1825 2146 cundem
1849 2082 2047 2160 Ludouicum,

547 2194 769 2271 occupatorem
793 2188 967 2252 indebitum
991 2193 1024 2251 et
1047 2187 1193 2252 illicitum
1216 2188 1332 2252 iunium
1348 2193 1381 2252 ct
1396 2187 1549 2252 honorum
1569 2187 1694 2268 imperii
1709 2187 1897 2268 supradicti,
1921 2188 2047 2252 turbatis

548 2293 767 2375 multipliciter
789 2297 822 2355 et
845 2291 1006 2373 oppressis
1037 2309 1073 2354 ac
1100 2289 1259 2354 nonnullis
1290 2309 1328 2354 ex
1360 2291 1406 2354 eis
1436 2296 1566 2372 proptor
1595 2291 1798 2355 adhesiouem
1822 2291 1993 2356 fautoriam
2021 2297 2046 2356 et

546 2397 829 2480 participaciouem
853 2396 952 2476 ipsius
976 2394 1131 2459 Ludouici
1155 2394 1316 2475 dampnati
1351 2400 1386 2458 ut
1416 2396 1576 2476 prefertur
1605 2395 1727 2477 maguis
1757 2401 1791 2460 et
1816 2396 1968 2476 gravibus
1989 2397 2046 2459 ani·

546 2521 666 2567 marum
690 2506 722 2566 et
744 2505 884 2564 statuum
907 2518 1035 2563 suornm
1058 2498 1209 2581 periculis
1233 2498 1386 2581 expositis
1403 2499 1551 2580 prodolor
1566 2504 1602 2563 et
1614 2500 1784 2564 subiectis:
1809 2500 1879 2564 vias
1897 2505 1929 2564 et
1944 2500 2043 2563 modos

546 2607 684 2671 libenter
707 2610 740 2669 et
763 2603 932 2686 diligenter
955 2604 1159 2685 exquirimus,
1194 2623 1252 2685 per
1274 2621 1354 2685 quos
1376 2604 1480 2686 possit
1502 2621 1596 2684 super
1628 2603 1781 2684 predictis
1805 2604 1930 2669 utiliter
1952 2610 1983 2669 et
2004 2623 2045 2668 sa·

546 2709 681 2774 lubriter
704 2707 872 2790 provideri,
890 2713 923 2772 et
937 2708 1065 2771 taudem
1089 2706 1321 2771 deliberacione
1338 2707 1504 2789 prehabita
1527 2707 1658 2789 provida
1673 2713 1706 2772 et
1720 2713 1846 2772 matura
1862 2708 2045 2773 deducentes

547 2815 580 2878 iu
603 2812 869 2877 consideraciouis
893 2830 1033 2890 oramen,
1057 2812 1152 2893 quod,
1187 2813 1214 2876 si
1245 2812 1293 2876 rir
1316 2812 1432 2893 aliquis
1463 2818 1622 2889 strenuus,
1657 2811 1833 2876 catholicus
1857 2819 1891 2878 et
1914 2813 2044 2889 (locotus,

547 2922 764 2983 assumeretur
787 2936 844 2998 per
866 2915 1058 2980 eleccionem
1081 2916 1120 2980 ad
1142 2916 1284 2996 regimen
1307 2917 1432 2997 imperii
1456 2915 1641 2998 sopradicti,
1665 2915 1791 2981 facilior
1814 2917 1855 2981 ad
1879 2917 1939 2983 hoc
1962 2917 2043 2999 pandi

547 3027 656 3104 posset
678 3021 783 3085 aditus
806 3024 840 3085 et
862 3020 914 3084 via
937 3019 1094 3085 salubrior
1117 3020 1244 3102 aperiri,
1277 3038 1334 3099 per
1356 3037 1524 3100 processus
1547 3027 1682 3100 nostros,
1706 3040 1786 3103 quos
1817 3021 1870 3086 die
1894 3021 1979 3086 Ceae
2000 3021 2044 3085 do

548 3127 623 3191 mini
647 3124 789 3207 proximo
804 3125 960 3207 preterita
972 3125 994 3206 ι)
1018 3129 1128 3189 contra
1148 3124 1307 3205 prefatum
1324 3124 1520 3189 Ludouicum
1537 3127 1668 3207 eiusque
1683 3125 1836 3215 fautores,
1854 3126 2042 3201 adherentes,

547 3231 719 3308 adiutores,
743 3229 903 3305 salitores,
928 3229 1097 3310 complices
1121 3234 1154 3293 et
1176 3246 1330 3310 sequaces
1352 3229 1529 3307 habuimus,
1560 3230 1600 3294 de
1622 3230 1754 3294 fratrum
1778 3235 1960 3295 nostrorum
1982 3248 2041 3294 cou-

547 3337 618 3400 silio
642 3340 790 3416 presente
814 3331 954 3396 fidelium
977 3333 1180 3397 multitudino
1204 3333 1333 3415 copiosa
1355 3334 1515 3414 principes
1539 3333 1694 3399 electores
1717 3335 1842 3416 imperii
1868 3339 1933 3398 tarn
1956 3333 2041 3398 eccle

547 3440 694 3504 siasticos
718 3457 812 3519 quam
834 3436 996 3502 seculares
1019 3437 1260 3501 commonendos
1285 3437 1433 3502 duximus
1464 3443 1497 3516 et
1518 3438 1698 3516 hortandos,
1734 3444 1768 3503 ut
1800 3438 1841 3503 ad
1866 3439 2039 3504 eleccionem

547 3544 586 3608 de
610 3562 684 3625 rege
707 3544 738 3606 iu
761 3544 985 3623 imperatorem
1008 3542 1219 3607 Rornanorum
1242 3542 1440 3624 postmodum
1465 3543 1676 3624 promovendo
1696 3543 1921 3610 celebrandam
1945 3562 2039 3609 come

547 3649 616 3712 uire
638 3667 675 3711 ac
698 3646 831 3711 adeam
855 3646 1027 3728 procedere
1049 3650 1301 3727 procurarent.·)
1326 3646 1405 3711 Cum
1422 3653 1527 3711 autem
1550 3666 1676 3712 morosa
1695 3648 1727 3712 in
1742 3648 1802 3712 hac
1825 3656 1920 3730 parte
1943 3648 2037 3714 dilacio

546 3752 726 3833 periculosa
756 3752 887 3814 nimium
921 3755 1052 3831 propter
1083 3770 1130 3828 ea,
1166 3770 1228 3832 que
1258 3751 1414 3832 premissa
1444 3755 1527 3829 suut,
1563 3757 1596 3816 et
1623 3752 1694 3830 alia,
1728 3753 1864 3833 quaeis
1887 3757 2037 3819 occurrunt

549 3856 756 3938 temporibus,
779 3854 890 3936 procul
913 3854 1008 3919 dubio
1032 3859 1208 3932 censeatur,
1232 3853 1429 3918 nobilitatem
1443 3859 1531 3919 tuaru
1547 3872 1703 3937 rogamus,
1721 3855 1915 3936 requirimus
1934 3863 1967 3921 ot
1983 3856 2036 3920 hor·

546 3966 652 4024 tamm
675 3964 807 4037 attente,
831 3963 990 4040 quatenus
1014 3958 1053 4021 ad
1076 3958 1278 4022 vocaciouem
1301 3978 1328 4022 v.
1353 3957 1374 4022 f.
1399 3978 1427 4022 n.
1449 3958 1587 4038 dodaci,
1611 3959 1843 4041 archiepiscopi
1866 3959 2034 4043 Magantiui,

546 4064 586 4128 ad
610 4064 801 4129 eleccionem
824 4062 999 4143 predictam
1023 4082 1086 4126 una
1102 4081 1171 4126 cum
1187 4064 1303 4128 ceteris
1319 4064 1510 4128 electoribus
1534 4066 1711 4141 convenire,
1735 4065 1763 4129 si
1787 4069 1820 4127 et
1844 4065 2030 4147 inquantum

545 4168 586 4231 ad
609 4174 642 4233 to
665 4167 865 4248 pertinuerit,
890 4184 951 4228 uon
974 4172 1157 4248 postponas.
1182 4166 1249 4232 Nos
1273 4172 1389 4244 autem,
1415 4168 1578 4248 cupientes
1601 4167 1782 4233 huiusmodi
1806 4169 1976 4234 eleccionis
1994 4185 2033 4232 ne

514 4279 518 4286 '
546 4272 669 4353 gociurn
692 4271 884 4353 prosperari,
908 4269 1018 4334 taliter
1040 4270 1264 4348 ordinabimus,
1289 4270 1372 4351 quod
1397 4270 1442 4334 illi
1466 4290 1504 4334 ex
1528 4271 1729 4351 electoribus,
1751 4272 1806 4353 qui
1829 4279 1962 4355 proptor
1982 4271 2033 4336 fau·

545 4376 660 4440 teriam
683 4375 886 4439 adhesionom
910 4379 943 4437 et
966 4374 1247 4454 participacionem
1270 4373 1425 4438 Ludouici
1457 4375 1592 4454 predicti
1616 4381 1690 4441 sunt
1713 4376 2031 4442 excommunicacionis

546 4479 717 4543 sentenciis
741 4477 893 4556 innodati,
929 4477 1002 4541 dum
1033 4482 1139 4541 tamen
1163 4478 1203 4541 ab
1227 4477 1347 4542 eisdem
1378 4478 1551 4544 adhesioue
1582 4480 1718 4545 fautoris
1750 4485 1784 4544 et
1805 4481 2033 4563 participaciouo

546 4584 674 4663 ponitus
697 4582 856 4646 desistant
880 4580 920 4643 de
943 4585 1049 4644 cetero
1066 4587 1098 4645 et
1115 4582 1170 4659 illi,
1195 4582 1249 4662 qui
1272 4581 1411 4662 eligetur
1429 4583 1460 4646 in
1475 4602 1582 4664 regem
1606 4591 1641 4647 ut
1657 4584 1862 4664 premittitur,
1887 4580 2033 4648 dummodo

546 4686 680 4749 ecclesio
703 4685 847 4766 predicto
870 4686 1008 4766 graciam
1025 4689 1058 4747 ct
1074 4687 1323 4749 communionem
1347 4687 1489 4749 obtineat
1505 4692 1537 4750 et
1554 4687 1656 4751 eidem
1672 4689 1715 4751 sit
1731 4687 1876 4765 devotus,
1900 4689 2034 4753 assistant

545 4789 684 4853 fideliter
707 4808 776 4852 caru
801 4789 925 4866 effectu,
950 4807 990 4852 ne
1014 4788 1191 4869 impugnari
1216 4789 1332 4866 valeat,
1357 4789 1440 4870 qnod
1465 4790 1495 4852 in
1520 4788 1678 4854 eleccione
1701 4792 1771 4872 ipsa
1793 4810 1853 4872 per
1875 4810 1931 4855 eos
1949 4796 2034 4853 acturo

545 4895 697 4971 extiterit,
734 4894 821 4957 iuxta
851 4893 982 4955 formam
1014 4890 1150 4955 ecclesio
1180 4894 1395 4970 absolventm·,
1430 4911 1488 4956 neo
1518 4899 1550 4957 te
1581 4913 1619 4958 ac
1649 4897 1778 4976 quosvis
1805 4895 1888 4961 alios
1912 4894 2035 4958 volnms

547 4998 702 5079 ignorare,
736 4996 819 5077 quod
844 5015 1031 5076 quecunque
1055 4995 1287 5077 colligaciones,
1323 4997 1610 5075 ‹torrfoderaciones
1645 5000 1814 5080 pacciorros
1845 5005 1878 5064 et
1901 4998 1971 5081 lige,
1992 5014 2036 5077 prr

546 5119 751 5182 quoscunque
775 5119 845 5163 curn
869 5099 980 5162 ermom
1003 5099 1165 5162 Lmlouico
1182 5101 1240 5164 sub
1257 5119 1445 5181 quacunque
1468 5102 1569 5165 forma
1593 5102 1641 5165 vel
1666 5103 1871 5183 inpressione
1888 5103 2036 5167 verborum

546 5206 634 5281 inito,
658 5224 695 5269 ac
719 5206 898 5268 iuramenta
921 5201 1086 5265 fidelitatis
1117 5207 1150 5266 ot
1180 5203 1243 5266 alia
1275 5222 1401 5284 quoquc
1433 5205 1493 5268 sibi
1522 5207 1656 5286 prestita
1678 5224 1736 5288 per
1760 5206 1863 5273 dictos
1887 5219 2037 5289 processus

545 5309 642 5384 nulla,
666 5326 759 5371 cassa
782 5311 815 5370 et
839 5307 929 5370 irrita
953 5306 1114 5368 declarata
1137 5312 1170 5370 ot
1193 5308 1344 5370 nunciata
1366 5314 1441 5371 suut
1463 5308 1647 5391 uallumque
1674 5310 1715 5374 ad
1738 5330 1848 5375 eorum
1871 5307 2037 5376 observaci-

545 5430 635 5477 ouem
659 5411 761 5474 tenori
785 5407 1022 5491 quomodolibet
1044 5408 1093 5471 vol
1118 5411 1251 5490 astringi
1276 5416 1318 5487 ot,
1343 5416 1502 5491 quatenus
1525 5414 1564 5476 de
1585 5412 1670 5478 facto
1688 5420 1921 5494 processerant,
1944 5408 2038 5496 annul·

544 5517 621 5592 lata,
657 5521 783 5579 cassata
807 5520 839 5576 ot
862 5513 990 5576 irritata
1020 5511 1158 5592 fuomn,
1192 5515 1343 5594 gravibus
1374 5514 1595 5580 nichilominus
1626 5519 1716 5598 penis
1748 5517 1879 5584 inflictis
1902 5517 2039 5582 adsersus

544 5636 609 5698 eos,
634 5620 687 5699 qui
712 5617 831 5682 eisdem
856 5613 1127 5695 colligationibus
1152 5615 1477 5697 confoderacionibus,
1501 5619 1573 5702 ligis
1596 5626 1630 5684 et
1647 5622 1854 5702 pacciouibus
1879 5625 2038 5687 uterentur.

547 5725 584 5788 l).
609 5723 767 5786 Aninione
791 5720 859 5784 llll
882 5717 947 5781 kal.
972 5718 1049 5781 Maii
1074 5738 1101 5782 a.
1127 5726 1249 5799 quarte.
