5184 7050
549 826 612 891 206

542 1035 638 1100 353.
652 1034 824 1109 deitatates,
840 1052 897 1121 rea
914 1031 1090 1106 Boberniac,
1106 1032 1277 1116 supplicat,
1294 1038 1450 1115 quatenus
1458 1032 1629 1112 familiari
1648 1032 1814 1097 domestico
1831 1053 1887 1097 suo
1902 1032 2058 1099 Arnmtdo

545 1138 584 1200 de
606 1139 715 1215 Bosco,
740 1136 870 1200 diacorw
893 1134 1121 1220 Sanctipapuli
1143 1137 1283 1212 diocesis,
1308 1137 1346 1202 de
1374 1137 1518 1221 beneficio
1541 1158 1611 1220 curn
1642 1137 1690 1201 cel
1719 1138 1787 1202 sine
1812 1159 1901 1212 σανα,
1925 1143 2058 1203 uocarite

547 1241 593 1305 oel
614 1245 784 1331 caemuro,
799 1240 842 1302 ad
863 1238 1060 1304 collationem
1081 1240 1228 1324 episcopi,
1244 1242 1357 1306 decani
1379 1246 1409 1305 et
1431 1241 1567 1325 capitali
1588 1240 1735 1306 ecclesiae
1754 1242 1964 1324 Linponensis
1982 1263 2058 1326 pro

547 1344 702 1409 nitemur.
746 1343 833 1419 ,liat
860 1364 958 1431 usque
988 1344 1031 1408 ad
1059 1365 1216 1409 αανααιανα
1245 1346 1414 1426 seccpinta
1442 1345 1598 1411 librarum
1632 1367 1703 1411 σανα
1725 1367 1814 1422 σανα,
1839 1347 2060 1429 quadrapinta

548 1448 616 1513 sine
639 1469 718 1512 curo
740 1449 778 1513 R.
823 1447 938 1512 liciam
961 1448 996 1513 in
1017 1449 1148 1515 ecclesio
1169 1449 1347 1514 cathedrali
1370 1451 1420 1515 R}
1467 1453 1547 1515 Item
1575 1450 1749 1535 supplicat,
1779 1455 1935 1533 quatem
1957 1451 2058 1516 eidem

550 1551 704 1617 Arnmtdo
733 1551 876 1633 officium
905 1551 1130 1638 tabellionatus
1152 1553 1349 1636 concedatur.
1394 1554 1497 1633 diat,
1512 1554 1543 1619 si
1564 1554 1608 1619 sit
1629 1554 1795 1638 sufficiens
1817 1556 1888 1638 Rs>
1904 1606 1912 1620 .
1930 1606 1937 1621 .
1956 1605 1992 1620 ..
2015 1556 2057 1619 D.

955 1654 1114 1721 Aninione
1144 1658 1231 1722 VIII
1245 1657 1309 1723 lcal.
1334 1658 1419 1723 Maii
1442 1681 1470 1723 a.
1494 1658 1650 1724 secundo!

1515 1832 1679 1909 nunna,
1701 1833 1790 1900 1344
1811 1831 1939 1918 upum
1960 1837 2014 1902 er.

655 2018 803 2075 Clementis
821 2017 859 2073 VI
876 2018 902 2074 S.
921 2018 976 2088 Illa
995 2024 1033 2086 (4)
1051 2019 1070 2074 t.
1089 2027 1148 2075 312.
1168 2051 1198 2060 —
1222 2023 1241 2089 ι)
1259 2021 1352 2076 littera
1369 2022 1424 2077 ists
1440 2036 1497 2076 non
1515 2026 1558 2075 est
1574 2026 1693 2106 reperta.

549 2492 644 2557 354.
666 2490 819 2555 Arrtaudo
842 2492 880 2554 de
894 2494 1005 2567 Bosco,
1023 2492 1193 2572 fertiliori
1207 2493 1373 2557 dorrrestico
1388 2494 1557 2573 Iohannis,
1573 2494 1657 2576 repis
1672 2493 1852 2569 Bobemiae,
1870 2496 2061 2579 providetur

552 2594 595 2657 ad
624 2594 886 2677 supplicationem
915 2595 1053 2659 eiusdem
1083 2597 1167 2677 repis
1197 2598 1235 2661 de
1263 2598 1409 2680 beneficio
1435 2599 1644 2663 ecclesiastico
1667 2620 1736 2663 eum
1758 2599 1805 2663 cel
1826 2600 1895 2663 sine
1916 2620 2006 2670 cura.
2030 2602 2062 2664 si

552 2699 633 2780 quod
655 2698 689 2762 in
710 2699 851 2778 ecclesia,
874 2699 1002 2763 ciuitate
1024 2701 1070 2764 oel
1093 2701 1209 2766 diocesi
1232 2702 1423 2786 Linponeusi
1444 2707 1539 2768 cocat
1562 2704 1785 2786 adpraesens,
1808 2703 1856 2767 uel
1877 2725 1949 2768 σανα
1962 2726 2061 2769 αασα-

550 2802 640 2877 verit,
663 2802 751 2867 corius
767 2806 899 2883 frotetus
921 2807 965 2870 60
986 2828 1068 2888 resp.
1090 2808 1134 2870 40
1155 2805 1312 2870 librarum
1337 2808 1565 2871 turonensium
1583 2827 1757 2889 pardonum
1780 2828 1805 2871 s.
1825 2812 1847 2872 t.
1864 2808 1894 2872 d.
1918 2807 2062 2873 calorem

553 2927 691 2971 annerum
729 2927 790 2972 rton
832 2910 991 2988 excedant,
1024 2916 1187 2994 spectante
1228 2911 1272 2975 ad
1307 2910 1502 2974 collationem
1535 2910 1683 2994 episcopi,
1716 2910 1830 2975 decani
1859 2914 1891 2975 et
1922 2911 2063 2995 capitali

607 3011 823 3093 Linponensis.
849 3016 901 3091 J).
926 3012 1083 3079 Aninionc
1112 3016 1193 3079 VIII
1212 3014 1276 3079 ital.
1302 3014 1387 3081 Maii
1410 3036 1439 3078 α.
1463 3015 1616 3081 secundo}
1640 3016 1755 3080 Forma
1777 3020 1814 3079 ut
1834 3015 1870 3080 in
1891 3037 1921 3080 n.
1947 3018 2000 3081 tc.

586 3218 590 3226 ,
612 3181 638 3321 i
654 3201 698 3323 i·
1515 3207 1678 3283 numm,
1703 3208 1789 3272 ism
1810 3205 1937 3291 Apate
1958 3210 2013 3274 24.

656 3408 803 3464 Clementis
820 3409 858 3465 VI
875 3412 900 3464 A
918 3411 974 3482 Illo
994 3414 1049 3481 (tc)
1068 3412 1086 3465 i,
1105 3417 1165 3479 530,
1189 3412 1223 3465 de
1241 3412 1381 3468 beneficiis
1406 3429 1467 3468 cum
1485 3415 1527 3468 vel
1546 3413 1606 3468 cine
1630 3429 1697 3468 cura
1721 3415 1773 3469 sub
1795 3414 1988 3484 expectatione
2007 3433 2054 3485 qu.

555 3501 569 3548 7
583 3514 615 3548 z
627 3496 660 3549 V.
681 3501 730 3550 158
749 3496 766 3550 f.
786 3501 836 3552 398
854 3513 880 3551 n.
901 3504 959 3552 ⁷40.

551 3883 644 3948 355.
668 3881 810 3961 Carolus,
833 3883 974 3946 irrarcbio
993 3885 1167 3961 Moror-iac,
1184 3885 1355 3968 supplicat,
1373 3890 1527 3966 urimenus
1543 3886 1688 3967 Hpnconi
1703 3885 1854 3950 Sirrilonis
1875 3887 1914 3950 ele
1934 3888 2060 3952 Veturia

552 3987 591 4051 de
619 3986 763 4068 beneficio
792 3988 860 4052 siue
890 4009 968 4052 cura
997 3993 1147 4053 vacaturo
1178 3992 1220 4054 ad
1254 3991 1450 4055 collationem
1483 3992 1620 4074 episcopi
1653 3997 1683 4055 et
1716 3992 1850 4076 capitali
1883 3993 2058 4074 Propensis

1194 4095 1411 4177 provideatur.

1516 4180 1680 4262 Aoiniorw,
1703 4186 1789 4248 1344
1812 4180 1938 4266 Aprilis
1961 4184 2013 4249 27.

657 4370 820 4450 supplicat
843 4373 873 4437 S.
899 4373 934 4436 V.
959 4373 1180 4436 ‹levetissimus
1204 4378 1310 4436 vester
1333 4373 2057 4455 Karous,1narchi0Morauie,quatenussibi

553 4477 585 4540 iu
609 4496 774 4557 prcusomuu
796 4476 904 4540 dilecti
927 4478 976 4541 sui
999 4477 1161 4556 Hinconis,
1185 4478 1251 4541 nati
1274 4477 1439 4559 Smylonia
1463 4478 1572 4541 nubtis
1596 4478 1635 4541 ele
1658 4477 1813 4556 Wetauia,
1845 4477 1953 4544 clerici
1984 4478 2058 4545 Olo-

553 4582 710 4645 niterensis
734 4582 878 4658 eliocesis,
903 4582 1072 4662 specialem
1095 4583 1232 4663 muciam
1255 4583 1417 4661 facientes,
1436 4584 1538 4648 eidem
1560 4583 1696 4649 Hincoui
1719 4583 1759 4647 ele
1780 4581 1934 4648 beneficio
1958 4583 2058 4648 ecclc·

553 4686 681 4750 siastieo
705 4686 772 4749 sine
797 4706 881 4764 cura,
905 4693 1069 4767 spectante
1093 4709 1118 4751 c.
1135 4687 1185 4750 uel
1203 4687 1233 4750 d.
1251 4688 1290 4750 nd
1314 4686 1526 4766 collusionem,
1551 4707 1636 4769 prov.
1654 4708 1710 4751 seu
1727 4708 1756 4769 q.
1773 4708 1800 4751 a.
1813 4688 1842 4751 d.
1861 4739 1867 4751 .
1886 4738 1893 4751 .
1917 4689 2058 4769 episcopi

553 4797 585 4854 et
608 4791 738 4872 capituli
763 4792 937 4872 Pragensia
961 4793 988 4854 si
1011 4793 1094 4872 quod
1117 4793 1216 4855 eciam
1241 4792 1271 4854 in
1295 4790 1430 4855 ecclesia
1462 4794 1612 4873 Pragcusi
1642 4799 1733 4857 uacat
1765 4792 1803 4855 ad
1836 4811 1976 4873 [ireseum
2008 4792 2056 4855 vel

554 4917 623 4962 eum
654 4897 821 4974 vacaverit,
852 4897 1025 4976 dignemini
1054 4897 1228 4977 presidere,
1258 4917 1328 4959 eum
1352 4899 1579 4976 ieseiuacioue,
1603 4898 1833 4978 succeptaciona
1858 4896 2057 4973 inhibitione,

554 5002 692 5081 «neren,
719 5001 870 5064 anteieni
893 5008 925 5064 et
948 5000 1018 5064 aliis
1042 5000 1191 5064 clausulis
1215 5008 1247 5064 et
1270 5021 1331 5065 nou
1355 5002 1553 5066 obstantibus
1584 5001 1746 5083 cpmtuuis
1771 5006 1803 5064 et
1826 5001 2056 5065 executoribus.

658 5107 729 5169 Fiat
752 5106 788 5168 a.
835 5107 878 5170 Et
900 5126 929 5186 q.
953 5110 975 5169 t.
1000 5125 1024 5168 s.
1049 5126 1075 5168 u.
1101 5105 1119 5168 Ι.
1167 5106 1237 5170 Fiat
1260 5107 1296 5169 R.

658 5212 738 5275 Item
761 5211 931 5292 ‹liguemiui
955 5216 1084 5292 propter
1106 5210 1333 5293 longitudinem
1356 5216 1389 5275 ct
1411 5212 1553 5292 pericula
1575 5213 1705 5288 viarum,
1730 5218 1765 5274 ut
1794 5213 1944 5292 parcatur
1973 5209 2058 5274 labo-

553 5316 641 5378 ribus
665 5317 877 5400 etaexpeusis,
902 5317 1097 5380 eoniniittere
1125 5335 1255 5379 exaineu
1279 5315 1379 5395 ipsius
1403 5316 1442 5379 ml
1465 5321 1581 5396 partes.
1628 5316 1700 5379 Fiat
1721 5315 1757 5378 R.
1771 5314 1794 5385 ¹)
1839 5314 1878 5377 D.
1903 5313 2058 5377 Aninioue

552 5419 580 5483 V
605 5418 664 5482 kal.
690 5419 768 5483 Maii
790 5441 817 5485 a.
842 5421 989 5485 secunde.

657 5607 805 5663 Clementis
824 5610 905 5664 VIS.
925 5610 979 5678 Ην.)
998 5614 1036 5675 (t)
1053 5610 1070 5661 f.
1091 5614 1149 5661 32³8.
1168 5639 1201 5646 -
1222 5610 1240 5672 ¹)
1258 5606 1351 5660 littera
1371 5610 1431 5675 ipsa
1451 5626 1505 5662 nou
1524 5616 1567 5662 est
1585 5614 1706 5676 reperta.
