5184 7050
543 864 609 935 538

542 1094 637 1140 rnanu
660 1073 788 1156 propriu
813 1071 915 1136 cidenr
939 1071 969 1137 S.
994 1071 1031 1134 V.
1056 1071 1193 1153 scripsit,
1219 1072 1249 1135 iu
1275 1071 1499 1154 hrpcntinensi
1523 1075 1555 1134 et
1578 1070 1720 1152 Spirensi
1750 1069 1901 1135 ecclesiis
1932 1068 2047 1132 exitioni-

542 1187 634 1244 cstus
646 1184 679 1243 et
690 1178 868 1259 prehendas
884 1177 1030 1240 obtinens
1046 1182 1080 1239 ct
1095 1177 1196 1240 rninor
1212 1177 1304 1240 arinis
1321 1177 1461 1241 existens
1474 1177 1506 1239 iu
1519 1174 1707 1252 Zintsuilre‚
1722 1175 1754 1239 in
1770 1173 2047 1255 l'ulkriegeshcirn,

543 1286 576 1349 in
599 1281 832 1358 Schiltcrsdori,
857 1281 888 1344 iu
912 1281 1104 1359 Sucrslreiru,
1123 1281 1154 1344 in
1170 1280 1359 1357 Bulrsuilre
1377 1281 1409 1344 iu
1433 1279 1584 1344 Orsuilre
1608 1285 1641 1343 et
1665 1280 1696 1343 in
1720 1278 1958 1343 Wcrsselnhehn
1987 1296 2048 1358 purr-

542 1387 700 1454 rochiales
716 1386 880 1463 ccclesias,
896 1386 1137 1467 Argentiuensis
1154 1386 1300 1461 diocesis,
1317 1404 1438 1449 necnon
1456 1385 1629 1449 carrtoriarn
1646 1383 1785 1449 ecclesie
1803 1382 2047 1465 Argentineusis,

543 1512 605 1574 que
628 1492 766 1573 dignitas
789 1510 851 1554 ntur
875 1494 987 1555 cirrata
1017 1491 1135 1567 existit,
1168 1510 1205 1553 ac
1234 1491 1454 1572 pinceruaturn
1486 1489 1627 1554 eiusdeur
1659 1488 1805 1565 ecclesie,
1837 1487 1892 1568 qui
1925 1485 2048 1568 simplex

543 1596 681 1662 officiunt
705 1596 822 1673 existit,
847 1594 1036 1676 quandoque
1059 1614 1116 1675 per
1139 1594 1281 1675 prelatos
1304 1596 1493 1676 quandoque
1517 1613 1574 1675 per
1597 1593 1765 1657 cairouicos
1793 1592 1898 1673 ipsius
1921 1590 2048 1655 ecclesie

543 1701 657 1766 solitus
679 1701 830 1778 exerceri,
854 1701 1034 1763 sircrccssire
1057 1700 1116 1763 sibi
1141 1698 1272 1764 collatos
1295 1699 1403 1764 extitit
1426 1705 1591 1763 assecutus
1615 1716 1716 1779 eaque
1740 1697 1847 1761 ornnia
1871 1694 2045 1778 perplures

542 1823 642 1870 annos
664 1803 757 1869 sinrul
780 1804 885 1869 tenuit
907 1810 940 1867 et
962 1804 1114 1884 possedit,
1139 1810 1233 1885 prout
1255 1804 1360 1869 adhuc
1382 1808 1471 1868 tenet
1495 1808 1528 1867 ct
1546 1801 1700 1886 possidet,
1724 1801 1850 1866 fructus
1873 1799 2046 1882 percipiens

543 1927 582 1974 ex
605 1909 735 1985 eisdenr,
759 1927 857 1990 seque
887 1913 959 1990 post
990 1907 1169 1989 aliquarum
1201 1907 1356 1971 dictarunt
1379 1907 1587 1971 eeclesiarum
1610 1906 1804 1988 nrlepciones
1827 1905 1908 1970 fecit
1930 1904 1962 1968 in
1985 1904 2049 1967 sub·

543 2014 710 2079 diaconunr
734 2013 874 2077 ordinari
897 2018 930 2075 et
953 2013 985 2075 in
1008 2013 1077 2092 ipso
1101 2012 1212 2077 ordine
1236 2011 1395 2076 interdurn
1419 2012 1518 2075 eciam
1541 2011 1744 2087 ministrarit,
1769 2009 1922 2092 quodque
1956 2026 2048 2089 nuper

544 2124 677 2183 vacante
700 2117 858 2181 ‹lecanatu
881 2116 1016 2181 ecclesie
1040 2117 1281 2197 hr·gcutineusis
1305 2116 1346 2180 ad
1370 2115 1459 2180 illurn
1483 2116 1604 2180 electus
1628 2116 1716 2180 etin
1740 2133 1778 2179 eo
1795 2112 2000 2178 confirmatus
2017 2131 2046 2175 cc

546 2223 578 2287 iu
603 2224 703 2305 ipsius
725 2222 958 2303 possessionem
982 2219 1130 2284 inductus
1154 2222 1261 2285 extitit
1283 2220 1469 2302 fructusque
1487 2220 1611 2302 aliquos
1635 2219 1711 2283 licet
1732 2237 1856 2301 paucos
1877 2238 1917 2283 ex
1933 2237 1970 2282 eo
1985 2236 2046 2298 per·

547 2327 641 2410 cepit,
666 2327 705 2390 de
729 2345 790 2407 quo
815 2325 874 2388 sihi
898 2326 1023 2390 noviter
1046 2325 1077 2388 in
1100 2324 1240 2389 Borrrana
1272 2325 1361 2389 curia
1391 2324 1430 2389 lis
1465 2331 1515 2389 est
1548 2330 1643 2389 ruota.
1690 2325 1810 2402 Quare,
1846 2342 1920 2388 cunr
1953 2322 2046 2385 (lictus

543 2430 708 2497 dolrannes
730 2430 822 2493 horno
846 2428 939 2493 valde
961 2428 1076 2493 nobilis
1099 2434 1132 2493 et
1155 2431 1253 2494 eciam
1278 2430 1526 2511 circumspectus
1550 2436 1582 2492 et
1606 2431 1637 2493 iu
1660 2429 1726 2493 suis
1749 2428 1901 2511 partibus
1923 2426 2045 2491 multuu

544 2535 737 2601 honorabilis
761 2540 857 2618 atque
880 2541 994 2617 potens
1018 2544 1188 2617 sancteque
1212 2535 1352 2598 Romane
1376 2534 1511 2599 ecclesie
1534 2534 1638 2599 fidelis
1661 2535 1788 2611 existat,
1817 2534 1953 2615 eiusque
1983 2550 2045 2595 eorr-

543 2641 649 2706 siliurn
672 2646 705 2705 et
728 2640 881 2704 auxiliurn
906 2641 937 2704 in
961 2642 1083 2720 incenis
1106 2646 1139 2705 ct
1162 2640 1270 2704 arduis
1294 2639 1425 2721 agendis
1449 2640 1491 2704 sit
1514 2647 1547 2703 et
1569 2638 1667 2703 fuerit
1686 2636 1860 2720 plurirnurn
1876 2636 1956 2701 utile
1971 2636 2044 2699 ‹licu

543 2747 620 2828 regi.
645 2746 758 2809 deuote
782 2745 941 2827 supplicat
965 2746 1048 2810 idenr
1070 2766 1135 2823 rex,
1159 2752 1317 2826 quatenns
1340 2746 1402 2810 sibi
1425 2744 1686 2826 specialissimam
1717 2743 1861 2824 graciarn
1892 2741 2042 2805 iacientes.

544 2850 679 2914 eundern
701 2850 878 2914 iohannem
903 2870 920 2913 a
945 2850 1184 2931 quibuscunque
1218 2849 1554 2913 excommunicacionis
1589 2855 1621 2911 ct
1655 2848 1727 2914 aliis
1762 2847 1949 2920 sentenciis,
1972 2864 2041 2925 quas

544 2960 713 3037 propterea
737 2954 931 3031 incurrisset,
955 2954 1119 3018 absolvere
1143 2961 1176 3017 et
1199 2973 1269 3019 cirin
1293 2972 1330 3017 co
1354 2973 1451 3035 super
1473 2951 1708 3035 irregularitate
1724 2955 1905 3028 contracte,
1921 2956 1953 3013 et
1967 2947 2040 3029 qnod

545 3061 576 3123 in
599 3060 757 3140 susceptis
779 3059 942 3123 ordinibus
965 3059 1145 3124 nrinistrare
1176 3058 1291 3134 ualeat,
1324 3058 1509 3139 ‹lispensurc
1540 3075 1674 3139 euinque
1705 3056 1853 3139 querrarie
1888 3054 2041 3119 habilitare

544 3183 581 3228 ac
604 3165 635 3228 in
658 3164 814 3243 integrum
839 3164 1009 3227 restituere
1032 3165 1072 3228 ed
1094 3170 1185 3227 actus
1208 3163 1368 3245 quoslibet
1391 3169 1423 3227 et
1446 3161 1486 3227 ad
1518 3162 1633 3226 famam
1667 3161 1860 3243 frxrctusque
1895 3159 2040 3241 predictos

544 3268 648 3333 eidcnr
681 3268 818 3332 iohanni
854 3268 1016 3332 remittere.
1051 3287 1108 3333 sen
1143 3269 1253 3348 pocius
1277 3268 1339 3349 ipsi
1362 3268 1430 3349 regi
1453 3266 1570 3331 donare
1593 3265 1719 3347 ipsique
1741 3264 1894 3341 Johanni,
1919 3281 1995 3328 nuuc
2016 3262 2039 3324 iu

545 3378 630 3438 etate
653 3371 795 3454 legitima
817 3373 966 3437 existenti
989 3378 1022 3436 et
1045 3373 1204 3454 predictas
1228 3375 1260 3438 iu
1283 3372 1475 3449 Zincsuilre,
1500 3373 1531 3436 in
1554 3370 1811 3452 Fulkriegshein,
1832 3371 1866 3434 in
1883 3367 2038 3435 Schileers-

544 3475 618 3542 dori
631 3481 664 3541 et
680 3477 711 3541 iu
728 3476 900 3542 Suershein
917 3477 1131 3559 parrochiales
1148 3478 1300 3542 ecclesias
1317 3477 1356 3542 ed
1372 3477 1553 3542 rnarnlatuiu
1577 3483 1719 3541 restrunr
1743 3474 1910 3557 resignare
1933 3480 2037 3556 paruo.

545 3582 584 3646 de
607 3582 846 3646 canonicatibus
869 3588 902 3646 et
924 3583 1104 3663 prebendis,
1129 3584 1326 3664 pincernatu,
1351 3584 1503 3660 coritoria,
1521 3583 1552 3646 in
1568 3580 1803 3645 ll'usselnheinr
1826 3587 1861 3643 et
1886 3581 1917 3644 in
1939 3575 2036 3644 Orsuil

543 3684 797 3767 parrochialibus
820 3686 964 3750 ecclesiis
988 3686 1149 3767 predictis,
1173 3706 1306 3768 quorum
1329 3687 1461 3764 fructus,
1485 3686 1629 3750 redditus
1653 3692 1686 3749 et
1710 3691 1886 3766 prouentus
1907 3682 1959 3748 CL
1970 3700 2037 3745 irrer-

544 3789 674 3854 cburunr
709 3791 832 3871 argenti
866 3791 1039 3854 secuuduur
1073 3792 1271 3856 taxacioncnr
1307 3793 1428 3856 deciure
1462 3791 1601 3855 ralorenr
1636 3809 1776 3854 uirnuurn
1800 3809 1864 3852 non
1888 3787 2037 3856 excedunt,

544 3895 645 3958 ecianr
668 3895 695 3959 si
719 3894 782 3958 alio
805 3896 916 3976 quouis
938 3894 1031 3959 rnodo
1054 3901 1206 3960 uacarent
1228 3903 1260 3959 et
1283 3896 1324 3960 ad
1344 3897 1587 3978 disposicionem
1604 3895 1690 3960 sedis
1707 3894 1887 3975 apostolice
1904 3891 2036 3959 deuolute

545 4005 602 4062 cut
623 3999 723 4063 ecianr
745 3999 847 4063 eidenr
871 4000 1063 4079 generaliter
1086 4001 1135 4064 rel
1159 4001 1343 4082 specialiter
1365 4008 1532 4066 reservata
1555 4001 1668 4074 forent,
1701 3997 1871 4080 proridere
1903 3998 1942 4060 de
1972 4012 2037 4059 noro

544 4102 715 4183 ilignenini
739 4104 890 4184 gruciose,
915 4123 985 4168 eum
1008 4124 1055 4180 eo,
1080 4110 1115 4168 ut
1137 4124 1198 4169 nou
1222 4106 1423 4172 obstantibus
1442 4104 1600 4186 generalis
1617 4101 1742 4166 concilii
1759 4107 1792 4165 et
1808 4102 2035 4183 quibuscunque

545 4206 617 4270 aliis
641 4208 923 4271 constitucionilurs
946 4209 1130 4290 apiostolicis
1154 4211 1322 4274 ‹corrtrariis
1339 4211 1543 4274 cairruricatus
1560 4215 1591 4273 ct
1609 4208 1798 4289 preberrdas,
1823 4209 2037 4288 pinceruntuu.

547 4312 722 4375 centoriaur
746 4317 779 4375 et
803 4313 989 4377 ilecarrcturn
1012 4314 1199 4394 predictuur,
1224 4333 1294 4378 euru
1319 4314 1406 4377 illurn
1430 4313 1526 4378 fucrit
1557 4311 1687 4394 paciliee
1718 4317 1900 4376 assecutus.
1923 4311 2038 4374 dinrisss

544 4420 651 4479 teruen
675 4421 750 4480 tuirc
774 4418 914 4480 carituris
937 4417 1089 4498 predicta,
1114 4419 1207 4481 sinrul
1230 4418 1318 4481 licite
1341 4418 1447 4482 valcat
1470 4419 1620 4494 retinere,
1644 4417 1896 4481 misericorditer
1927 4415 2037 4496 dispen-

546 4527 654 4584 santes
678 4522 811 4603 sibiqnc,
835 4522 919 4602 quod
943 4523 1148 4586 cairouicatus
1172 4528 1203 4585 et
1227 4522 1406 4603 preherulas
1430 4528 1462 4585 et
1485 4524 1704 4604 pincernaturn
1726 4539 1764 4583 cc
1792 4521 1966 4584 cerdoniani
1993 4534 2037 4579 seu

545 4625 732 4688 decanaturn
754 4626 926 4707 predictos,
951 4645 1020 4689 crrru
1044 4625 1132 4689 illurn
1156 4641 1189 4688 ut
1211 4626 1373 4707 prefertur
1396 4626 1492 4690 luerit
1516 4633 1693 4703 assecutus,
1717 4631 1750 4689 et
1774 4625 1880 4689 dictas
1900 4623 2037 4688 ecclesias

545 4730 761 4810 parrochiales
791 4749 829 4793 ex
860 4749 957 4794 carisa
987 4731 1236 4811 pcnnntaciouis
1267 4730 1316 4793 rel
1348 4731 1430 4795 alias
1461 4749 1539 4811 pure
1569 4737 1601 4794 et
1625 4728 1814 4812 simpliciter
1838 4730 1993 4794 dinrittere
2013 4733 2036 4784 el

543 4833 675 4897 totideiu
699 4833 762 4897 alia
784 4834 938 4898 borreticiu
961 4835 1187 4913 ecclesiastico,
1212 4855 1399 4917 quecunque
1423 4835 1551 4911 luerint,
1576 4835 1675 4898 eciarn
1700 4835 1727 4898 si
1751 4835 1882 4899 rrraioris
1917 4834 2034 4897 extirnc·

548 4938 646 5000 ciouis
670 4939 843 5017 extiterint,
868 4939 1033 5003 ‹lurrnnodo
1057 4941 1117 5004 sibi
1142 4939 1220 5004 ullas
1244 4942 1393 5004 «erronice
1418 4941 1629 5015 conferantur,
1655 4938 1722 5002 locro
1747 4938 1951 5002 diruissorunr
1973 4934 2037 4999 rcri-

548 5061 622 5122 pere
645 5048 678 5106 et
701 5062 765 5106 curra
789 5062 857 5106 cirin
882 5045 1021 5108 obtentis
1043 5044 1130 5109 licite
1154 5046 1291 5108 retinere
1316 5044 1410 5125 idque
1434 5045 1472 5108 de
1496 5045 1633 5125 receptis
1656 5041 1838 5106 luriusruodi
1863 5042 2036 5107 successise.

546 5148 697 5226 quociens
721 5148 780 5211 sihi
804 5148 969 5228 placuerit,
994 5148 1100 5212 faeere
1124 5150 1238 5225 ualeat,
1263 5148 1430 5211 ilrinunodo
1455 5166 1674 5212 tilliressorlllll
1699 5146 1759 5209 sibi
1778 5166 1836 5227 per
1852 5149 1882 5213 S.
1900 5148 1937 5211 ι’.
1954 5148 2036 5208 heue·

543 5249 684 5314 liciorum
720 5269 868 5314 irrrrrrcrus
903 5252 1030 5315 ruiuinre
1064 5252 1246 5326 exealatur,
1281 5252 1530 5315 misericorditer
1562 5251 2037 5333 irnlulgerrtes,cu1nuliisuou

544 5355 745 5418 ‹ilistnutibns
769 5363 800 5420 et
824 5356 977 5421 clausulis
1001 5358 1166 5437 oportunis
1190 5363 1222 5420 et
1245 5357 1479 5420 executoribus.

649 5458 873 5538 Habilitarnus,
905 5460 1124 5540 dispensaturus
1155 5464 1187 5523 ct
1217 5460 1340 5523 huntus
1370 5466 1538 5541 perceptos
1569 5460 1760 5525 r·curittirnus
1783 5465 1816 5525 et
1840 5458 2038 5541 providentes.

544 5565 642 5628 eciunr
667 5566 947 5645 quomodocunque
971 5571 1091 5642 raserit,
1115 5571 1147 5628 et
1169 5565 1270 5645 possit
1295 5570 1476 5645 percontare
1500 5571 1531 5628 et
1548 5565 1600 5628 det
1618 5564 1773 5628 ‹lirecnus
1788 5561 1927 5628 florenos
1943 5571 2038 5626 cordes

544 5667 664 5732 'lurcos
690 5668 724 5731 lt.

648 5772 729 5840 ltem
754 5775 920 5858 significat,
945 5776 1029 5858 quod
1052 5775 1211 5858 quondam
1233 5773 1426 5852 Ludouicus
1449 5772 1549 5838 hater
1577 5791 1747 5856 germanus
1777 5773 1856 5840 dicti
1885 5771 2041 5846 lobannis,
