5184 7050
1863 862 1927 930 625

413 1063 536 1130 1138.
569 1061 736 1127 Aruoldus
766 1061 804 1126 de
834 1063 1029 1145 Lucauciuo,
1058 1064 1266 1131 scholasticus
1301 1064 1526 1141 cracoviensis,
1557 1065 1748 1150 apostolicae
1777 1067 1861 1132 sedis
1891 1067 1927 1134 iu

413 1168 521 1248 repuis
544 1167 694 1232 Poloaiae
715 1171 746 1231 ct
774 1169 937 1249 [lupariae
967 1171 1106 1248 nuntius,
1137 1171 1308 1255 supplicat,
1339 1174 1492 1252 quotenus
1514 1171 1576 1236 sibi
1598 1176 1628 1237 et
1649 1172 1793 1238 Joliauui
1813 1173 1927 1238 Dascu-

413 1272 504 1338 lroais
539 1293 577 1336 aa
599 1271 726 1337 Alberto
760 1273 798 1337 dc
830 1273 951 1337 Turbia
983 1279 1013 1337 ct
1034 1274 1196 1354 Jaroslao,
1219 1277 1332 1339 rectori
1365 1274 1514 1340 ccclesiae
1550 1275 1695 1358 (arpos
1732 1276 1860 1343 Clristi
1892 1277 1928 1342 ia

415 1376 609 1455 Karimiria
640 1378 777 1442 notariis
807 1400 846 1442 ac
872 1378 1099 1459 familiaribus
1128 1379 1206 1455 suis,
1232 1402 1293 1464 per
1324 1378 1451 1444 litteras
1482 1380 1673 1462 apostolicas
1697 1384 1841 1463 potestas
1871 1381 1927 1446 eli·

410 1480 509 1565 pendi
530 1488 739 1561 consessorem
762 1481 959 1561 concedatur,
982 1483 1038 1564 qui
1058 1483 1139 1565 ipsis
1162 1484 1353 1548 auctoritate
1372 1483 1546 1566 apostol-ica
1564 1483 1696 1567 plcuaru
1710 1484 1925 1550 remissionem

409 1589 616 1669 peccatorum
639 1586 734 1651 semel
756 1587 927 1651 dumtaxat
948 1585 1111 1667 indulsere
1128 1589 1241 1669 possit,
1257 1591 1293 1651 ut
1308 1586 1342 1650 in
1358 1593 1481 1668 forma.
1506 1589 1592 1668 ‚liat
1605 1587 1640 1651 iu
1658 1589 1769 1653 mortis
1792 1589 1927 1655 articulo

782 1692 815 1754 ll
815 1740 921 1755 .....
946 1691 988 1756 D.
1013 1688 1171 1755 Auiuioue
1192 1690 1257 1757 lal.
1280 1690 1366 1758 Julii
1388 1713 1418 1757 a.
1442 1695 1569 1756 octaoo.‘

1446 1829 1610 1908 lunam,
1632 1833 1721 1897 1349
1741 1831 1827 1905 Julii
1847 1835 1879 1903 1.

523 1929 672 1986 Clementis
690 1928 727 1984 v1
746 1929 772 1984 S.
793 1929 885 2000 VIIIstl
904 1932 960 2001 (19)
979 1929 998 1986 f.
1016 1934 1067 1984 ιδ’.

1073 2058 1275 2066 ———

416 2261 542 2329 1139.
565 2259 730 2326 Arrsaldus
753 2260 790 2325 de
813 2261 998 2326 Lmaaciaa
1021 2261 1192 2346 supplicat,
1226 2265 1381 2347 catalenus
1410 2284 1479 2329 arm
1506 2263 1654 2330 Jolauue
1676 2264 1865 2329 Dccceloouis
1888 2264 1927 2329 dc

417 2366 557 2431 Ratibor
578 2387 675 2448 super
697 2366 823 2446 defectu
845 2366 1004 2430 amulium
1026 2367 1165 2450 amplius
1197 2368 1403 2451 dispensetur,
1435 2372 1471 2432 ut
1500 2368 1596 2432 etiam
1627 2368 1824 2449 discedatur,
1850 2391 1924 2453 pcr-

416 2474 568 2534 soaatum
582 2491 638 2534 seu
653 2470 794 2553 officium
809 2470 844 2534 iu
859 2491 1045 2554 quacunque
1060 2472 1238 2536 cathedrali
1259 2473 1308 2538 vel
1331 2473 1497 2554 collcpiato
1520 2472 1659 2537 ecclesiis
1681 2471 1769 2546 licite
1790 2471 1927 2539 obtinere

1111 2577 1225 2660 possit.

1453 2662 1616 2738 Aoiuioue
1639 2665 1726 2728 1349
1747 2663 1832 2730 Julii
1855 2667 1884 2731 1.

525 2820 692 2901 Supplicat
714 2819 745 2885 S.
769 2819 806 2885 V.
830 2819 959 2883 humilis
988 2825 1021 2884 et
1053 2820 1187 2886 devotus
1216 2826 1326 2885 orator
1355 2839 1393 2886 ac
1419 2820 1555 2886 servitor
1576 2823 1684 2885 vester
1706 2819 1866 2886 Arnaldus
1889 2820 1929 2889 de

417 2923 612 3002 Lacaucina
637 2923 827 2989 scolasticus
851 2923 1083 3003 Cracouiensis‚
1115 2924 1147 2988 iu
1170 2925 1276 3007 regnis
1300 2924 1430 2989 Polonie
1454 2928 1487 2989 et
1509 2923 1648 3007 Vngan'e
1670 2931 1778 2989 vester
1801 2928 1833 2988 et
1855 2943 1930 3007 apo·

418 3029 536 3094 stolice
559 3029 644 3093 sedis
667 3030 811 3108 nuncius
828 3035 985 3110 quatenus
1001 3030 1033 3093 in
1049 3047 1215 3112 personam
1232 3029 1340 3094 dilecti
1356 3029 1471 3095 notarii
1488 3029 1536 3093 sui
1553 3027 1708 3093 iohannis
1731 3027 1929 3093 Dzecukonis

419 3133 463 3198 de
493 3133 636 3214 Ratibu,
667 3133 775 3200 clerici
797 3132 1071 3199 Wratislauiensis
1102 3133 1247 3212 diocesis,
1283 3153 1354 3198 cum
1384 3153 1446 3216 quo
1477 3151 1574 3215 super
1604 3131 1731 3198 delectu
1763 3133 1927 3212 natalium,

419 3255 518 3320 quem
540 3238 660 3319 patitur
683 3237 723 3302 de
746 3238 849 3302 soluto
871 3239 997 3318 genitus
1021 3242 1054 3302 et
1077 3237 1190 3317 soluta,
1221 3238 1329 3303 extitit
1358 3238 1559 3312 sanctissima
1589 3238 1780 3302 auctoritate
1802 3237 1931 3320 dispen-

419 3346 537 3421 satum,
561 3342 645 3423 quod
668 3341 794 3407 defectu
818 3341 998 3407 huiusmodi
1020 3344 1245 3408 nonobstante
1267 3343 1331 3407 tria
1353 3340 1508 3408 beneficia
1531 3341 1761 3421 ecclesiastica,
1785 3342 1886 3407 eciam
1901 3342 1928 3407 si

419 3446 486 3511 duo
510 3446 681 3512 eorundem
705 3446 909 3511 canonicatus
932 3453 966 3510 et
987 3447 1149 3529 prebende
1171 3448 1204 3511 in
1228 3448 1467 3530 quibuscunque
1499 3445 1735 3512 cathedralibus
1760 3446 1811 3511 vel
1835 3445 1929 3511 colle·

419 3554 520 3637 giatis
543 3553 688 3618 ecclesiis
711 3554 844 3618 forsitan
868 3555 1044 3618 existerent
1059 3557 1092 3617 et
1107 3553 1236 3632 unum·)
1253 3572 1362 3617 eorum
1379 3559 1531 3630 curatum,
1551 3551 1638 3616 licite
1654 3551 1757 3633 possit
1772 3552 1925 3631 obtinere,

419 3657 596 3741 specialem
618 3659 758 3740 graciam
780 3658 934 3724 iacientes
957 3657 1068 3736 eidem,
1093 3661 1250 3738 quatenus
1280 3657 1407 3722 delectu
1427 3661 1461 3723 et
1487 3654 1729 3738 dispensacione
1749 3655 1930 3720 huiusmodi

418 3782 485 3827 non
508 3762 709 3826 obstantibus
732 3761 927 3843 dignitatem,
952 3766 1155 3843 personatum
1178 3780 1234 3826 seu
1258 3760 1397 3827 officium
1421 3762 1452 3828 iu
1469 3779 1657 3843 quacunque
1681 3758 1857 3825 cathedrali
1878 3759 1929 3824 vel

419 3866 592 3949 collegiata
616 3865 761 3931 ecclesiis
784 3866 878 3931 simili
901 3866 993 3930 moda
1017 3866 1161 3931 obtinere
1183 3865 1270 3932 licite
1290 3865 1671 3947 pussillanimitas
1693 3864 1780 3930 sadis
1802 3867 1929 3945 aposto·

418 3972 485 4038 lice
509 3990 580 4036 cum
603 3971 688 4035 dicto
710 3970 859 4035 iohanne
882 3971 1053 4053 dignemini
1076 3970 1326 4036 misericorditer
1348 3970 1542 4052 dispensare,
1566 3973 1601 4034 ut
1623 3970 1655 4035 iu
1677 3968 1787 4038 forma.

529 4076 603 4141 Fiat
624 4075 662 4140 R.
685 4076 730 4141 Et
752 4094 782 4157 q.
806 4078 829 4139 t.
854 4093 878 4138 s.
902 4093 930 4139 a.
955 4074 975 4139 l.
998 4075 1071 4141 Fiat
1092 4075 1130 4140 R.
1165 4076 1205 4140 D.
1229 4076 1387 4142 Aninioue
1409 4074 1472 4141 kal.
1496 4074 1575 4149 Julii
1599 4094 1627 4140 a.
1651 4077 1773 4140 octavo.

533 4228 681 4285 elementis
698 4227 780 4285 VIS.
799 4228 895 4298 vlnla
913 4230 969 4297 (19)
988 4227 1006 4282 f.
1026 4234 1068 4285 84.
1087 4259 1119 4269 —
1148 4232 1172 4295 ⁸)
1189 4228 1256 4297 ,uui‘
1273 4228 1301 4284 S.

1076 4425 1280 4434 ψ.

421 4634 547 4700 1140.
579 4629 661 4695 Cum
693 4631 840 4697 Joliauuc
872 4632 1061 4699 Dacccloouis
1095 4632 1133 4697 de
1162 4631 1333 4712 mrbus)
1368 4630 1480 4696 clerico
1510 4629 1768 4696 Vratislaoicusis
1791 4629 1932 4705 diocesis,

423 4738 631 4821 dispensatur
654 4736 792 4818 amplius
814 4758 910 4821 super
933 4737 1057 4816 defectu
1078 4737 1248 4816 natalium,
1271 4741 1307 4800 ut
1329 4737 1426 4801 etium
1448 4735 1636 4817 dipuitatem
1657 4735 1705 4800 cel
1726 4740 1932 4819 personatum

421 4862 481 4907 seu
503 4840 647 4922 officium
668 4840 703 4903 ia
724 4841 903 4906 cathedrali
924 4841 971 4905 oel
989 4841 1157 4922 collepiata
1170 4841 1318 4916 ecclesiis,
1334 4843 1364 4906 si
1377 4838 1440 4905 sibi
1456 4840 1540 4905 alias
1563 4841 1710 4904 canonice
1738 4842 1932 4919 conferatur,

421 4946 521 5011 libere
542 4944 680 5029 recipcre
701 4948 732 5008 ct
753 4966 818 5009 uua
840 4967 911 5010 cum
934 4946 1009 5010 aliis
1032 4946 1198 5028 beneficiis,
1221 4966 1291 5010 cum
1309 4945 1368 5011 illa
1386 4947 1493 5024 fucrit
1515 4949 1687 5025 assecutus,
1701 4944 1787 5010 licite
1801 4945 1935 5011 relinere

789 5049 903 5133 possit.
949 5050 1001 5129 ,D.
1025 5047 1183 5113 Aulularia
1204 5047 1268 5116 lcal.
1291 5048 1376 5116 Julii
1399 5071 1429 5114 a.
1453 5052 1579 5114 oolam.⁸

1457 5188 1622 5270 nautae,
1646 5190 1732 5254 rere
1753 5187 1838 5255 Just
1858 5191 1889 5255 1.

533 5342 682 5398 Clementis
700 5342 738 5397 Vl
756 5345 789 5395 Α.
809 5342 900 5413 vmu
920 5348 991 5411 (105)
1009 5343 1029 5397 l.
1048 5349 1108 5410 305,
1127 5341 1160 5398 ds
1179 5342 1302 5409 indultis,
1320 5342 1470 5412 analogiis
1489 5350 1516 5398 et
1535 5342 1790 5412 ffispensationibus
1808 5361 1853 5412 qu.
1872 5351 1933 5397 il:

423 5432 456 5487 V.
480 5435 531 5483 194
548 5427 567 5481 l.
587 5434 637 5481 ³42
655 5445 682 5482 n.
701 5434 760 5483 990.
780 5461 812 5469 -
831 5428 898 5499 Bag.
918 5445 1032 5484 erronee
1051 5430 1079 5483 in
1098 5429 1197 5484 ZVGA
1216 5428 1374 5484 Schlcsieus
1393 5428 1476 5498 XXV,
1496 5434 1554 5484 289.
1574 5461 1607 5469 -
1634 5431 1657 5498 ¹)
1677 5428 1833 5498 ‚Rachihor‘
1853 5432 1885 5483 A.

1080 5644 1284 5653 -—..-
