5184 7050
2001 830 2064 891 osa

551 1023 730 1103 predictam
753 1025 953 1090 visitaverint
977 1032 1011 1091 ut
1031 1028 1200 1109 prefertur,
1217 1029 1466 1094 misericorditer
1481 1031 1670 1096 relaxamus.
1697 1035 1734 1097 n.
1751 1035 1907 1099 rluinione
1924 1036 1973 1100 lll
1991 1054 2062 1100 non.

550 1126 719 1194 Februarii
742 1149 773 1211 p.
797 1150 827 1195 n.
852 1150 880 1196 a.
904 1136 1026 1197 octavo.
2012 1157 2015 1167 ’

552 1348 555 1353 ,
657 1285 796 1353 Originale
815 1303 876 1341 cum
894 1288 971 1342 bulla
988 1289 1118 1357 plumbea
1136 1289 1163 1342 in
1183 1289 1229 1341 iilo
1248 1289 1337 1343 serico
1356 1289 1383 1344 in
1413 1291 1523 1344 archivo
1551 1292 1664 1360 capituli
1691 1293 1842 1362 l’ragensis.
1883 1295 1914 1348 ln
1940 1295 2063 1364 registris

550 1387 608 1425 non
627 1371 679 1426 fuit
696 1380 846 1441 repertum.
866 1406 899 1414 -
926 1379 949 1444 ⁸)
968 1376 1068 1430 lacuna
1085 1384 1127 1430 ‘rs
1146 1393 1195 1429 cm.
1215 1377 1242 1429 in
1262 1375 1308 1432 Or.
1337 1380 1359 1443 b)
1379 1377 1455 1432 deest
1473 1379 1501 1432 in
1521 1380 1576 1447 Or,
1589 1380 1679 1451 suppl.
1693 1382 1726 1437 ab
1740 1380 1859 1450 aditore;
1872 1382 1971 1438 lacuna
1984 1389 1998 1435 2
2012 1400 2062 1438 ern.

550 1458 581 1513 in
600 1457 645 1514 Or.
672 1462 694 1526 c)
713 1459 813 1516 lacuna
833 1467 873 1516 1·7
893 1479 943 1516 cro.
962 1463 990 1517 in
1009 1463 1053 1517 Or.
1081 1463 1105 1530 d)
1123 1464 1223 1519 lacuna
1245 1470 1285 1517 1¹5
1304 1480 1353 1518 ern.
1373 1464 1401 1517 in
1421 1465 1465 1519 Or.

1201 1698 1249 1707 -η
1261 1701 1263 1703 .
1273 1699 1289 1705 --
1301 1699 1406 1706 .--—--

551 1916 672 1982 1227.
706 1916 784 1982 curn
809 1892 923 1997 fratre
950 1920 980 1984 U
984 1918 1062 1984 ln'co
1086 1919 1184 1998 Petri,
1214 1920 1363 1984 caranico
1392 1923 1577 1987 provvusterii
1609 1924 1824 2000 Grrrdiceasis,
1858 1925 2062 2010 dispensatur

1093 2046 1188 2108 super
1211 2023 1337 2109 defecta
1358 2024 1526 2090 natalium.

597 2106 654 2229 ἐξ,
1500 2148 1663 2229 reinone,
1686 2153 1774 2217 1350
1796 2152 1964 2217 restaura
1986 2156 2016 2217 3.

655 2322 693 2386 D.
718 2323 738 2387 f.
762 2322 868 2387 Vlrico
892 2322 988 2401 Petri,
1010 2323 1160 2387 canonico
1174 2323 1359 2387 monasterii
1376 2322 1591 2400 Gradicensis
1608 2324 1912 2391 Pr·ornonstratensis
1928 2328 2057 2403 ordinis,

550 2424 771 2491 Olomncensis
796 2425 942 2505 diocesis
967 2428 1103 2493 salntem
1125 2433 1185 2491 etc.
1210 2428 1281 2492 Etsi
1304 2427 1404 2509 geniti
1428 2447 1465 2490 ex
1490 2428 1613 2509 copula,
1637 2448 1731 2510 (quam
1752 2430 1844 2495 fedus
1868 2432 2058 2497 matrimonii

547 2549 611 2595 non
635 2537 775 2608 excusat,
799 2530 956 2612 illegitimi
979 2536 1179 2608 censeantur,
1203 2531 1267 2596 illis
1289 2537 1404 2608 tamen,
1422 2532 1475 2613 qui
1491 2533 1637 2614 geniture
1654 2532 1807 2598 maculam
1825 2553 1881 2616 per
1896 2535 2059 2618 religionis

547 2634 797 2713 observaneiam,
831 2654 953 2700 mamm
985 2636 1194 2712 honestatem,
1229 2635 1368 2700 studium
1398 2635 1569 2701 laudabilis
1601 2638 1854 2702 conversacionis
1878 2644 1910 2703 ot
1932 2640 1998 2703 vite
2021 2660 2058 2704 ac

549 2740 614 2804 alia
647 2740 799 2805 virtutum
834 2741 946 2805 merita
979 2746 1128 2822 satagunt
1162 2741 1302 2818 abolere,
1335 2747 1487 2822 tanquam
1509 2760 1528 2804 a
1551 2741 1675 2805 domino
1706 2743 1844 2824 graciam
1869 2746 2057 2822 consecutis,

550 2843 689 2910 libenter
719 2844 893 2927 apostolice
923 2843 1141 2910 munificencia
1171 2847 1298 2910 ianuam
1329 2845 1488 2927 aperimus
1519 2864 1637 2927 eosque
1671 2846 1804 2928 benigne
1837 2849 2059 2930 prosequimur

548 2950 751 3031 prerogativa
783 2948 899 3014 favoris
923 2955 956 3014 et
978 2950 1085 3032 gracie
1108 2948 1266 3033 specialis,
1314 2947 1392 3014 Cum
1423 2949 1541 3030 itaque,
1572 2950 1655 3013 sicut.
1685 2968 1723 3013 cr
1753 2955 1865 3015 tenore
1889 2971 1944 3033 pro
1969 2958 2058 3032 parm

546 3060 605 3118 tua
628 3054 718 3119 nobis
742 3053 883 3118 exhibite
906 3054 1074 3136 peticionis
1096 3054 1285 3135 accepimus,
1311 3059 1356 3132 tu,
1381 3054 1434 3135 qui
1459 3054 1642 3118 monasterii
1667 3053 1880 3133 GradieensiS,
1910 3056 2058 3122 Premen-

548 3159 719 3223 stratensis
754 3159 882 3237 ordinis
911 3157 1130 3223 Olomucensis
1164 3159 1310 3236 diocesis
1346 3159 1514 3223 eanonicus
1549 3156 1704 3239 regularis
1739 3159 1861 3238 existis,
1897 3161 2056 3226 defectum

546 3262 710 3341 natalium,
734 3282 828 3345 quern
852 3264 972 3345 pateris
995 3263 1035 3327 de
1058 3264 1190 3328 diacono
1213 3264 1340 3346 genitus
1363 3269 1396 3328 et
1420 3263 1533 3340 soluta,
1557 3262 1738 3327 huiusmodi
1762 3264 1923 3346 religionis
1947 3266 2055 3329 obser·

545 3369 658 3432 vancia
681 3373 714 3430 et
736 3367 807 3432 aliis
831 3368 983 3433 virtutum
1006 3369 1128 3433 meritis
1151 3385 1381 3450 recompenses,
1405 3367 1563 3431 redimens
1587 3366 1695 3430 favore
1724 3368 1883 3447 virtutum,
1916 3370 1999 3449 quod
2024 3371 2055 3434 in

546 3479 581 3538 te
604 3478 693 3538 ortus
716 3472 845 3538 odiosus
869 3473 1004 3539 ademit:
1029 3491 1086 3539 nos
1117 3472 1260 3538 volentes
1295 3490 1462 3554 personam
1495 3477 1582 3535 tuam
1616 3472 1840 3553 premissorum
1874 3474 2057 3539 meritorum

546 3579 665 3643 intuitu
683 3596 804 3644 necnon
820 3577 1078 3643 consideracione
1102 3577 1256 3642 carissimi
1279 3578 1312 3641 in
1337 3576 1462 3642 Christo
1486 3577 1507 3641 f.
1524 3596 1553 3639 n.
1571 3577 1690 3654 Karon,
1716 3578 1846 3642 Romani
1870 3584 1903 3642 et
1925 3579 2055 3644 Boemie

544 3683 631 3765 regis
654 3682 798 3761 illustris,
833 3701 889 3764 pro
921 3687 953 3746 te
985 3683 1075 3747 nobis
1099 3684 1129 3746 in
1153 3682 1211 3746 hac
1233 3686 1327 3763 parte
1349 3680 1511 3745 humiliter
1534 3680 1751 3762 supplicantis
1775 3682 1883 3746 favore
1905 3685 2055 3765 prosequi

545 3788 654 3869 gracie
678 3786 836 3869 specialis,
860 3787 925 3852 tuis
959 3785 1246 3869 supplicacionibus
1280 3786 1431 3862 inclinati,
1467 3790 1581 3862 tecum,
1618 3781 1716 3870 [utlrl
1750 3787 1782 3849 in
1813 3786 1897 3851 dicto
1920 3786 1971 3852 vel
1994 3786 2055 3852 alio

545 3891 689 3973 quolibet
722 3892 843 3968 ordine,
867 3892 907 3956 ad
941 3909 1034 3973 quem
1069 3898 1110 3969 te,
1134 3891 1213 3956 alias
1247 3897 1353 3956 tanuen
1384 3889 1545 3966 canonice,
1569 3889 1733 3954 transferri
1762 3891 1938 3973 eontigerit,
1963 3911 1999 3955 ac
2024 3893 2054 3957 in

544 3998 687 4077 ipsorum
721 3996 865 4061 ordinum
898 3997 1100 4061 monasteriis
1135 4015 1191 4060 sen
1226 3994 1304 4059 locis
1334 4012 1444 4058 vocem
1474 3999 1506 4058 et
1528 3992 1631 4057 locuni
1655 3994 1686 4057 in
1710 3994 1849 4075 capitulo
1872 3994 1993 4060 babere
2017 4017 2052 4060 ar

543 4102 731 4183 prioratum,
755 4099 892 4165 officium
916 4118 973 4165 seu
997 4100 1307 4166 administracionem
1326 4103 1382 4163 aut
1398 4097 1583 4179 dignitatem
1600 4100 1699 4162 eciam
1715 4098 1922 4179 abbacialem,
1946 4100 1973 4164 si
1996 4101 2054 4165 tibi

544 4204 628 4270 alias
653 4205 804 4270 canonice
828 4206 1018 4282 conferatur,
1030 4205 1081 4269 vel
1105 4205 1145 4268 ad
1168 4223 1239 4268 earn
1262 4221 1321 4286 per
1343 4203 1535 4267 eleccionem
1558 4208 1590 4266 te
1613 4202 1731 4266 assumi
1755 4204 1932 4285 eontigerit,
1955 4204 2054 4270 libere

542 4309 688 4391 recipere
712 4329 749 4373 ac
771 4310 858 4375 licite
882 4311 1021 4375 retinere
1044 4310 1163 4383 valeas,
1187 4308 1315 4373 deiectu
1339 4308 1493 4389 premisso
1518 4312 1550 4371 et
1579 4306 1820 4389 quibuscunque
1851 4310 2054 4374 constitucio-

543 4414 638 4478 nibns
661 4413 847 4496 apostolicis
870 4432 992 4479 necnon
1015 4415 1144 4479 statutis
1168 4419 1200 4478 et
1223 4412 1506 4477 consuetudinibus
1529 4410 1682 4487 ordinum,
1713 4413 1973 4477 monasteriorum
1997 4432 2052 4477 seu

542 4517 684 4582 locorum
708 4517 921 4599 predictorum
946 4518 1112 4582 contrariis
1142 4535 1342 4599 nequaquam
1370 4515 1579 4593 obstantibus,
1603 4515 1793 4580 auctoritate
1815 4516 1990 4597 apostolica
2014 4518 2053 4581 de

542 4623 693 4705 specialis
728 4622 808 4687 dono
841 4623 947 4704 gracie
971 4628 1081 4686 tenore
1116 4622 1315 4705 presencium
1350 4622 1581 4702 dispensamus,
1604 4618 1663 4683 tibi
1698 4621 1796 4684 eciam
1830 4620 2053 4687 nichilominus

542 4725 767 4803 concedentes,
791 4726 875 4808 quod
899 4728 929 4790 in
953 4726 1112 4807 aliquibus
1135 4726 1259 4807 graciis,
1285 4725 1511 4791 collacionibus
1536 4744 1572 4788 ac
1596 4723 1838 4804 provisionibus
1861 4724 1919 4789 tibi
1941 4725 1989 4789 vel
2013 4725 2052 4790 ‹le

540 4837 575 4898 te
606 4834 735 4897 inantea
760 4833 923 4907 faciendis,
948 4832 987 4894 de
1020 4831 1105 4896 dieto
1136 4832 1262 4895 defectu
1293 4850 1355 4895 non
1385 4829 1525 4894 tranearis
1557 4828 1695 4908 aliquam
1718 4827 1825 4894 iacere
1848 4829 2051 4893 mencionem.

540 4936 630 5003 Nulli
655 4955 730 5019 ergo
754 4942 813 5002 etc.
838 4942 945 5001 nostre
970 4936 1220 5018 dispensationis
1244 4942 1276 4999 et
1300 4935 1512 5001 concessionis
1535 4931 1706 5014 infringere
1731 4937 1789 4997 etc.
1834 4936 1871 4997 l).
1895 4935 2052 4999 Aninionc

541 5041 593 5107 Ill
617 5059 689 5105 non.
712 5039 880 5105 Februarii
903 5058 930 5103 a.
955 5043 1076 5103 octavo.

647 5228 796 5283 Clementis
816 5228 852 5280 Vl
872 5230 904 5281 Α.
919 5227 1012 5295 vlllsr
1027 5231 1097 5297 (105)
1111 5227 1128 5281 f.
1143 5228 1212 5293 329¹,
1226 5226 1259 5279 de
1275 5226 1400 5294 indultis,
1414 5227 1565 5295 privilegiis
1579 5236 1606 5281 et
1618 5226 1870 5295 dispensationibus
1884 5244 1928 5297 qu
1944 5234 1959 5281 3
1975 5246 2006 5279 z
2020 5227 2050 5281 V·

539 5323 592 5371 iat
611 5316 631 5370 f.
650 5318 710 5368 362¹
730 5333 755 5369 n.
777 5321 852 5368 1117.
873 5347 903 5354 .„
932 5318 955 5379 r)
976 5314 1052 5369 deest
1069 5315 1097 5367 in
1117 5316 1158 5380 A,
1177 5314 1267 5381 suppl.
1287 5314 1322 5368 ab
1341 5312 1454 5367 editore.
