5184 7050
1863 897 1923 962 147

414 1106 640 1189 supplicantis,
652 1105 676 1186 ¹)
700 1113 729 1187 g.
753 1105 775 1170 f.
799 1124 835 1181 s,
860 1104 1080 1168 canonicatum
1108 1103 1243 1167 ecclesio
1266 1103 1437 1183 Pragensis
1464 1126 1489 1167 c.
1514 1122 1543 1183 p.
1569 1103 1589 1165 i.
1614 1124 1639 1165 c.
1665 1121 1693 1166 a.
1719 1108 1741 1166 t.
1766 1123 1794 1167 a.
1819 1105 1924 1169 confe-

413 1212 515 1275 rimus
546 1215 578 1274 et
608 1210 648 1275 dc
679 1208 732 1273 illo
763 1209 865 1272 eciam
895 1208 1107 1289 providemus,
1138 1207 1332 1288 prebendam
1363 1227 1447 1286 vero,
1482 1208 1509 1272 si
1533 1224 1597 1288 qua
1621 1207 1653 1270 in
1676 1208 1762 1272 dicta
1786 1209 1923 1274 (ccclesia

414 1318 511 1378 vacat
543 1313 589 1398 ¹ad
626 1330 769 1400 prosena,
807 1311 859 1375 vel
896 1328 967 1374 cum
1003 1312 1196 1377 vacaverit.
1224 1361 1231 1375 .
1255 1361 1293 1374 ..
1334 1311 1557 1376 conferendam
1593 1311 1716 1377 tibi..
1743 1362 1782 1376 ..
1826 1313 1855 1377 (1.
1894 1333 1922 1377 a.

414 1434 682 1482 reservamus..
708 1467 715 1480 .
741 1434 767 1493 .;
791 1414 1108 1479 nonobstantibus.
1134 1465 1141 1479 .
1165 1466 1172 1479 .
1198 1466 1205 1478 .
1237 1433 1293 1480 seu
1326 1415 1410 1497 quod
1440 1417 1472 1479 in
1502 1415 1639 1481 ecclesia
1669 1417 1770 1482 sancti
1794 1415 1924 1498 Georgii

415 1520 449 1586 in
473 1526 579 1586 castm
602 1519 756 1603 Pragensi
779 1519 1003 1583 canonicatum
1023 1519 1091 1582 sive
1120 1519 1315 1602 prebendam
1346 1524 1403 1584 aut
1432 1520 1641 1602 capellaniam
1672 1521 1813 1587 nosceris
1843 1520 1924 1585 obti-

415 1645 516 1690 nere.
536 1677 543 1690 .
560 1677 592 1690 ..
618 1627 656 1690 D.
681 1624 767 1707 apud
789 1622 1035 1701 Uillamnonam
1059 1625 1096 1688 A.
1121 1623 1162 1703 d.,
1185 1622 1247 1688 Vll
1270 1623 1334 1688 kal.
1359 1621 1508 1689 Octobris
1532 1644 1559 1688 a.
1585 1624 1733 1689 secundo.

522 1767 560 1830 ln
576 1786 603 1830 e.
620 1784 660 1829 m.
680 1762 747 1863 ni.
763 1761 946 1844 patriarche
969 1761 1228 1827 ierosolimitana
1245 1767 1277 1826 et
1294 1761 1429 1828 (11.11...
1453 1763 1643 1828 Montission
1665 1782 1764 1845 prope
1787 1765 1922 1845 Praganr

417 1890 455 1934 ac
472 1922 504 1936 ..
536 1871 618 1935 Aule
649 1865 793 1954 Regie‚·)
823 1866 994 1949 Pragensis
1028 1866 1174 1945 diocesia,
1204 1867 1470 1932 monasteriorum
1505 1867 1675 1949 abbatibus
1705 1886 1730 1932 s.
1762 1872 1822 1933 eto.
1839 1917 1845 1932 .
1864 1917 1871 1931 .

419 1977 456 2040 D.
481 1980 518 2041 nt
541 1994 566 2040 s.

523 2154 670 2210 Clementis
687 2155 725 2208 Vl
744 2157 768 2208 A
786 2155 842 2222 Illo
862 2155 917 2223 (tt)
937 2153 956 2207 f.
974 2159 1034 2220 ⁶253,
1053 2152 1087 2207 de
1112 2151 1274 2206 canonicatu
1301 2153 1352 2207 sub
1377 2153 1567 2223 expectatione
1593 2153 1768 2222 praebendae
1796 2170 1841 2220 qu.
1861 2160 1922 2207 7:

420 2243 450 2295 V.
472 2242 557 2296 1581.
577 2244 637 2296 ‘203'
657 2259 682 2295 n.
702 2247 761 2294 355.
782 2271 815 2280 -
841 2242 864 2307 ι)
884 2247 1035 2295 correctum
1055 2256 1089 2294 ex
1109 2238 1283 2309 ,Aulieregie‘
1296 2243 1329 2295 A.
1344 2272 1374 2280 —
1397 2243 1417 2309 ¹)
1437 2241 1602 2310 supplicatio
1614 2239 1668 2296 ista
1680 2257 1734 2295 non
1748 2247 1922 2310 catraperta.

425 2864 508 2930 240.
531 2860 662 2931 Joniino
683 2860 795 2929 Jacobs
818 2860 997 2925 conceditur
1019 2860 1173 2926 absolutio
1194 2860 1293 2944 plena
1316 2861 1351 2925 in
1372 2863 1482 2927 mortis
1505 2862 1649 2928 articulo.
1692 2864 1808 2927 Forma
1829 2841 1867 2927 nt
1887 2863 1923 2927 in

1120 2987 1150 3030 n.
1174 2967 1227 3031 65.

1117 3120 1215 3207 Apud
1244 3122 1483 3199 Villamnooam,
1506 3125 1592 3187 1343
1615 3121 1806 3205 Septmcbria
1828 3125 1880 3188 27.

524 3333 564 3397 Ι).
599 3330 621 3396 1.
643 3331 773 3398 Joulino
803 3331 927 3410 iacobi,
959 3331 1019 3396 civi
1049 3332 1212 3414 Progensi,
1243 3352 1267 3398 s.
1292 3336 1352 3397 etc.
1397 3331 1548 3398 Provenit
1570 3337 1621 3397 etc
1622 3382 1729 3396 .....
1775 3331 1814 3396 D.
1839 3333 1925 3414 apud

412 3433 664 3516 Villamnouam,
687 3438 725 3500 A.
750 3436 790 3515 (1.,
813 3435 841 3500 V
863 3436 927 3500 kal.
955 3435 1103 3502 Octobris
1126 3456 1154 3500 a.
1179 3436 1361 3518 secundo.·)

524 3652 674 3706 Clementis
692 3651 730 3705 Vl
747 3653 773 3705 A
791 3652 847 3717 lll3
866 3657 921 3718 (73)
938 3651 956 3705 1.
969 3654 1021 3720 4⁵2¹,
1040 3650 1074 3706 da
1092 3651 1266 3707 absolutione
1284 3668 1329 3721 qu.
1350 3659 1413 3706 1:
1425 3651 1457 3706 V.
1477 3657 1526 3706 159
1544 3653 1561 3707 1.
1583 3656 1615 3705 tt
1633 3667 1659 3704 n.
1679 3657 1738 3706 302.
1759 3680 1791 3690 -
1818 3652 1842 3717 ι)
1865 3667 1924 3706 cor·

411 3747 526 3795 rectum
545 3755 582 3793 ex
600 3738 708 3807 ,primo‘
725 3740 757 3791 A.

406 4336 510 4401 241.
534 4332 668 4397 Nicoloc
691 4330 773 4396 dicto
797 4330 1035 4415 ltolccnoncrfflt)
1057 4334 1087 4394 ct
1111 4328 1328 4408 Christianae,
1351 4331 1418 4395 eins
1440 4332 1542 4406 naori,
1566 4330 1744 4420 conceditur
1766 4329 1920 4395 absolutio

738 4435 837 4519 plena
860 4437 895 4499 in
916 4436 1026 4499 mortis
1049 4434 1195 4500 oniaco.
1240 4435 1357 4499 Forma
1378 4438 1415 4498 nt
1436 4435 1471 4498 in
1492 4456 1523 4501 n.
1546 4436 1599 4498 65.

462 4560 523 4715 ξ.
1119 4608 1216 4692 Apud
1246 4607 1484 4688 Villamnooam,
1508 4608 1591 4673 1343
1615 4606 1805 4690 διρίοηιὸήε
1828 4609 1880 4671 27.

525 4802 564 4866 D.
587 4801 608 4866 f.
632 4800 786 4866 Nicholao
810 4800 894 4865 (licto
917 4798 1133 4881 Rotzeuere,¹)
1155 4798 1248 4877 laico,
1272 4803 1305 4862 et
1328 4799 1356 4863 (1.
1382 4798 1414 4862 in
1438 4797 1494 4863 eb.
1512 4797 1533 4862 f.
1550 4797 1719 4876 cristiana,
1736 4796 1806 4861 aius
1822 4799 1923 4876 uxori,

417 4907 543 4972 civibus
566 4905 790 4988 Pragensibns
814 4923 837 4968 s.
863 4909 922 4968 etc.
946 4904 1096 4969 Provonit
1118 4922 1157 4967 ex
1188 4908 1293 4966 rostro
1324 4902 1504 4968 devocionis
1535 4900 1651 4967 affectu
1667 4953 1674 4966 .
1692 4952 1699 4966 .
1717 4952 1749 4966 ..
1775 4903 1813 4966 D.
1838 4901 1923 4983 apud

409 5011 664 5090 -Villamnouam,
688 5011 724 5074 A.
750 5008 790 5087 (1.,
813 5008 842 5074 V
865 5009 928 5073 kal.
953 5008 1103 5075 Octobris
1126 5027 1155 5072 a.
1180 5007 1328 5072 secundo.

525 5224 674 5279 Clementis
692 5222 729 5277 Vl
747 5226 771 5277 A
790 5224 846 5293 usa
865 5226 920 5293 (13)
940 5224 958 5278 1.
977 5225 1028 5291 46’,
1048 5223 1082 5276 de
1100 5221 1272 5276 absolutione
1291 5238 1336 5290 qu.
1359 5229 1418 5274 1:
1432 5222 1464 5276 V.
1485 5228 1533 5276 159
1552 5222 1570 5276 1.
1590 5228 1623 5276 ‘la
1647 5239 1673 5275 n.
1692 5229 1751 5278 330.
1771 5254 1803 5262 —
1824 5225 1843 5288 ¹)
1862 5239 1925 5292 pro·

423 5312 550 5379 habiliter
570 5318 728 5380 corruptum
748 5328 782 5366 ax
800 5310 975 5378 ‚Roczenero‘
987 5328 1021 5362 ε
1036 5308 1203 5364 Rokozaner.
