5184 7050
543 835 607 901 606

542 1040 663 1108 1099.
688 1039 910 1116 0616166166
934 1044 1157 1122 Ronmnorum,
1180 1048 1322 1125 rapotur,
1344 1048 1381 1107 nt
1404 1045 1541 1123 Petrum,
1572 1044 1751 1129 episcopum
1789 1046 2040 1125 Carrreracensen,

542 1143 794 1209 commendatum
811 1145 929 1211 babeat
948 1151 980 1211 et
1002 1147 1160 1213 nonnullis
1177 1149 1325 1231 paeonis
1347 1148 1456 1214 inillis
1474 1149 1624 1232 partibas
1640 1152 1829 1226 committat,
1845 1156 1883 1214 ut
1899 1152 1941 1216 ab
1955 1154 2041 1217 aden

543 1248 686 1333 episcopo
700 1249 911 1316 inrarnentum
925 1251 1098 1334 fidelitatis
1113 1252 1280 1337 recipiant.
1305 1255 1357 1330 ‚D.
1375 1252 1533 1319 Antonione
1547 1256 1621 1319 XII
1630 1255 1694 1320 lcal.
1713 1253 1843 1339 Aprilis
1858 1278 1890 1320 a.
1907 1258 2043 1340 septimo?

1520 1443 1685 1523 Aoinlone,
1708 1448 1798 1511 1349
1822 1448 2011 1512 1111111121.

546 1713 572 1768 fl
592 1715 610 1770 b
649 1627 799 1684 Clementis
818 1630 856 1684 VI
874 1629 907 1683 V.
927 1637 1114 1703 14269616
1134 1634 1232 1701 v11)r.
1259 1635 1318 1689 186'
1343 1650 1369 1689 n.
1394 1639 1453 1689 858.
1472 1665 1505 1675 —
1524 1633 1591 1705 Reg.
1609 1634 1777 1706 Werunslry,
1797 1636 1944 1706 Excerpta
1959 1654 1984 1690 n.
1996 1644 2044 1705 215,

574 1732 591 1769 u
611 1730 641 1770 er
660 1721 710 1771 180
728 1733 753 1770 6.
774 1722 834 1771 222.

545 2154 666 2220 1100.
691 2153 889 2234 Guillelmus,
912 2153 1000 2218 tituli
1021 2159 1152 2220 6666169
1175 2156 1304 2220 Mariae
1333 2157 1367 2220 in
1398 2151 1561 2220 Cosmcdr'n
1591 2156 1743 2222 diaconus
1768 2157 1963 2235 cardinalis,
1985 2180 2047 2240 sup

541 2254 655 2339 plicat,
678 2262 832 2338 quatenns
863 2258 1019 2323 aaaron
1043 2260 1179 2341 Reponis
1201 2259 1240 2324 cle
1262 2261 1452 2324 canonicatu
1473 2260 1622 2326 ecclcsiae
1644 2261 1806 2326 Alliensis
1835 2261 1897 2325 sub
1920 2266 2050 2345 expecto·

547 2360 631 2425 tione
654 2362 856 2446 praebendae
884 2367 915 2428 et
938 2365 1031 2427 Petro
1061 2363 1099 2428 cle
1131 2362 1267 2428 Gostina
1297 2365 1336 2429 de
1365 2365 1556 2429 cormaricotn
1584 2365 1733 2430 ecclesiam
1760 2364 1983 2432 Crrzcooiensis
2002 2365 2048 2430 sub

975 2469 1188 2550 expectatione
1205 2469 1407 2553 praebendae
1424 2469 1641 2552 provideatur.
1721 2544 1723 2547 ¹

1527 2625 1690 2705 Acinionc,
1714 2627 1804 2691 1349
1828 2628 1949 2692 Martii
1970 2633 2016 2693 22.

655 2814 820 2896 Supplicat
842 2816 873 2883 S.
896 2816 935 2882 V.
952 2817 1067 2882 devota
1089 2817 1573 2897 619616161961160611191669,
1590 2822 1699 2883 sancte
1719 2817 1826 2882 Marie
1843 2819 1876 2882 in
1894 2818 2051 2884 Cosmulin

552 2917 704 2983 diaeonus
738 2920 918 2999 cardinalis,
953 2926 1111 3003 quatenus
1142 2922 1258 2987 dilecto
1288 2939 1347 2986 sno
1378 2921 1550 2986 Vincentio
1583 2921 1722 3003 Begonis
1757 2921 1941 3002 castrensi,
1973 2924 2051 2989 fratri

552 3022 695 3104 magistri
718 3023 806 3089 Petri
829 3025 977 3107 BegoniS,
1001 3027 1215 3108 procuratoris
1238 3026 1288 3091 sui
1310 3025 1496 3109 principalis
1519 3027 1551 3089 in
1569 3026 1676 3107 regnis
1698 3025 1841 3108 Vngarie
1865 3031 1902 3091 et
1926 3027 2051 3103 Polonie,

553 3125 593 3190 de
624 3128 814 3193 canonicatu
844 3130 980 3195 ecclesie
1010 3130 1173 3195 Albiensis
1203 3130 1374 3213 dignemini
1405 3130 1581 3211 providere,
1612 3130 1808 3212 prebendam
1837 3138 2002 3197 vacantem
2021 3132 2053 3196 ad

551 3249 687 3311 presens
709 3233 761 3297 vel
784 3240 966 3300 vacaturam
982 3236 1013 3298 16
1030 3237 1100 3317 ipsa
1123 3235 1260 3303 eeclesia
1283 3234 1504 3300 conferendam
1520 3235 1623 3299 eidem
1639 3234 1814 3300 Vincentio
1831 3255 1906 3300 curn
1922 3242 2053 3317 accepta-

553 3335 662 3416 tionis,
686 3337 896 3417 inhibitionis,
920 3340 1041 3406 decreti
1056 3344 1090 3404 et
1109 3340 1262 3406 anteferri
1285 3339 1436 3405 clausulis
1460 3338 1625 3404 donaciani
1649 3338 1828 3421 apostolice¹
1851 3348 2053 3417 reservantes,

553 3444 587 3504 et
608 3459 679 3506 cunr
702 3443 847 3508 omnibns
870 3445 1153 3510 nonobstantibus
1177 3464 1214 3511 ac
1237 3443 1390 3509 clausulis
1413 3447 1446 3509 et
1468 3443 1691 3508 executoribus
1714 3445 1895 3525 oportunis

657 3580 731 3647 Fiat
752 3582 789 3648 R.

658 3720 738 3786 Item
763 3741 832 3787 cunr
855 3723 1013 3788 discretus
1035 3722 1083 3787 vir
1106 3722 1250 3786 dominus
1272 3721 1387 3786 Petrus
1410 3721 1450 3785 de
1473 3720 1617 3798 Gostina‚
1647 3727 1839 3802 procurator
1861 3723 1941 3788 dieti
1964 3723 2052 3788 cardi·

555 3824 646 3904 66116,
671 3825 702 3890 16
726 3831 835 3892 666619
859 3827 998 3894 Romane
1021 3826 1156 3892 ecclesie
1180 3833 1212 3890 et
1236 3826 1302 3890 suis
1326 3826 1468 3890 serviciis
1491 3825 1608 3890 multos
1631 3828 1665 3888 et
1686 3843 1802 3906 graves
1825 3826 1957 3892 labores
1971 3829 2052 3892 susti·

555 3929 635 4008 nuit,
658 3930 792 3996 diversis
815 3936 849 3998 et
871 3933 968 3998 variis
991 3931 1142 4015 periculis
1164 3948 1199 3997 se
1223 3949 1393 4012 erponem,
1417 3936 1450 3995 et
1458 3930 1483 4012 ⁸)
1515 3929 1555 3993 ad
1586 3947 1717 4011 presens
1749 3928 1877 3995 decime
1901 3931 2052 3998 triennalis

557 4039 668 4099 contra
689 4036 810 4102 Tureos
840 4037 987 4119 irnposite
1018 4057 1075 4120 per·
1105 4039 1213 4104 sedern
1243 4034 1449 4118 apostolicam
1480 4053 1516 4098 ac
1546 4050 1662 4098 census
1692 4033 1817 4098 denarii
1849 4038 1955 4101 sancti
1980 4036 2051 4101 Petri

556 4138 641 4204 dicte
657 4140 798 4205 Romane
814 4141 949 4206 ecclesie
965 4143 1065 4207 debiti
1080 4143 1113 4206 in
1128 4143 1256 4206 civitate
1275 4145 1309 4205 et
1325 4138 1533 4203 archidiocesi
1556 4139 1628 4219 [εἰς]
1639 4136 1914 4218 Wratislauiensi,
1946 4139 2050 4205 scilicet

557 4245 597 4309 de
619 4245 839 4310 commissione
863 4247 1005 4329 episcopi
1027 4245 1311 4323 Wratislauiensis,
1336 4242 1486 4308 collector·
1509 4242 1633 4306 existit:
1670 4240 1832 4324 supplicat
1855 4244 1942 4308 idem
1963 4243 2049 4309 canli-

557 4349 648 4428 nalis,
672 4355 830 4432 quatenus
853 4351 938 4416 dieto
961 4351 1056 4416 Petro
1081 4352 1120 4416 de
1144 4351 1331 4417 canonicatu
1355 4346 1489 4412 ecclesie
1514 4343 1771 4422 craeouiensisbr
1796 4347 1970 4431 dignemini
1991 4365 2050 4431 pro·

560 4453 679 4532 videre,
703 4456 894 4537 prebendam
918 4462 1083 4522 vacantem
1103 4455 1142 4520 ad
1159 4472 1300 4537 praseae,
1317 4454 1367 4517 vel
1384 4471 1453 4516 cunr
1477 4451 1570 4514 simul
1593 4454 1649 4515 661
1671 4452 1853 4516 successive
1875 4454 2050 4518 vacaverit‘i

559 4558 591 4623 in
614 4558 734 4637 oadern,
759 4560 843 4624 dicto
866 4560 960 4624 Petro
992 4557 1251 4638 contorsiones
1283 4577 1354 4623 curn
1384 4556 1625 4637 arreoptaciorris
1650 4555 1865 4636 inhibitionis,
1891 4558 2005 4622 decreti
2025 4563 2049 4618 et

557 4664 710 4728 anteferri
744 4664 897 4730 clausulis
930 4664 1095 4730 donaciani
1130 4663 1304 4746 apostolice
1338 4666 1548 4736 susurrantes
1584 4677 1645 4724 non
1676 4659 1834 4737 obstante,
1870 4662 1955 4744 qnod
1985 4661 2051 4725 idem

558 4770 674 4836 Petrus
698 4771 916 4836 canonicatum
940 4776 973 4835 et
995 4770 1189 4853 prebendam
1213 4768 1244 4831 in
1267 4766 1404 4832 ecclesia
1426 4764 1684 4830 Wratislauiensi
1707 4783 1744 4829 ac
1767 4765 1941 4831 ecclesiam
1963 4783 2052 4849 parto

559 4873 694 4939 chialem
717 4874 750 4937 in
773 4873 1043 4957 Henriehsdorplr,
1066 4871 1342 4936 Wratislauiensis
1365 4871 1511 4945 diocesis,
1535 4870 1666 4947 obtinet,
1683 4887 1740 4934 sen
1763 4869 1850 4951 quod
1871 4870 1943 4954 ipse
1961 4872 2052 4952 rigore

560 4979 668 5062 gracie
691 4997 749 5061 per
772 4979 802 5045 S.
829 4979 864 5044 V.
896 4979 977 5043 alias
1007 4978 1067 5043 sibi
1098 4976 1181 5041 facte
1211 4973 1400 5040 beneficium
1429 4973 1681 5038 ecclesiasticum
1711 4991 1782 5037 cunr
1814 4992 1893 5040 cura
1923 4976 1972 5039 rel
1999 4975 2053 5037 sine

560 5103 646 5161 cura,
671 5089 819 5166 spectans
842 5084 881 5148 ad
906 5083 1111 5149 collationem
1133 5081 1184 5145 rel
1199 5079 1482 5161 616666166166961Ι
1497 5078 1621 5141 alrbatis
1637 5082 1669 5141 ot
1686 5083 1862 5143 conventus
1886 5077 2053 5146 monasterii

560 5188 747 5266 TinciensiS,
779 5188 898 5252 ordinis
929 5188 1029 5252 sancti
1060 5185 1237 5262 Benedicti,
1275 5182 1496 5248 Cracouiensis
1531 5182 1676 5260 diocesis,
1711 5182 1856 5248 noscitur·
1894 5191 2055 5268 expectare,

562 5311 657 5376 quam
688 5292 815 5373 quidem
846 5291 1014 5357 ecelesiam
1044 5288 1272 5372 parrochialem
1307 5287 1468 5350 dimittere
1501 5290 1534 5348 91
1564 5286 1670 5368 gracie
1704 5287 1851 5366 predicte.
1886 5289 2056 5354 renunciare

564 5404 697 5479 paratus
730 5398 848 5474 existit,
879 5402 1047 5478 postquam
1077 5394 1252 5477 ‹lignitatis
1283 5390 1379 5456 6111611
1411 5392 1460 5454 rel
1490 5395 1678 5471 personatus
1707 5390 1894 5458 lnrinsnrodi
1931 5395 1962 5459 in
1989 5392 2058 5456 dieta

563 5504 768 5570 Craconiensi
804 5502 938 5567 96619616
968 5500 1201 5584 possessionem
1225 5495 1388 5579 pacificam
1414 5496 1521 5578 rigore
1544 5495 1628 5559 dicte
1651 5494 1758 5576 gande
1779 5494 1885 5562 luerit
1900 5507 2060 5568 assecutus,

565 5628 635 5673 curn
659 5608 731 5672 aliis
754 5626 816 5672 non
839 5607 1039 5672 obstantibus
1063 5610 1095 5669 ot
1118 5601 1269 5667 clausulis
1293 5601 1458 5683 oportunis
1482 5605 1514 5664 et
1537 5598 1769 5663 executoribus

667 5748 740 5814 Fiat
762 5748 799 5812 R.
