5184 7050
1868 838 1927 902 771

421 1036 543 1105 1499.
577 1034 716 1114 Aldcrto,
748 1040 823 1102 nato
853 1037 1009 1120 &oplioni
1039 1038 1077 1102 de
1105 1037 1284 1119 Stcmbcrq,
1314 1038 1463 1103 senonim
1495 1040 1658 1124 Daqcasr',
1685 1044 1872 1128 providetur
1893 1045 1931 1108 de

626 1141 811 1224 praebenda
833 1141 869 1206 in
890 1141 1023 1208 adaia
1045 1143 1202 1224 Ibaqensr‘
1221 1143 1361 1209 aarum.
1394 1145 1510 1209 dbrmo
1531 1149 1568 1208 at
1589 1146 1624 1211 ia
1645 1169 1676 1214 n.
1700 1150 1730 1215 4.

1456 1300 1620 1378 Aoias'orre,
1645 1307 1728 1370 1352
1749 1303 1835 1371 Julis'
1855 1309 1887 1374 6.

587 1473 609 1539 i.
633 1473 777 1552 Alberto,
799 1478 874 1539 nato
896 1472 926 1537 d.
950 1473 971 1538 i.
995 1494 1025 1538 n.
1049 1492 1078 1538 v.
1102 1473 1255 1556 Stephani
1282 1474 1322 1538 de
1352 1474 1553 1557 Stembercb,
1585 1479 1735 1544 canonico
1765 1479 1930 1563 Pragensi,

420 1597 445 1644 s.
471 1583 531 1643 etc.
576 1578 736 1644 Nobilitas
771 1578 1003 1661 generis
1028 1579 1155 1643 Dudum
1189 1577 1346 1662 siquidem
1381 1577 1581 1646 intendentes
1616 1583 1655 1647 de
1686 1583 1874 1649 canonicatu
1897 1589 1930 1650 et

419 1683 583 1776 prebenda
616 1683 752 1749 ecclesie
786 1682 965 1765 Progensis,
1000 1701 1079 1764 quos
1115 1682 1272 1764 quondam
1303 1683 1455 1748 Nicolaus
1486 1684 1589 1749 dietus
1613 1686 1804 1766 Melnikerii,
1828 1688 1930 1769 ipsius

419 1787 555 1853 ecclesie
589 1788 768 1865 canonicus,
800 1791 876 1853 tunc
910 1787 1062 1869 temporis
1096 1787 1268 1866 obtinebat,
1304 1806 1375 1852 cum
1398 1786 1469 1852 illos
1493 1806 1605 1854 vacare
1629 1794 1836 1875 contingeret,
1870 1811 1928 1875 ρον

418 1892 594 1976 apostolice
617 1890 703 1958 sedis
727 1890 961 1973 providenciam
984 1891 1134 1971 ordinari,
1158 1891 1379 1958 canonicatum
1402 1896 1435 1956 et
1457 1892 1650 1974 prebendam
1667 1895 1838 1977 predictos,
1855 1895 1930 1962 dum

419 1996 525 2061 adbuc
547 1995 632 2061 idem
654 1994 806 2061 Nicolaus
830 2000 941 2079 ageret
963 1995 994 2059 in
1017 1994 1172 2074 humanis,
1197 1995 1347 2063 videlicet
1369 1996 1414 2061 VI
1437 1996 1589 2063 kalendas
1613 1998 1798 2065 Decembris
1827 2000 1927 2081 ponti·

418 2098 533 2164 ficatus
568 2100 668 2164 nostri
705 2116 786 2164 anno
820 2098 949 2178 sexto,¹)
984 2097 1149 2163 collacioni
1184 2104 1217 2163 et
1250 2099 1454 2180 dispositioni
1489 2105 1597 2165 nostre
1629 2102 1774 2168 duximus
1798 2122 1837 2169 ea
1858 2103 1929 2169 vice

418 2205 605 2287 specialiter
626 2203 845 2282 reservandos,
869 2202 1078 2268 decernentes
1100 2209 1216 2268 extunc
1239 2203 1364 2268 irritum
1387 2209 1421 2268 et
1443 2205 1546 2285 inane,
1572 2197 1598 2270 si
1622 2225 1715 2272 secus
1748 2208 1929 2290 superbiis

418 2328 612 2392 equaquam
629 2308 741 2392 quavis
762 2308 952 2373 auctoritate
972 2308 1169 2390 contingeret
1190 2309 1384 2390 attemptari.
1409 2309 1488 2374 (lum
1504 2310 1613 2391 itaque
1629 2312 1827 2392 postmodum
1842 2313 1929 2380 dicta
2039 2334 2042 2340 ·

416 2413 582 2497 prebenda
615 2431 674 2495 per
706 2412 827 2478 obitum
861 2410 937 2477 dicti
970 2409 1103 2491 Nicolai,
1137 2411 1192 2495 qui
1224 2419 1316 2477 extra
1348 2412 1520 2478 Romanam
1556 2417 1675 2480 curiam
1706 2416 1790 2482 diem
1813 2417 1929 2483 clausit

416 2525 606 2596 extremum,
636 2517 799 2584 vacaverit
829 2522 863 2581 et
891 2521 985 2582 vacet
1018 2515 1057 2579 ad
1084 2534 1227 2600 presens,
1249 2515 1326 2581 licet
1349 2516 1379 2580 d.
1402 2518 1423 2582 i.
1448 2516 1608 2597 Sdeslaus,
1632 2521 1819 2586 scolasticus
1842 2521 1927 2587 dicte

416 2622 555 2689 ecclesie
578 2621 756 2706 Pragensis,
780 2621 883 2704 ipsam
905 2620 945 2686 de
967 2619 1053 2686 iacto
1076 2638 1133 2703 per
1154 2620 1316 2686 biennium
1340 2625 1373 2686 et
1394 2620 1479 2687 ultra
1502 2623 1675 2688 detinuerit
1704 2630 1799 2707 prout
1821 2625 1925 2692 adbuc

418 2726 544 2793 detinet
577 2732 773 2810 occupatam,
808 2725 977 2808 nullusque
1011 2724 1051 2789 de
1081 2724 1243 2807 prebenda
1272 2725 1344 2807 ipsa
1373 2730 1482 2807 preter·
1503 2745 1562 2792 nos
1584 2727 1645 2792 hac
1667 2729 1737 2793 vice
1760 2729 1928 2812 disponere

417 2833 563 2916 potuerit
596 2850 700 2914 neque
733 2829 845 2912 possit,
878 2829 1098 2895 reservocione
1132 2832 1165 2894 et
1199 2830 1327 2895 decreto
1360 2830 1590 2897 obsistentibus
1623 2832 1831 2913 supradietis:
1870 2852 1928 2899 nos

416 2937 565 3003 volentes
580 2935 648 3015 tibi,
665 2935 721 3017 qui
736 2934 955 3000 canonicatum
970 2933 1071 3016 ipsius
1086 2932 1222 3000 ecclesie
1238 2935 1296 2999 sub
1312 2935 1538 3018 expectacioue
1555 2936 1714 3016 prebende
1737 2937 1928 3003 auctoritate

414 3040 598 3107 litterarum
621 3045 799 3107 nostrarum
823 3039 959 3116 obtines,
982 3058 1013 3120 p.
1029 3057 1070 3103 m.
1086 3043 1108 3103 t.
1126 3037 1146 3103 i.
1162 3057 1208 3121 gr.
1225 3039 1246 3103 l.
1263 3057 1321 3121 sp,
1338 3038 1455 3104 dictam
1478 3040 1672 3120 prebendam
1695 3042 1741 3105 sic
1764 3045 1927 3107 vacantem
2045 3114 2048 3125 ¹

417 3164 492 3211 cum
520 3165 548 3211 o.
572 3146 593 3210 i.
617 3150 650 3210 et
671 3165 702 3227 p.
726 3163 751 3210 s.
775 3163 825 3227 ap.
847 3144 906 3209 tibi
929 3148 1012 3209 auct.
1036 3142 1228 3208 conserimus
1257 3148 1291 3208 et
1321 3143 1360 3207 de
1395 3143 1450 3208 illa
1479 3144 1580 3209 eciam
1604 3144 1853 3226 providemus..
1871 3196 1878 3209 .
1896 3165 1924 3223 .;
2057 3180 2060 3183 Δ

414 3269 483 3315 non
505 3250 705 3316 obstantibus
728 3299 735 3313 .
754 3299 761 3312 .
779 3298 811 3313 ..
835 3266 892 3313 seu
916 3247 999 3332 quod
1023 3248 1055 3313 in
1078 3247 1214 3313 ecclesia
1230 3248 1433 3313 Olomucensi
1452 3249 1671 3313 canonicatum
1686 3256 1719 3313 et
1735 3249 1928 3330 prebendam

415 3355 554 3433 obtines,
586 3358 620 3419 et
648 3353 732 3437 quod
763 3358 799 3418 ut
829 3352 949 3417 asseris
979 3371 1081 3434 nuper
1111 3351 1150 3416 de
1185 3352 1343 3417 decanatu
1373 3352 1515 3417 eiusdem
1538 3351 1758 3418 olomucensis
1781 3353 1927 3432 ecclesie,

414 3460 511 3527 cuius
533 3457 669 3524 nondum
692 3456 781 3523 fuisti
803 3455 935 3541 pacifice
965 3458 1199 3541 possessionem
1232 3457 1378 3538 adeptus,
1412 3456 1472 3521 tibi
1506 3456 1653 3523 duximus
1687 3457 1925 3540 providendum.

413 3565 571 3633 Volumus
594 3568 711 3643 autem,
734 3561 829 3645 quod,
853 3563 1083 3644 quamprimum
1106 3561 1214 3645 vigore
1230 3560 1388 3642 presentis
1403 3563 1511 3645 gracie
1530 3562 1723 3643 prebendam
1739 3563 1926 3644 predictam,

414 3687 477 3751 per
498 3686 557 3734 nos
580 3672 616 3735 ut
638 3668 835 3751 premittitur
857 3666 915 3731 tibi
939 3665 1094 3744 collatam,
1118 3663 1217 3731 fueris
1239 3661 1372 3747 pacifice
1395 3670 1572 3744 assecutus,
1596 3666 1721 3747 prefate
1738 3666 1853 3744 littore,
1870 3685 1928 3748 ρον

414 3790 499 3857 quas
522 3773 741 3839 canonicatum
764 3772 797 3836 in
820 3771 907 3837 dicta
930 3770 1066 3835 ecclesia
1088 3768 1241 3853 Pragensi
1263 3769 1388 3834 obtines
1408 3774 1441 3833 et
1456 3769 1648 3850 prebendam
1672 3776 1708 3835 ut
1729 3771 1926 3851 premittitur

416 3882 581 3961 expectas,
604 3882 639 3943 et
660 3892 830 3959 processus
852 3892 910 3958 per
932 3891 988 3940 eas
1010 3873 1111 3940 babiti
1134 3878 1167 3940 et
1189 3892 1377 3956 quecunque
1399 3873 1473 3937 inde
1495 3877 1606 3938 secuta
1630 3874 1694 3939 sint
1720 3874 1826 3957 quoad
1855 3893 1927 3957 pre·

413 3980 554 4048 bendam
577 3999 670 4046 cassa
692 3985 725 4045 et
747 3979 839 4046 irrita
859 3978 1043 4061 nulliusque
1065 3980 1205 4045 existant
1227 3979 1350 4044 roboris
1372 3978 1423 4042 vel
1446 3977 1605 4057 momenti,
1629 3978 1676 4042 eis
1699 3979 1804 4061 quoad
1820 3978 1928 4043 aliain

412 4104 477 4152 suo
499 4085 613 4152 robore
634 4083 850 4168 permansuris
873 4132 957 4149 ...
981 4082 1019 4148 D.
1044 4083 1201 4148 Aninione
1224 4082 1257 4149 II
1280 4101 1354 4147 non.
1376 4082 1397 4148 J
1400 4081 1457 4148 ulii
1479 4100 1509 4146 a.
1532 4081 1708 4146 undecimo.

524 4207 560 4273 In
591 4225 619 4273 e.
641 4226 683 4274 m.
707 4205 758 4272 dd.
781 4203 813 4271 ii.
839 4256 870 4271 ..
894 4203 1132 4273 Strabouiensis
1165 4207 1198 4269 et
1221 4252 1254 4269 ..
1277 4201 1541 4280 Breunouiensis,
1575 4201 1744 4283 Progensis
1780 4203 1925 4281 diocesis,

417 4310 684 4378 monasteriorum
715 4309 884 4376 abbatibus
908 4327 945 4374 ac
967 4307 1102 4374 sacriste
1129 4306 1263 4373 ecclesie
1286 4306 1511 4372 Auinionensis
1541 4322 1566 4369 s.
1589 4310 1649 4369 eto.
1780 4308 1819 4371 D.
1843 4312 1879 4372 ut
1900 4325 1926 4373 s.

525 4498 674 4556 Clementis
701 4498 739 4554 VI
766 4500 801 4555 A.
825 4498 893 4570 Xlll
920 4502 995 4569 (120)
1017 4496 1037 4555 i.
1062 4501 1122 4564 ale,
1146 4495 1182 4552 de
1204 4494 1347 4549 benefieiis
1369 4494 1529 4549 vacantibus
1552 4511 1598 4563 qu.
1617 4500 1633 4547 o
1654 4514 1686 4546 :
1705 4493 1735 4547 V.
1763 4501 1814 4547 212
1839 4496 1855 4547 l.
1878 4500 1925 4548 ros
2034 4498 2048 4569 f

411 4606 442 4645 n.
463 4593 525 4643 294.
545 4617 579 4628 -
599 4587 619 4655 ¹)
639 4591 706 4641 1847
724 4584 889 4641 Novembris
907 4589 948 4638 26.

1070 4742 1271 4752 ———-

409 4970 538 5038 160⁰.
574 4969 718 5035 sarrano
751 4966 909 5051 quondam
939 4966 1131 5047 Vojtdcbonis
1164 4965 1202 5030 da
1236 4963 1367 5029 Leonica
1395 4963 1580 5046 providetur
1613 4963 1652 5026 de
1679 4963 1869 5028 canonicatu
1898 4966 1928 5025 at

567 5071 752 5157 praebenda
775 5073 810 5136 in
831 5070 963 5136 ccclesia
989 5068 1187 5135 Olomuccasi
1208 5067 1405 5134 vacaremus.
1430 5068 1546 5132 Fama
1569 5071 1605 5130 ut
1626 5068 1663 5130 r‘n
1683 5089 1714 5131 rr.
1738 5069 1769 5131 4.

1449 5240 1610 5314 avinione,
1633 5242 1721 5304 1352
1742 5238 1826 5306 Julius
1848 5242 1878 5304 6.

451 5350 497 5404 ,Χ
570 5389 576 5402 .

550 5438 595 5503 .f.
612 5437 766 5517 Mirzano,
787 5439 862 5501 nato
885 5434 1042 5519 quondam
1066 5433 1310 5519 Woytzcchonis
1327 5435 1366 5498 de
1382 5433 1520 5513 Lesnitz,
1543 5431 1693 5496 canonico
1710 5429 1924 5507 Olomuceusi,

410 5563 439 5610 a.
466 5548 527 5608 etc.
552 5542 626 5608 Vite
649 5560 686 5608 ao
707 5559 829 5606 morum
852 5541 1003 5604 honestas
1028 5588 1111 5602 ...
1134 5538 1262 5604 Dudum
1285 5537 1443 5620 siquidem
1466 5535 1667 5603 intendentes
1683 5534 1723 5598 de
1739 5533 1925 5599 canonicatu

409 5653 447 5712 et
470 5645 635 5730 prebenda
657 5646 793 5710 ecclesie
816 5643 1046 5721 olomucensis,
1071 5660 1150 5724 quos
1174 5641 1330 5723 quondam
1355 5641 1520 5705 Comedus
1539 5636 1714 5723 Wayffonis
1730 5637 1769 5702 de
1785 5637 1924 5715 Brunna,

411 5753 518 5834 ipsius
541 5749 677 5815 ecclesie
700 5750 878 5827 canonicus,
902 5753 977 5812 tunc
999 5746 1152 5830 temporis
1174 5746 1349 5824 obtinebat,
1373 5764 1443 5809 cum
1466 5745 1552 5826 ipsos
1580 5761 1693 5807 vaeare
1718 5742 1924 5825 corrtiugoret,

1771 5863 1820 5915 aa·
