5184 7050
547 823 610 891 268

543 1030 706 1111 percipere
739 1028 856 1107 valeas,
891 1030 1060 1094 cotidianis
1096 1029 1378 1094 distribucionibus
1413 1029 1580 1092 dmntarat
1614 1028 1766 1108 ercqnis,
1800 1046 1871 1092 cum
1895 1045 1962 1107 qua
1984 1026 2050 1090 illos

542 1135 732 1217 perciperes,
756 1133 784 1196 si
807 1134 838 1197 in
862 1133 1007 1197 ecclesiis
1030 1134 1108 1214 ipsis
1133 1133 1345 1214 personaliter
1367 1131 1538 1210 resideres,
1555 1136 1588 1195 et
1619 1131 1660 1194 ad
1690 1130 1895 1195 residendum
1928 1130 2048 1195 interim

544 1240 575 1303 in
598 1239 718 1303 eisdem
749 1238 798 1301 vel
830 1257 937 1301 earum
969 1238 1077 1318 aliqua
1107 1239 1234 1312 mimine
1265 1239 1406 1301 tenearis
1437 1255 1539 1317 neque
1570 1236 1611 1300 ad
1642 1236 1674 1300 id
1698 1255 1717 1298 a
1741 1254 1901 1316 quoquam
1938 1235 2048 1298 inritus

543 1342 652 1407 valeas
675 1343 827 1418 coartarn'3
865 1365 922 1405 non
953 1348 1141 1406 obstantibus
1172 1349 1393 1420 quibuscunque
1428 1349 1597 1407 statutis..
1617 1392 1649 1406 ..
1674 1354 1704 1404 et
1737 1347 1810 1419 ipsis
1846 1346 1958 1404 litteris
1992 1362 2046 1403 non

545 1454 662 1528 utendo,
686 1454 777 1512 eciam
800 1469 818 1509 a
840 1458 869 1509 te
893 1453 937 1508 vel
968 1454 1027 1510 alio
1058 1471 1110 1509 seu
1140 1453 1207 1510 aliis
1235 1453 1400 1526 impetratis
1423 1458 1474 1511 aut
1497 1454 1556 1511 alio
1579 1454 1682 1526 quovis
1705 1453 1790 1511 modo
1815 1450 1978 1524 concessis,
1999 1467 2047 1522 per

543 1564 572 1616 te
595 1559 640 1616 vol
663 1562 883 1630 procuratorem
908 1562 989 1614 tuum
1011 1557 1169 1629 prestitisti
1193 1558 1335 1615 tractemus
1359 1559 1404 1614 rel
1427 1556 1527 1616 forsan
1551 1558 1741 1630 imposterum
1764 1563 1794 1614 to
1817 1560 1954 1629 prestare
1985 1571 2047 1612 con·

544 1662 645 1735 tigerit
678 1663 881 1733 iuramentum,
1021 1678 1164 1733 pcrrmnas
1198 1662 1388 1719 eeclesiarum
1422 1679 1541 1720 suarum
1576 1662 1727 1719 civitatum
1762 1666 1792 1719 et
1826 1659 1998 1733 diocesium,
2020 1659 2045 1715 in

544 1765 735 1839 dignitatibus
764 1765 810 1822 rel
840 1765 1047 1837 personatibus
1077 1771 1130 1822 aut
1159 1764 1266 1822 officiis
1297 1766 1486 1840 constitutos,
1509 1783 1562 1837 per
1592 1765 1826 1822 subtraccionem
1858 1768 2046 1836 proventuum

544 1886 662 1927 suorum
685 1869 952 1927 ecclesiastieorum
970 1912 977 1926 .
996 1913 1003 1926 .
1021 1913 1049 1926 ..
1074 1869 1208 1942 personis
1232 1869 1389 1926 eorundem
1413 1869 1604 1926 ecclesiarum
1627 1869 1718 1926 eciam
1741 1867 1986 1938 indignitatibus
2007 1868 2046 1923 rel

544 1973 750 2046 personatibus
784 1990 835 2029 sen
870 1970 978 2031 officiis
1012 1974 1181 2031 coristitntis
1211 1990 1269 2030 non
1301 1973 1498 2031 residentibus
1529 1972 1559 2030 in
1584 1973 1692 2030 eisdem
1715 1970 1842 2047 fructus,
1866 1972 2001 2029 redditus
2021 1977 2047 2026 et

544 2081 702 2149 proventus
725 2076 914 2134 eeclesiarum
937 2093 972 2134 ac
995 2076 1207 2149 prebendarum
1231 2084 1261 2135 et
1284 2077 1458 2150 dignitatum
1489 2078 1535 2136 vel
1564 2083 1773 2150 personatuum
1802 2093 1856 2134 seu
1886 2073 2046 2134 officiorum

544 2186 595 2238 aut
625 2177 832 2238 beneficiorum
862 2198 980 2237 suorum
1013 2180 1279 2239 ecclesiasticorum
1314 2182 1482 2239 ministrare
1520 2182 1638 2239 minime
1671 2185 1830 2239 teneantur
1846 2224 1853 2238 .
1872 2223 1879 2239 .
1896 2221 1931 2238 ..
1954 2180 2046 2237 deser·

544 2284 642 2342 viatur
663 2285 737 2342 inibi
759 2284 947 2342 laudabiliter
970 2285 999 2342 in
1024 2285 1139 2342 (livinis.
1184 2285 1264 2343 Nulli
1288 2303 1358 2359 ergo
1382 2291 1439 2344 etc.
1462 2291 1563 2343 nostre
1587 2284 1785 2343 concessionis
1807 2282 1972 2356 infringere
1995 2288 2046 2340 etc.

547 2381 584 2446 D.
608 2381 765 2446 Aninione
787 2382 836 2446 111
859 2401 930 2446 non.
955 2383 1141 2448 Decembris
1165 2401 1193 2446 a.
1218 2383 1328 2447 tercio.

651 2520 689 2584 In
712 2538 739 2582 o.
763 2538 803 2583 m.
828 2518 880 2583 dd.
904 2518 934 2584 ff.
952 2569 984 2583 ..
1008 2521 1171 2601 preposito
1194 2519 1342 2584 Omnium
1365 2522 1559 2586 Sanctorum>
1579 2522 1747 2604 Prageusis
1778 2526 1860 2585 et..
1885 2519 2047 2585 scolastico

547 2624 646 2688 sancti
681 2624 835 2704 Stephani
871 2622 1123 2704 Magnntiuensis
1157 2643 1193 2688 ac
1227 2623 1398 2690 Guillebno
1431 2627 1471 2689 de
1505 2626 1629 2705 Mirica,
1664 2626 1814 2689 canonico
1849 2625 2044 2689 Patauiensis

547 2725 752 2790 ecclesiarum
776 2745 799 2790 S.
824 2731 884 2791 ete.
907 2733 1054 2790 Nobilitas
1077 2736 1192 2806 generis
1216 2741 1272 2793 otc.
1297 2754 1387 2809 usqne
1411 2738 1601 2796 laudabiliter
1623 2738 1653 2795 in
1676 2737 1792 2794 divinis.
1821 2735 1970 2809 Quocirca
1993 2737 2046 2792 dis·

548 2836 675 2893 crecioni
699 2840 796 2893 vestre
817 2854 871 2908 per
893 2839 1056 2909 apostolica
1079 2838 1189 2911 scripta
1208 2841 1387 2914 mandamus,
1404 2847 1547 2913 quidenna
1562 2859 1615 2899 ros
1630 2841 1675 2898 vel
1692 2842 1749 2899 duo
1764 2846 1816 2898 aut
1832 2858 1907 2898 nnus
1923 2849 2045 2897 restrum

547 2957 599 3011 per
622 2957 673 2997 vos
696 2941 740 2996 vel
764 2941 851 2997 alium
875 2958 927 2997 sen
950 2942 1024 2999 alios
1047 2942 1139 3000 eidem
1164 2944 1333 3001 licinbardo
1356 2945 1400 3001 vel
1424 2947 1610 3017 procuratori
1634 2964 1687 3003 suo
1711 2946 1773 3002 eius
1796 2946 1914 3002 nomine
1935 2943 2047 3002 feritatis

547 3043 724 3100 auctoritate
757 3050 859 3101 nostra
892 3045 1042 3116 predictos
1075 3044 1199 3120 fructus,
1230 3047 1364 3105 redditus
1395 3053 1425 3104 et
1454 3055 1614 3121 preventus
1644 3050 1727 3107 iuxta
1760 3048 1928 3107 huiusmodi
1952 3056 2045 3106 nostre

549 3147 746 3204 concessionis
769 3154 900 3206 tenorem
923 3167 976 3220 per
1000 3150 1075 3206 idem
1106 3151 1253 3208 biennium
1283 3152 1396 3224 integro
1421 3153 1599 3223 ministrari3
1626 3171 1683 3211 non
1708 3153 1895 3211 obstantibus
1919 3152 2046 3209 tironibus

550 3251 737 3325 supradictis,
754 3294 761 3310 .
780 3296 787 3310 .
806 3296 838 3311 ..
863 3254 1096 3311 contradictores
1119 3254 1296 3311 auctoritate
1321 3261 1423 3313 nostra
1446 3263 1503 3314 etc.
1549 3252 1587 3316 l).
1613 3258 1657 3314 ut.
1682 3270 1707 3315 S.

654 3449 802 3504 Clementis
822 3450 857 3504 VI
876 3455 909 3505 Α.
927 3453 988 3521 lllp
1013 3457 1067 3518 (ii)
1085 3453 1103 3506 f.
1126 3457 1183 3506 ltt3'
1203 3472 1227 3507 n.
1248 3461 1289 3521 ti,
1309 3455 1343 3508 do
1363 3455 1498 3510 fructibus
1517 3456 1703 3526 percipiendis
1721 3474 1766 3526 qn.
1780 3464 1795 3510 2
1809 3476 1841 3509 :
1853 3455 1883 3508 V.
1906 3461 1955 3509 166
1974 3456 1991 3508 l.
2009 3462 2044 3506 dt.

550 3554 576 3591 n.
595 3544 636 3592 47.
657 3538 705 3591 Ed.
725 3539 809 3593 Cllbl.
829 3540 877 3593 vll
897 3557 923 3596 n.
943 3547 1000 3594 ortt.
1022 3541 1104 3595 ΚΒΜ.
1123 3542 1160 3595 lv
1179 3560 1204 3595 n.
1226 3549 1300 3596 ΜΠ.
1321 3576 1353 3582 -
1380 3557 1403 3611 ¹¹)
1423 3545 1580 3612 suppletum
1600 3562 1684 3613 snpra
1698 3548 1729 3597 d.
1757 3547 1781 3612 Ι»)
1801 3545 1881 3599 deest
1893 3544 1920 3597 in
1936 3546 1978 3610 A,
1990 3561 2045 3611 snp-

551 3624 654 3693 pletum
675 3626 709 3678 alr
728 3625 840 3680 editore.

550 4149 644 4214 455.
667 4148 818 4227 Jotanei,
842 4152 936 4216 electo
958 4154 1191 4235 Litomytleasi,
1219 4154 1407 4233 conceditur,
1429 4159 1466 4217 ut
1489 4176 1713 4237 aptioremque
1734 4156 1879 4220 antistite
1901 4154 2049 4220 catholieo

965 4280 1079 4323 recurras
1102 4258 1347 4322 consecrationis
1368 4261 1506 4341 recepere
1523 4262 1634 4342 possit.

1456 4450 1618 4526 Avioioae,
1641 4455 1729 4517 1344
1752 4453 1936 4519 Decembris
1961 4456 2009 4520 10.

654 4661 692 4724 l).
716 4659 737 4725 f.
761 4660 907 4740 Johanni,
931 4661 1033 4726 electo
1056 4659 1324 4737 Lutbomnslensi,
1355 4676 1379 4723 s.
1411 4664 1470 4724 otc.
1511 4661 1587 4725 Cum
1619 4680 1676 4725 nos
1705 4663 1861 4745 pridem·)
1892 4683 1932 4729 ex
1960 4666 2051 4730 certis

550 4762 796 4829 racionabilibus
811 4767 915 4830 ‹aarrsis
931 4762 1172 4838 statuerimusl)
1189 4769 1221 4828 et
1236 4765 1336 4828 eciam
1352 4763 1626 4845 ‹lerrr·cn¹er·irnns,⁰)
1643 4774 1678 4830 ut
1694 4769 1920 4834 nronasterinm
1936 4770 2051 4835 lautho·

551 4868 717 4949 lundense,
742 4873 1044 4937 l‘remonstratensis
1067 4871 1196 4948 ordinis,
1220 4867 1328 4950 tuncf)
1353 4870 1522 4951 Pragcnsis
1546 4872 1681 4935 dioresis
1704 4877 1737 4935 et
1755 4875 1949 4939 monasterio
1968 4875 2051 4942 stra-

552 4972 705 5053 boniensi,
744 4976 863 5041 ordinis
896 4983 930 5041 et
964 4977 1100 5041 diocesis
1133 4974 1357 5057 predictorum,
1399 4980 1473 5037 tnnc
1504 4976 1684 5040 irmnediate
1718 4978 1906 5056 subiectum,
1941 4987 2053 5044 extunc

550 5075 721 5142 baberetur
751 5082 958 5147 presisteret
981 5081 1117 5147 ecclesia
1148 5079 1350 5157 cathedralis,
1382 5098 1419 5142 ac
1451 5079 1564 5144 sicunde
1592 5081 1631 5143 do
1653 5099 1789 5161 persona
1810 5086 1878 5163 tua,
1908 5084 2001 5148 nobis
2022 5087 2054 5148 et

550 5182 701 5247 frattribus
723 5186 840 5250 nostris
864 5188 903 5250 ob
926 5192 1052 5251 tuorum
1075 5185 1272 5266 erigenciam
1302 5184 1485 5248 meritorum
1517 5195 1657 5267 accepta,
1693 5186 1732 5250 de
1759 5188 1900 5268 ipsorum
1923 5188 2052 5253 fratrum

551 5287 681 5352 consilio
705 5289 808 5353 cidem
830 5290 966 5354 ecclesie
988 5289 1230 5372 providerimus,
1254 5288 1455 5369 proficientes
1470 5295 1503 5353 te
1518 5290 1643 5370 prefate
1659 5291 1794 5356 ecclesie
1817 5292 1849 5355 in
1872 5293 2052 5375 episcopum

551 5397 585 5456 et
606 5398 767 5473 pastorem
789 5394 911 5474 tibique.
935 5414 1042 5458 curam
1065 5399 1098 5458 et
1121 5395 1431 5458 aclnrinistraoionem
1455 5395 1555 5475 ipsius
1579 5396 1609 5458 in
1634 5395 1853 5475 spiritualibus
1880 5403 1914 5462 et
1936 5403 2052 5479 tempo·

552 5496 703 5579 salibus)
728 5498 960 5577 committendo,
983 5504 1078 5579 prout
1101 5500 1132 5563 in
1155 5498 1272 5561 nostris
1295 5498 1369 5561 indo
1397 5498 1548 5563 confectis
1571 5499 1688 5562 litteris
1711 5500 1836 5581 plenius
1860 5502 2051 5567 continetur:

551 5621 608 5665 nos
631 5601 672 5665 ad
694 5622 743 5681 ea,
778 5622 840 5684 que
871 5603 911 5666 ad
942 5609 995 5667 tue
1030 5602 1260 5666 commoditatis
1291 5607 1494 5682 augrnentnm
1525 5604 1638 5668 cedere
1665 5605 1802 5684 valeant,
1836 5605 2053 5671 favorabiliter

551 5708 761 5788 intendentes,
784 5708 849 5771 tuis
871 5707 1158 5789 supplicacionibns
1182 5706 1323 5770 inclinati
1347 5708 1415 5786 tibi,
1436 5715 1471 5771 nt
1487 5727 1507 5772 a
1525 5729 1713 5792 quocunque
1729 5709 1885 5775 malueris
1901 5711 2052 5776 catholico
