5184 7050
1881 866 1945 933 329

459 1064 530 1135 546.
543 1065 663 1145 Cereio,
679 1068 855 1135 marchioni
870 1070 1045 1150 Moreuiee,
1059 1070 1220 1148 scribitur,
1232 1071 1359 1137 nuntios
1375 1072 1483 1154 patris
1498 1073 1565 1136 iam
1579 1092 1763 1156 responsum
1778 1074 1942 1157 recepisse.

1358 1259 1522 1339 Aeinione,
1545 1265 1632 1328 1345
1655 1263 1840 1329 Nemees
1863 1266 1894 1332 5.

543 1476 578 1542 D.
608 1474 630 1541 f.
662 1496 693 1540 n.
724 1496 753 1541 v.
785 1476 910 1558 Carolo,
945 1479 1154 1562 primogenito
1186 1500 1211 1545 c.
1243 1480 1276 1544 in
1307 1480 1363 1545 (lb.
1395 1480 1416 1545 f.
1440 1500 1470 1545 n.
1494 1480 1658 1560 lobannis,
1692 1481 1778 1563 regis
1809 1482 1939 1546 Boemie

453 1566 583 1658 illustris,
604 1579 780 1645 marchioni
804 1580 959 1647 Morauie.
982 1582 1086 1665 Super
1107 1583 1179 1663 biis,
1202 1603 1264 1665 que
1288 1585 1339 1649 dd.
1363 1584 1393 1649 ff.
1418 1591 1478 1649 etc.
1495 1591 1531 1650 ut
1553 1603 1650 1667 supra
1662 1584 1686 1667 ¹)
1711 1603 1812 1666 usque
1835 1586 1942 1651 cleriei

443 1676 471 1735 θί
488 1683 662 1749 consiliarii
686 1703 712 1749 c.
737 1685 769 1748 in
792 1684 849 1750 Cb.
873 1686 895 1751 f.
919 1706 948 1754 n.
971 1688 1137 1766 lobannis,
1168 1688 1252 1770 regis
1284 1688 1413 1754 Boemie
1435 1688 1579 1767 illustris,
1612 1689 1766 1770 genitoris
1787 1690 1845 1768 tui,
1881 1689 1939 1753 sub

437 1789 584 1853 c‘luccesse
606 1788 653 1853 eis
675 1806 735 1870 per
757 1788 881 1854 litteras
904 1798 977 1857 tuas
999 1792 1090 1856 nobis
1113 1797 1317 1873 presentatas
1348 1792 1515 1856 credencia
1545 1793 1634 1857 nobis
1665 1811 1824 1874 exponere
1847 1813 1939 1858 cura-

431 1892 558 1971 lerunt,
579 1893 700 1957 eisdem
722 1894 944 1976 respondimus
966 1900 999 1960 et
1021 1896 1090 1973 tibi,
1121 1894 1176 1973 fili,
1208 1895 1444 1977 respondemus,
1480 1897 1563 1960 sicut
1585 1896 1689 1961 dietus
1713 1896 1862 1976 decanus,
1886 1898 1941 1979 qui

422 1981 458 2046 ld
477 1991 575 2061 dicti
596 1996 682 2079 regis
705 2002 739 2061 et
760 2001 847 2061 tuam
869 2001 1042 2064 revertitur
1072 1999 1278 2081 presenciam,
1314 1999 1433 2064 referre
1464 2000 1590 2082 plenius
1617 2001 1734 2082 poterit
1756 2001 1829 2065 viva
1852 2020 1938 2067 voce.

417 2079 451 2147 D·
474 2103 539 2162 ut
558 2118 581 2164 s.
605 2099 778 2186 [Aninione
800 2121 872 2167 uon.
897 2103 1084 2169 Novembris
1107 2122 1135 2167 a.
1160 2104 1297 2187 quarto]
1313 2103 1337 2185 2)

539 2322 685 2396 Clementis
703 2323 741 2379 Vl
759 2325 790 2378 V.
811 2330 860 2380 139
879 2329 957 2394 (secr.
976 2342 1000 2379 a.
1020 2325 1068 2393 IV)
1088 2344 1114 2382 n.
1133 2333 1192 2382 689.
1211 2358 1245 2369 -
1264 2330 1283 2372 ἢ
1305 2335 1333 2382 ut
1351 2329 1379 2382 iu
1399 2329 1429 2382 V.
1451 2335 1500 2384 139
1518 2345 1591 2384 num.
1610 2332 1661 2381 588
1687 2328 1772 2396 (apud
1791 2344 1841 2382 nos
1860 2344 1933 2384 num.

402 2399 470 2463 ⁶⁴⁴)-
537 2413 555 2476 ¹l
573 2419 603 2465 ut
621 2411 650 2464 in
667 2411 700 2465 V.
723 2418 771 2467 las
789 2428 863 2468 num.
882 2417 932 2465 688
953 2412 1037 2481 (apud
1056 2430 1107 2469 nos
1125 2430 1198 2470 num.
1217 2416 1287 2481 etl).

400 3042 531 3122 543.
559 3055 723 3123 ,lohannes
754 3012 858 3121 dietae
893 3056 1069 3121 Peducaeo
1102 3057 1273 3141 supplicat,
1307 3061 1463 3140 quatenus
1496 3057 1603 3123 electio
1632 3078 1695 3123 aua
1723 3059 1759 3123 in
1788 3058 1941 3124 decom

855 3160 1004 3226 ecclcsiae
1033 3162 1295 3243 Vyasegredeasis
1317 3161 1525 3243 confirmetur.

1357 3351 1520 3432 Aeinione,
1542 3356 1629 3420 1345
1653 3352 1838 3419 Nouembris
1859 3355 1890 3419 5.

541 3568 679 3652 Exponit
700 3569 863 3641 humiliter
885 3570 917 3637 S.
940 3570 978 3637 V.
1001 3576 1189 3653 procurator
1217 3571 1409 3636 venerabilia
1440 3572 1499 3635 viri
1522 3572 1638 3637 domini
1672 3572 1827 3636 Johannis
1861 3571 1937 3638 dicti

437 3661 586 3753 roduani,
621 3675 821 3741 decretorum
844 3675 992 3753 doctoris,
1027 3675 1169 3740 canonici
1203 3675 1369 3758 collegiate
1400 3675 1533 3740 ecclesie
1565 3676 1817 3758 Wisegradensis
1840 3694 1938 3759 prope

444 3766 578 3857 bugam,
613 3779 654 3843 ad
684 3779 855 3844 Romanam
886 3778 1054 3844 ecelesiam
1085 3778 1171 3845 nullo
1201 3780 1306 3845 medio
1339 3781 1539 3862 pertinentia,
1573 3781 1657 3862 quod
1683 3786 1815 3846 vacante
1838 3800 1939 3862 nuper

452 3871 590 3948 immeo
613 3884 756 3950 eiusdem
779 3884 914 3950 ecclesie
938 3884 1194 3967 Wiscgradensis
1216 3903 1274 3967 per
1296 3885 1416 3951 obitum
1431 3886 1460 3950 b.
1477 3904 1517 3950 m.
1535 3886 1633 3965 Petri,
1658 3886 1757 3969 ipsius
1780 3884 1939 3967 Wisegra·

455 3976 543 4051 densis
565 3988 701 4053 ecclesie
724 3988 845 4067 decani,
880 3989 1087 4069 eiusdemque
1109 3989 1194 4053 Petri
1226 4007 1358 4070 corpore
1381 3989 1605 4069 ecclesiastice,
1641 3995 1735 4072 prout
1761 3990 1856 4055 moris
1880 3996 1939 4069 est,

455 4088 552 4157 muco
574 4091 748 4175 sepulture,
773 4097 879 4157 custos
902 4097 936 4158 et
958 4092 1131 4174 capitulum
1154 4092 1296 4157 eiusdem
1320 4091 1465 4172 ecclesie,
1488 4097 1583 4174 prout
1608 4093 1790 4176 percinebat
1811 4093 1850 4157 ad
1874 4112 1941 4173 eos,

453 4194 532 4259 certis
554 4196 605 4263 die
628 4202 662 4261 et
683 4196 762 4277 loco,
785 4197 826 4261 cd
848 4196 1039 4262 eleccionem
1069 4196 1168 4262 futuri
1198 4197 1310 4262 decani
1341 4197 1562 4262 celebrandam
1585 4198 1735 4262 canonice
1759 4198 1938 4281 assignatio,

450 4301 660 4366 convenientes
675 4301 708 4365 in
724 4319 829 4380 unum,
846 4302 1048 4383 presentibus
1064 4301 1217 4380 omnibus
1234 4302 1289 4383 qui
1312 4301 1499 4380 debuerunt,
1522 4301 1691 4366 voluerunt
1713 4307 1747 4366 et
1769 4306 1939 4382 potuerunt

448 4405 599 4470 commode
622 4405 787 4484 interesse,
810 4410 948 4470 tractatu
973 4406 1138 4488 prehabito
1162 4406 1201 4469 de
1225 4410 1257 4469 et
1280 4424 1377 4487 super
1399 4404 1559 4471 eleccione
1581 4404 1760 4469 huiusmodi
1784 4403 1937 4486 diligenti,

443 4508 561 4574 landem
572 4514 739 4590 assumpta
747 4509 947 4575 concorditer
958 4509 1068 4587 lomna,
1078 4528 1139 4590 que
1152 4509 1268 4573 dicitur
1276 4509 1381 4574 media
1392 4508 1538 4589 eligendi,
1547 4509 1698 4574 videlicet
1710 4527 1828 4573 canone
1841 4508 1938 4589 „Cum

440 4612 561 4679 dilecti‘
588 4619 622 4678 et
644 4632 763 4678 canone
789 4613 886 4696 „Cum
909 4613 1090 4696 expediat‘,
1115 4614 1204 4678 iuxta
1226 4620 1260 4678 et
1282 4613 1455 4679 secundum
1478 4612 1609 4677 somnam
1636 4612 1777 4690 eandem,
1802 4614 1937 4677 serratis

436 4718 608 4797 servandis,
631 4717 792 4800 prelatum
806 4718 991 4800 magistrum
1007 4716 1184 4781 Jobonnem
1200 4717 1319 4782 dictum
1335 4717 1529 4795 Paduonum,
1554 4716 1753 4781 decretorum
1769 4716 1939 4795 doctorem,

435 4822 577 4888 eiusdem
600 4822 736 4887 ecclesie
751 4821 1007 4905 Wisegradeusis
1023 4823 1217 4901 canonicum,
1237 4821 1340 4887 virum
1355 4821 1511 4902 siquidem
1531 4820 1695 4902 providum
1711 4826 1744 4885 et
1759 4820 1941 4900 discretum,

434 4925 613 4993 litterarum
636 4926 783 5006 sciencia,
807 4927 873 4990 vita
894 4930 928 4991 et
948 4927 1088 4992 moribus
1112 4925 1392 4991 commendandum
1408 4943 1445 4990 ac
1461 4925 1493 4990 in
1509 4926 1607 4991 sacris
1627 4925 1790 4989 ordinibus
1806 4932 1839 4989 et
1854 4930 1940 4991 etate

433 5028 575 5113 legitima
597 5022 805 5095 constitutum
828 5030 924 5096 etde
947 5031 1086 5113 legitimo
1109 5031 1311 5095 matrimonio
1334 5035 1533 5111 procreatum
1556 5049 1594 5094 ac
1617 5030 1648 5093 in
1672 5030 1891 5111 spiritualibus
1907 5035 1944 5094 et

432 5133 664 5219 temporalibus
685 5135 854 5218 plurimum
878 5137 1152 5218 circumspectum,
1174 5141 1261 5200 recte
1285 5153 1323 5198 ac
1338 5134 1520 5199 solemniter
1543 5132 1709 5216 elegerunt
1731 5135 1762 5197 iu
1786 5133 1942 5198 decanum

432 5238 571 5305 ecclesie
594 5244 766 5305 memorate
788 5241 952 5322 ipsamque
962 5242 989 5323 ⁸)
1013 5240 1206 5306 eleccionem
1229 5239 1431 5320 publicarunt
1453 5239 1554 5303 eciam
1570 5238 1602 5302 in
1621 5239 1788 5315 conmuni,
1804 5239 1857 5320 qui
1873 5257 1941 5303 ma-

432 5342 533 5425 gister
554 5343 721 5409 lohannes
743 5344 878 5424 demum,
902 5344 1062 5410 eleccione
1084 5343 1264 5409 huiusmodi
1290 5344 1352 5409 sibi
1375 5362 1431 5424 pro
1459 5349 1549 5424 purte
1572 5342 1728 5408 dictorum
1751 5342 1940 5426 sligeueium

431 5453 618 5529 presentata
633 5466 755 5531 suoque
769 5467 925 5515 consensu
941 5469 1011 5514 curn
1027 5449 1184 5515 instancia
1199 5448 1363 5529 requisito,
1387 5453 1459 5529 post
1476 5447 1739 5513 deliberacionem
1757 5465 1935 5529 congruam,

433 5553 542 5619 nolens
565 5552 673 5621 divine
695 5553 847 5633 resistere
869 5553 1035 5634 voluntati,
1070 5552 1173 5618 eidem
1204 5552 1355 5618 eleccioni
1386 5570 1549 5616 assensum
1576 5553 1703 5633 prebuit
1724 5550 1887 5616 humiliter
1908 5556 1942 5616 et

433 5655 555 5726 devota
581 5656 749 5741 Supplicat
770 5658 869 5740 igitur
892 5660 996 5724 dictus
1018 5663 1214 5741 procurator,
1249 5663 1408 5739 quatenus
1439 5655 1631 5722 eleccionem
1654 5656 1788 5721 eandem
1811 5656 1857 5720 sic
1879 5656 1943 5722 rite

432 5769 465 5831 et
484 5763 645 5845 canonice,
663 5763 856 5842 celebratam
879 5763 1051 5846 dignemini
1073 5762 1262 5828 auctoritate
1286 5762 1460 5845 apostolica
1483 5761 1669 5827 confirmare
1687 5761 1806 5844 illaque
1829 5759 1944 5827 confir·
