<?xml version="1.0" encoding="UTF-8"?>
<!DOCTYPE html PUBLIC "-//W3C//DTD XHTML 1.0 Transitional//EN"
    "http://www.w3.org/TR/xhtml1/DTD/xhtml1-transitional.dtd">
<html xmlns="http://www.w3.org/1999/xhtml" xml:lang="en" lang="en">
 <head>
  <title>
</title>
<meta http-equiv="Content-Type" content="text/html;charset=utf-8" />
  <meta name='ocr-system' content='tesseract 3.04.00' />
  <meta name='ocr-capabilities' content='ocr_page ocr_carea ocr_par ocr_line ocrx_word'/>
</head>
<body>
  <div class='ocr_page' id='page_1' title='image "./monumentavatica01vatigoog_0573.png"; bbox 0 0 5184 7050; ppageno 0'>
   <div class='ocr_carea' id='block_1_1' title="bbox 1996 903 2059 971">
    <p class='ocr_par' dir='ltr' id='par_1_1' title="bbox 1996 903 2059 971">
     <span class='ocr_line' id='line_1_1' title="bbox 1996 903 2059 971; baseline -0.048 0"><span class='ocrx_word' id='word_1_1' title='bbox 1996 903 2059 971; x_wconf 79' lang='grc'>551</span> 
     </span>
    </p>
   </div>
   <div class='ocr_carea' id='block_1_2' title="bbox 541 1104 2064 4858">
    <p class='ocr_par' dir='ltr' id='par_1_2' title="bbox 541 1104 2064 4858">
     <span class='ocr_line' id='line_1_2' title="bbox 549 1104 2060 1194; baseline 0.004 -23"><span class='ocrx_word' id='word_1_2' title='bbox 549 1113 583 1171; x_wconf 87' lang='grc'>11</span> <span class='ocrx_word' id='word_1_3' title='bbox 605 1104 849 1190; x_wconf 63' lang='lat' dir='ltr'>tranquillum)</span> <span class='ocrx_word' id='word_1_4' title='bbox 872 1107 960 1172; x_wconf 90' lang='lat' dir='ltr'>urbis</span> <span class='ocrx_word' id='word_1_5' title='bbox 983 1113 1016 1172; x_wconf 88' lang='lat' dir='ltr'>et</span> <span class='ocrx_word' id='word_1_6' title='bbox 1039 1107 1181 1189; x_wconf 59' lang='lat' dir='ltr'>populis)</span> <span class='ocrx_word' id='word_1_7' title='bbox 1204 1107 1429 1189; x_wconf 87' lang='lat' dir='ltr'>predictorum,</span> <span class='ocrx_word' id='word_1_8' title='bbox 1449 1108 1502 1190; x_wconf 91' lang='lat' dir='ltr'>qui</span> <span class='ocrx_word' id='word_1_9' title='bbox 1526 1113 1601 1174; x_wconf 91' lang='lat' dir='ltr'>sunt</span> <span class='ocrx_word' id='word_1_10' title='bbox 1622 1108 1754 1173; x_wconf 82' lang='lat' dir='ltr'>Romam</span> <span class='ocrx_word' id='word_1_11' title='bbox 1776 1108 1934 1192; x_wconf 87' lang='lat' dir='ltr'>pontificis</span> <span class='ocrx_word' id='word_1_12' title='bbox 1957 1111 2060 1194; x_wconf 91' lang='lat' dir='ltr'>speci·</span> 
     </span>
     <span class='ocr_line' id='line_1_3' title="bbox 548 1210 2059 1295; baseline 0.002 -19"><span class='ocrx_word' id='word_1_13' title='bbox 548 1211 628 1291; x_wconf 87' lang='lat' dir='ltr'>ales,</span> <span class='ocrx_word' id='word_1_14' title='bbox 657 1212 727 1277; x_wconf 83' lang='lat' dir='ltr'>zelo</span> <span class='ocrx_word' id='word_1_15' title='bbox 756 1218 890 1295; x_wconf 88' lang='lat' dir='ltr'>paterne</span> <span class='ocrx_word' id='word_1_16' title='bbox 920 1213 1063 1279; x_wconf 88' lang='lat' dir='ltr'>caritatis</span> <span class='ocrx_word' id='word_1_17' title='bbox 1094 1210 1258 1292; x_wconf 89' lang='lat' dir='ltr'>afficimur,</span> <span class='ocrx_word' id='word_1_18' title='bbox 1281 1213 1497 1292; x_wconf 87' lang='lat' dir='ltr'>attendentes,</span> <span class='ocrx_word' id='word_1_19' title='bbox 1518 1213 1612 1295; x_wconf 91' lang='lat' dir='ltr'>quod,</span> <span class='ocrx_word' id='word_1_20' title='bbox 1636 1213 1720 1278; x_wconf 89' lang='lat' dir='ltr'>sicut</span> <span class='ocrx_word' id='word_1_21' title='bbox 1742 1212 1913 1280; x_wconf 90' lang='lat' dir='ltr'>multorum</span> <span class='ocrx_word' id='word_1_22' title='bbox 1935 1220 1969 1279; x_wconf 90' lang='lat' dir='ltr'>et</span> <span class='ocrx_word' id='word_1_23' title='bbox 1991 1214 2059 1280; x_wconf 86' lang='lat' dir='ltr'>iere</span> 
     </span>
     <span class='ocr_line' id='line_1_4' title="bbox 549 1316 2064 1407; baseline 0.001 -26"><span class='ocrx_word' id='word_1_24' title='bbox 549 1317 724 1382; x_wconf 89' lang='lat' dir='ltr'>communis</span> <span class='ocrx_word' id='word_1_25' title='bbox 747 1316 886 1407; x_wconf 85' lang='lat' dir='ltr'>habebat</span> <span class='ocrx_word' id='word_1_26' title='bbox 908 1317 1059 1395; x_wconf 88' lang='grc'><strong>11111111,</strong></span> <span class='ocrx_word' id='word_1_27' title='bbox 1084 1335 1146 1381; x_wconf 87' lang='grc'>111</span> <span class='ocrx_word' id='word_1_28' title='bbox 1169 1317 1271 1382; x_wconf 91' lang='lat' dir='ltr'>solum</span> <span class='ocrx_word' id='word_1_29' title='bbox 1294 1316 1415 1382; x_wconf 90' lang='lat' dir='ltr'>eisdem</span> <span class='ocrx_word' id='word_1_30' title='bbox 1438 1317 1509 1383; x_wconf 87' lang='lat' dir='ltr'>urbi</span> <span class='ocrx_word' id='word_1_31' title='bbox 1527 1321 1561 1382; x_wconf 93' lang='lat' dir='ltr'>et</span> <span class='ocrx_word' id='word_1_32' title='bbox 1577 1316 1703 1399; x_wconf 94' lang='lat' dir='ltr'>populo,</span> <span class='ocrx_word' id='word_1_33' title='bbox 1719 1317 1776 1382; x_wconf 91' lang='lat' dir='ltr'>sed</span> <span class='ocrx_word' id='word_1_34' title='bbox 1792 1322 1826 1383; x_wconf 90' lang='lat' dir='ltr'>et</span> <span class='ocrx_word' id='word_1_35' title='bbox 1840 1318 2064 1401; x_wconf 92' lang='lat' dir='ltr'>circumposite</span> 
     </span>
     <span class='ocr_line' id='line_1_5' title="bbox 549 1417 2064 1504; baseline 0.001 -19"><span class='ocrx_word' id='word_1_36' title='bbox 549 1422 655 1503; x_wconf 86' lang='lat' dir='ltr'>patrie</span> <span class='ocrx_word' id='word_1_37' title='bbox 678 1440 716 1485; x_wconf 87' lang='grc'>11</span> <span class='ocrx_word' id='word_1_38' title='bbox 739 1439 850 1486; x_wconf 91' lang='lat' dir='ltr'>eorum</span> <span class='ocrx_word' id='word_1_39' title='bbox 873 1421 1015 1504; x_wconf 80' lang='lat' dir='ltr'><strong>episcopi</strong></span> <span class='ocrx_word' id='word_1_40' title='bbox 1038 1426 1073 1487; x_wconf 93' lang='lat' dir='ltr'>et</span> <span class='ocrx_word' id='word_1_41' title='bbox 1095 1420 1219 1486; x_wconf 88' lang='lat' dir='ltr'>Nicolai</span> <span class='ocrx_word' id='word_1_42' title='bbox 1241 1421 1396 1504; x_wconf 90' lang='lat' dir='ltr'>regimine</span> <span class='ocrx_word' id='word_1_43' title='bbox 1422 1419 1584 1487; x_wconf 85' lang='lat' dir='ltr'>commoda</span> <span class='ocrx_word' id='word_1_44' title='bbox 1614 1421 1714 1487; x_wconf 88' lang='lat' dir='ltr'>multa</span> <span class='ocrx_word' id='word_1_45' title='bbox 1727 1417 1754 1504; x_wconf 71' lang='lat' dir='ltr'>d)</span> <span class='ocrx_word' id='word_1_46' title='bbox 1785 1427 2007 1504; x_wconf 78' lang='lat' dir='ltr'>provenerant,</span> <span class='ocrx_word' id='word_1_47' title='bbox 2030 1427 2064 1488; x_wconf 90' lang='lat' dir='ltr'>et</span> 
     </span>
     <span class='ocr_line' id='line_1_6' title="bbox 548 1525 2063 1610; baseline 0.001 -20"><span class='ocrx_word' id='word_1_48' title='bbox 548 1531 725 1609; x_wconf 87' lang='lat' dir='ltr'>sperantes,</span> <span class='ocrx_word' id='word_1_49' title='bbox 749 1525 835 1607; x_wconf 92' lang='lat' dir='ltr'>quod</span> <span class='ocrx_word' id='word_1_50' title='bbox 858 1525 934 1591; x_wconf 92' lang='lat' dir='ltr'>dicti</span> <span class='ocrx_word' id='word_1_51' title='bbox 958 1526 1034 1591; x_wconf 91' lang='lat' dir='ltr'>urbs</span> <span class='ocrx_word' id='word_1_52' title='bbox 1057 1532 1090 1591; x_wconf 90' lang='lat' dir='ltr'>et</span> <span class='ocrx_word' id='word_1_53' title='bbox 1111 1526 1248 1609; x_wconf 93' lang='lat' dir='ltr'>populus</span> <span class='ocrx_word' id='word_1_54' title='bbox 1271 1526 1330 1591; x_wconf 93' lang='lat' dir='ltr'>sub</span> <span class='ocrx_word' id='word_1_55' title='bbox 1353 1525 1525 1591; x_wconf 89' lang='lat' dir='ltr'>eorundem</span> <span class='ocrx_word' id='word_1_56' title='bbox 1549 1526 1691 1608; x_wconf 80' lang='lat' dir='ltr'>episcopi</span> <span class='ocrx_word' id='word_1_57' title='bbox 1714 1530 1747 1591; x_wconf 93' lang='lat' dir='ltr'>et</span> <span class='ocrx_word' id='word_1_58' title='bbox 1769 1525 1894 1593; x_wconf 88' lang='lat' dir='ltr'>Nicolai</span> <span class='ocrx_word' id='word_1_59' title='bbox 1909 1526 2063 1610; x_wconf 86' lang='lat' dir='ltr'>regimine</span> 
     </span>
     <span class='ocr_line' id='line_1_7' title="bbox 547 1629 2057 1714; baseline 0.001 -20"><span class='ocrx_word' id='word_1_60' title='bbox 547 1630 772 1713; x_wconf 82' lang='lat' dir='ltr'>prosperitatis</span> <span class='ocrx_word' id='word_1_61' title='bbox 794 1634 828 1693; x_wconf 90' lang='lat' dir='ltr'>et</span> <span class='ocrx_word' id='word_1_62' title='bbox 850 1634 955 1695; x_wconf 91' lang='lat' dir='ltr'>status</span> <span class='ocrx_word' id='word_1_63' title='bbox 979 1631 1173 1695; x_wconf 87' lang='lat' dir='ltr'>incrementa</span> <span class='ocrx_word' id='word_1_64' title='bbox 1196 1632 1396 1714; x_wconf 79' lang='lat' dir='ltr'>susciperent</span> <span class='ocrx_word' id='word_1_65' title='bbox 1418 1635 1452 1695; x_wconf 89' lang='lat' dir='ltr'>et</span> <span class='ocrx_word' id='word_1_66' title='bbox 1474 1629 1645 1713; x_wconf 76' lang='lat' dir='ltr'>tranquille</span> <span class='ocrx_word' id='word_1_67' title='bbox 1668 1633 1757 1713; x_wconf 89' lang='lat' dir='ltr'>pacis</span> <span class='ocrx_word' id='word_1_68' title='bbox 1783 1632 1955 1698; x_wconf 92' lang='lat' dir='ltr'>commodis</span> <span class='ocrx_word' id='word_1_69' title='bbox 1976 1631 2057 1697; x_wconf 92' lang='lat' dir='ltr'>leta·</span> 
     </span>
     <span class='ocr_line' id='line_1_8' title="bbox 548 1732 2055 1820; baseline 0.001 -22"><span class='ocrx_word' id='word_1_70' title='bbox 548 1743 670 1813; x_wconf 91' lang='lat' dir='ltr'>rentur,</span> <span class='ocrx_word' id='word_1_71' title='bbox 693 1734 770 1799; x_wconf 90' lang='lat' dir='ltr'>licet</span> <span class='ocrx_word' id='word_1_72' title='bbox 791 1732 868 1798; x_wconf 91' lang='lat' dir='ltr'>dicti</span> <span class='ocrx_word' id='word_1_73' title='bbox 891 1734 1028 1817; x_wconf 89' lang='lat' dir='ltr'>populus</span> <span class='ocrx_word' id='word_1_74' title='bbox 1051 1735 1157 1800; x_wconf 88' lang='lat' dir='ltr'>omnia</span> <span class='ocrx_word' id='word_1_75' title='bbox 1178 1735 1282 1818; x_wconf 91' lang='lat' dir='ltr'>ipsius</span> <span class='ocrx_word' id='word_1_76' title='bbox 1305 1735 1393 1801; x_wconf 92' lang='lat' dir='ltr'>urbis</span> <span class='ocrx_word' id='word_1_77' title='bbox 1417 1733 1530 1814; x_wconf 85' lang='grc'><strong>1111111,</strong></span> <span class='ocrx_word' id='word_1_78' title='bbox 1554 1741 1650 1817; x_wconf 92' lang='lat' dir='ltr'>prout</span> <span class='ocrx_word' id='word_1_79' title='bbox 1672 1741 1706 1802; x_wconf 92' lang='lat' dir='ltr'>et</span> <span class='ocrx_word' id='word_1_80' title='bbox 1728 1754 1791 1818; x_wconf 93' lang='lat' dir='ltr'>que</span> <span class='ocrx_word' id='word_1_81' title='bbox 1813 1735 1855 1800; x_wconf 89' lang='lat' dir='ltr'>sd</span> <span class='ocrx_word' id='word_1_82' title='bbox 1878 1754 1934 1803; x_wconf 90' lang='lat' dir='ltr'>eos</span> <span class='ocrx_word' id='word_1_83' title='bbox 1961 1736 2055 1820; x_wconf 87' lang='lat' dir='ltr'>perti·</span> 
     </span>
     <span class='ocr_line' id='line_1_9' title="bbox 547 1838 2061 1922; baseline 0.001 -19"><span class='ocrx_word' id='word_1_84' title='bbox 547 1840 679 1918; x_wconf 89' lang='lat' dir='ltr'>nebant,</span> <span class='ocrx_word' id='word_1_85' title='bbox 703 1838 821 1903; x_wconf 91' lang='lat' dir='ltr'>dudum</span> <span class='ocrx_word' id='word_1_86' title='bbox 845 1839 936 1904; x_wconf 90' lang='lat' dir='ltr'>nobis</span> <span class='ocrx_word' id='word_1_87' title='bbox 959 1839 992 1903; x_wconf 94' lang='lat' dir='ltr'>in</span> <span class='ocrx_word' id='word_1_88' title='bbox 1011 1838 1209 1921; x_wconf 90' lang='lat' dir='ltr'>apostolatus</span> <span class='ocrx_word' id='word_1_89' title='bbox 1227 1839 1328 1904; x_wconf 89' lang='lat' dir='ltr'>nostri</span> <span class='ocrx_word' id='word_1_90' title='bbox 1343 1839 1525 1922; x_wconf 87' lang='lat' dir='ltr'>primordiis</span> <span class='ocrx_word' id='word_1_91' title='bbox 1541 1839 1580 1904; x_wconf 90' lang='lat' dir='ltr'>ad</span> <span class='ocrx_word' id='word_1_92' title='bbox 1596 1841 1693 1905; x_wconf 90' lang='lat' dir='ltr'>vitam</span> <span class='ocrx_word' id='word_1_93' title='bbox 1708 1845 1847 1906; x_wconf 89' lang='lat' dir='ltr'>nostram</span> <span class='ocrx_word' id='word_1_94' title='bbox 1863 1840 2061 1907; x_wconf 88' lang='lat' dir='ltr'>concorditer</span> 
     </span>
     <span class='ocr_line' id='line_1_10' title="bbox 547 1945 2061 2027; baseline 0.002 -20"><span class='ocrx_word' id='word_1_95' title='bbox 547 1945 782 2009; x_wconf 85' lang='lat' dir='ltr'>commisissent</span> <span class='ocrx_word' id='word_1_96' title='bbox 810 1962 931 2027; x_wconf 90' lang='lat' dir='ltr'>nosque</span> <span class='ocrx_word' id='word_1_97' title='bbox 962 1945 1021 2009; x_wconf 91' lang='lat' dir='ltr'>sub</span> <span class='ocrx_word' id='word_1_98' title='bbox 1052 1945 1150 2010; x_wconf 90' lang='lat' dir='ltr'>certis</span> <span class='ocrx_word' id='word_1_99' title='bbox 1178 1945 1468 2027; x_wconf 78' lang='lat' dir='ltr'>protestationibus</span> <span class='ocrx_word' id='word_1_100' title='bbox 1501 1945 1791 2026; x_wconf 86' lang='lat' dir='ltr'>acceptavissemus</span> <span class='ocrx_word' id='word_1_101' title='bbox 1813 1945 1936 2025; x_wconf 90' lang='lat' dir='ltr'>eadem,</span> <span class='ocrx_word' id='word_1_102' title='bbox 1959 1945 2061 2012; x_wconf 91' lang='lat' dir='ltr'>dictos</span> 
     </span>
     <span class='ocr_line' id='line_1_11' title="bbox 547 2047 2061 2132; baseline 0.003 -21"><span class='ocrx_word' id='word_1_103' title='bbox 547 2049 735 2130; x_wconf 87' lang='lat' dir='ltr'>episcopum</span> <span class='ocrx_word' id='word_1_104' title='bbox 757 2053 792 2114; x_wconf 92' lang='lat' dir='ltr'>et</span> <span class='ocrx_word' id='word_1_105' title='bbox 813 2049 978 2114; x_wconf 85' lang='lat' dir='ltr'>Nicolaum</span> <span class='ocrx_word' id='word_1_106' title='bbox 1003 2049 1034 2112; x_wconf 92' lang='lat' dir='ltr'>in</span> <span class='ocrx_word' id='word_1_107' title='bbox 1056 2054 1198 2114; x_wconf 91' lang='lat' dir='ltr'>rectores</span> <span class='ocrx_word' id='word_1_108' title='bbox 1221 2049 1310 2114; x_wconf 92' lang='lat' dir='ltr'>urbis</span> <span class='ocrx_word' id='word_1_109' title='bbox 1333 2053 1366 2114; x_wconf 90' lang='lat' dir='ltr'>et</span> <span class='ocrx_word' id='word_1_110' title='bbox 1388 2048 1498 2132; x_wconf 89' lang='lat' dir='ltr'>populi</span> <span class='ocrx_word' id='word_1_111' title='bbox 1524 2047 1739 2131; x_wconf 89' lang='lat' dir='ltr'>predictorum</span> <span class='ocrx_word' id='word_1_112' title='bbox 1771 2067 1872 2132; x_wconf 90' lang='lat' dir='ltr'>usque</span> <span class='ocrx_word' id='word_1_113' title='bbox 1902 2051 1942 2115; x_wconf 88' lang='lat' dir='ltr'>ad</span> <span class='ocrx_word' id='word_1_114' title='bbox 1965 2050 2061 2115; x_wconf 90' lang='lat' dir='ltr'>bene·</span> 
     </span>
     <span class='ocr_line' id='line_1_12' title="bbox 546 2152 2059 2240; baseline 0.005 -25"><span class='ocrx_word' id='word_1_115' title='bbox 546 2152 703 2232; x_wconf 89' lang='lat' dir='ltr'>placitum</span> <span class='ocrx_word' id='word_1_116' title='bbox 726 2159 868 2217; x_wconf 91' lang='lat' dir='ltr'>nostrum</span> <span class='ocrx_word' id='word_1_117' title='bbox 890 2152 1038 2219; x_wconf 80' lang='lat' dir='ltr'>duximus</span> <span class='ocrx_word' id='word_1_118' title='bbox 1060 2152 1260 2219; x_wconf 90' lang='lat' dir='ltr'>ordinandos.</span> <span class='ocrx_word' id='word_1_119' title='bbox 1285 2152 1348 2220; x_wconf 85' lang='lat' dir='ltr'>Sed</span> <span class='ocrx_word' id='word_1_120' title='bbox 1371 2153 1453 2219; x_wconf 92' lang='lat' dir='ltr'>idem</span> <span class='ocrx_word' id='word_1_121' title='bbox 1478 2152 1638 2231; x_wconf 89' lang='lat' dir='ltr'>Nicolaus,</span> <span class='ocrx_word' id='word_1_122' title='bbox 1662 2153 1771 2218; x_wconf 86' lang='lat' dir='ltr'>favore</span> <span class='ocrx_word' id='word_1_123' title='bbox 1794 2153 1953 2219; x_wconf 86' lang='lat' dir='ltr'>commissi</span> <span class='ocrx_word' id='word_1_124' title='bbox 1975 2157 2059 2240; x_wconf 87' lang='lat' dir='ltr'>regi·</span> 
     </span>
     <span class='ocr_line' id='line_1_13' title="bbox 545 2256 2061 2340; baseline 0.004 -21"><span class='ocrx_word' id='word_1_125' title='bbox 545 2256 642 2321; x_wconf 92' lang='lat' dir='ltr'>minis</span> <span class='ocrx_word' id='word_1_126' title='bbox 677 2256 819 2321; x_wconf 86' lang='lat' dir='ltr'>elevatus</span> <span class='ocrx_word' id='word_1_127' title='bbox 853 2265 887 2323; x_wconf 90' lang='lat' dir='ltr'>et</span> <span class='ocrx_word' id='word_1_128' title='bbox 920 2257 1025 2323; x_wconf 91' lang='lat' dir='ltr'>subito</span> <span class='ocrx_word' id='word_1_129' title='bbox 1059 2259 1210 2324; x_wconf 91' lang='lat' dir='ltr'>noticiam</span> <span class='ocrx_word' id='word_1_130' title='bbox 1244 2258 1294 2322; x_wconf 89' lang='lat' dir='ltr'>sui</span> <span class='ocrx_word' id='word_1_131' title='bbox 1328 2257 1507 2339; x_wconf 78' lang='lat' dir='ltr'>perdens,⁶)</span> <span class='ocrx_word' id='word_1_132' title='bbox 1539 2258 1622 2323; x_wconf 91' lang='lat' dir='ltr'>sicut</span> <span class='ocrx_word' id='word_1_133' title='bbox 1658 2257 1698 2322; x_wconf 88' lang='lat' dir='ltr'>ad</span> <span class='ocrx_word' id='word_1_134' title='bbox 1721 2257 1871 2323; x_wconf 86' lang='lat' dir='ltr'>noticiam</span> <span class='ocrx_word' id='word_1_135' title='bbox 1894 2263 1991 2340; x_wconf 93' lang='lat' dir='ltr'>tuam,</span> <span class='ocrx_word' id='word_1_136' title='bbox 2014 2258 2061 2327; x_wconf 89' lang='lat' dir='ltr'>fili</span> 
     </span>
     <span class='ocr_line' id='line_1_14' title="bbox 546 2361 2059 2446; baseline 0.005 -22"><span class='ocrx_word' id='word_1_137' title='bbox 546 2361 723 2438; x_wconf 85' lang='lat' dir='ltr'>carissime,</span> <span class='ocrx_word' id='word_1_138' title='bbox 746 2362 931 2442; x_wconf 89' lang='lat' dir='ltr'>pervenisse</span> <span class='ocrx_word' id='word_1_139' title='bbox 954 2361 1016 2426; x_wconf 86' lang='lat' dir='ltr'>iarn</span> <span class='ocrx_word' id='word_1_140' title='bbox 1039 2362 1207 2441; x_wconf 91' lang='lat' dir='ltr'>credimus,</span> <span class='ocrx_word' id='word_1_141' title='bbox 1231 2361 1397 2445; x_wconf 91' lang='lat' dir='ltr'>commisso</span> <span class='ocrx_word' id='word_1_142' title='bbox 1420 2361 1481 2425; x_wconf 92' lang='lat' dir='ltr'>sibi</span> <span class='ocrx_word' id='word_1_143' title='bbox 1504 2367 1538 2427; x_wconf 94' lang='lat' dir='ltr'>et</span> <span class='ocrx_word' id='word_1_144' title='bbox 1569 2361 1672 2427; x_wconf 91' lang='lat' dir='ltr'>eidem</span> <span class='ocrx_word' id='word_1_145' title='bbox 1706 2362 1856 2446; x_wconf 89' lang='lat' dir='ltr'>episcopo</span> <span class='ocrx_word' id='word_1_146' title='bbox 1889 2382 1952 2430; x_wconf 92' lang='lat' dir='ltr'>nou</span> <span class='ocrx_word' id='word_1_147' title='bbox 1986 2383 2059 2431; x_wconf 88' lang='lat' dir='ltr'>con·</span> 
     </span>
     <span class='ocr_line' id='line_1_15' title="bbox 548 2464 2062 2550; baseline 0.004 -21"><span class='ocrx_word' id='word_1_148' title='bbox 548 2471 661 2530; x_wconf 90' lang='lat' dir='ltr'>tentus</span> <span class='ocrx_word' id='word_1_149' title='bbox 677 2464 780 2530; x_wconf 83' lang='lat' dir='ltr'>officio</span> <span class='ocrx_word' id='word_1_150' title='bbox 796 2467 933 2531; x_wconf 86' lang='lat' dir='ltr'>rectoria</span> <span class='ocrx_word' id='word_1_151' title='bbox 949 2467 1055 2530; x_wconf 86' lang='lat' dir='ltr'>varios</span> <span class='ocrx_word' id='word_1_152' title='bbox 1078 2466 1189 2532; x_wconf 90' lang='lat' dir='ltr'>titulos</span> <span class='ocrx_word' id='word_1_153' title='bbox 1214 2467 1415 2550; x_wconf 90' lang='lat' dir='ltr'>impudenter</span> <span class='ocrx_word' id='word_1_154' title='bbox 1438 2472 1470 2532; x_wconf 91' lang='lat' dir='ltr'>et</span> <span class='ocrx_word' id='word_1_155' title='bbox 1492 2472 1613 2532; x_wconf 89' lang='lat' dir='ltr'>temere</span> <span class='ocrx_word' id='word_1_156' title='bbox 1636 2468 1802 2549; x_wconf 89' lang='lat' dir='ltr'>usurpavit</span> <span class='ocrx_word' id='word_1_157' title='bbox 1825 2485 1862 2533; x_wconf 93' lang='lat' dir='ltr'>ac</span> <span class='ocrx_word' id='word_1_158' title='bbox 1889 2469 2062 2535; x_wconf 89' lang='lat' dir='ltr'>eorundem</span> 
     </span>
     <span class='ocr_line' id='line_1_16' title="bbox 548 2570 2060 2654; baseline 0.005 -21"><span class='ocrx_word' id='word_1_159' title='bbox 548 2570 639 2634; x_wconf 90' lang='lat' dir='ltr'>urbis</span> <span class='ocrx_word' id='word_1_160' title='bbox 662 2576 695 2634; x_wconf 93' lang='lat' dir='ltr'>et</span> <span class='ocrx_word' id='word_1_161' title='bbox 717 2570 827 2653; x_wconf 92' lang='lat' dir='ltr'>populi</span> <span class='ocrx_word' id='word_1_162' title='bbox 849 2571 996 2654; x_wconf 84' lang='lat' dir='ltr'>neglecta</span> <span class='ocrx_word' id='word_1_163' title='bbox 1019 2571 1159 2637; x_wconf 89' lang='lat' dir='ltr'>utilitate</span> <span class='ocrx_word' id='word_1_164' title='bbox 1182 2571 1348 2650; x_wconf 87' lang='lat' dir='ltr'>communi,</span> <span class='ocrx_word' id='word_1_165' title='bbox 1381 2571 1422 2636; x_wconf 89' lang='lat' dir='ltr'>ad</span> <span class='ocrx_word' id='word_1_166' title='bbox 1455 2589 1549 2653; x_wconf 89' lang='lat' dir='ltr'>quam</span> <span class='ocrx_word' id='word_1_167' title='bbox 1583 2570 1706 2637; x_wconf 86' lang='lat' dir='ltr'>fallacis</span> <span class='ocrx_word' id='word_1_168' title='bbox 1738 2570 1875 2637; x_wconf 91' lang='lat' dir='ltr'>hominis</span> <span class='ocrx_word' id='word_1_169' title='bbox 1909 2573 2060 2641; x_wconf 91' lang='lat' dir='ltr'>simulata</span> 
     </span>
     <span class='ocr_line' id='line_1_17' title="bbox 545 2674 2058 2760; baseline 0.005 -23"><span class='ocrx_word' id='word_1_170' title='bbox 545 2674 696 2739; x_wconf 87' lang='lat' dir='ltr'>voluntas</span> <span class='ocrx_word' id='word_1_171' title='bbox 729 2675 862 2740; x_wconf 89' lang='lat' dir='ltr'>tendere</span> <span class='ocrx_word' id='word_1_172' title='bbox 896 2675 1073 2754; x_wconf 90' lang='lat' dir='ltr'>videbatur,</span> <span class='ocrx_word' id='word_1_173' title='bbox 1107 2676 1246 2758; x_wconf 90' lang='lat' dir='ltr'>propriis</span> <span class='ocrx_word' id='word_1_174' title='bbox 1280 2674 1451 2741; x_wconf 90' lang='lat' dir='ltr'>commodis</span> <span class='ocrx_word' id='word_1_175' title='bbox 1485 2675 1611 2741; x_wconf 90' lang='lat' dir='ltr'>inhians</span> <span class='ocrx_word' id='word_1_176' title='bbox 1644 2674 1792 2741; x_wconf 83' lang='lat' dir='ltr'>eundem·</span> <span class='ocrx_word' id='word_1_177' title='bbox 1810 2676 1995 2760; x_wconf 90' lang='lat' dir='ltr'>episcopum</span> <span class='ocrx_word' id='word_1_178' title='bbox 2018 2678 2058 2744; x_wconf 90' lang='lat' dir='ltr'>ab</span> 
     </span>
     <span class='ocr_line' id='line_1_18' title="bbox 544 2778 2059 2862; baseline 0.003 -19"><span class='ocrx_word' id='word_1_179' title='bbox 544 2778 729 2843; x_wconf 91' lang='lat' dir='ltr'>huiusmodi</span> <span class='ocrx_word' id='word_1_180' title='bbox 752 2779 856 2845; x_wconf 86' lang='lat' dir='ltr'>officio</span> <span class='ocrx_word' id='word_1_181' title='bbox 879 2778 1006 2862; x_wconf 89' lang='lat' dir='ltr'>repulit,</span> <span class='ocrx_word' id='word_1_182' title='bbox 1030 2782 1083 2862; x_wconf 89' lang='lat' dir='ltr'>qui</span> <span class='ocrx_word' id='word_1_183' title='bbox 1116 2781 1259 2845; x_wconf 90' lang='lat' dir='ltr'>eiusdem</span> <span class='ocrx_word' id='word_1_184' title='bbox 1290 2780 1415 2846; x_wconf 91' lang='lat' dir='ltr'>Nicolai</span> <span class='ocrx_word' id='word_1_185' title='bbox 1447 2780 1637 2846; x_wconf 89' lang='lat' dir='ltr'>detestanda</span> <span class='ocrx_word' id='word_1_186' title='bbox 1665 2780 1806 2846; x_wconf 87' lang='lat' dir='ltr'>facinora</span> <span class='ocrx_word' id='word_1_187' title='bbox 1836 2787 2003 2848; x_wconf 82' lang='lat' dir='ltr'>execratus</span> <span class='ocrx_word' id='word_1_188' title='bbox 2025 2783 2059 2848; x_wconf 94' lang='lat' dir='ltr'>in</span> 
     </span>
     <span class='ocr_line' id='line_1_19' title="bbox 544 2882 2059 2970; baseline 0.005 -23"><span class='ocrx_word' id='word_1_189' title='bbox 544 2883 660 2947; x_wconf 87' lang='lat' dir='ltr'>eadem</span> <span class='ocrx_word' id='word_1_190' title='bbox 684 2884 762 2948; x_wconf 93' lang='lat' dir='ltr'>urbe</span> <span class='ocrx_word' id='word_1_191' title='bbox 784 2882 887 2948; x_wconf 92' lang='lat' dir='ltr'>noluit</span> <span class='ocrx_word' id='word_1_192' title='bbox 909 2902 1082 2949; x_wconf 88' lang='grc'><strong>1111111111.</strong></span> <span class='ocrx_word' id='word_1_193' title='bbox 1129 2884 1273 2967; x_wconf 87' lang='lat' dir='ltr'>Cumque</span> <span class='ocrx_word' id='word_1_194' title='bbox 1301 2885 1452 2951; x_wconf 88' lang='lat' dir='ltr'>Nicolaus</span> <span class='ocrx_word' id='word_1_195' title='bbox 1484 2885 1567 2951; x_wconf 91' lang='lat' dir='ltr'>idem</span> <span class='ocrx_word' id='word_1_196' title='bbox 1590 2885 1651 2950; x_wconf 89' lang='lat' dir='ltr'>sibi</span> <span class='ocrx_word' id='word_1_197' title='bbox 1674 2884 1828 2952; x_wconf 81' lang='lat' dir='ltr'>dictorum</span> <span class='ocrx_word' id='word_1_198' title='bbox 1853 2887 1962 2970; x_wconf 92' lang='lat' dir='ltr'>populi</span> <span class='ocrx_word' id='word_1_199' title='bbox 1985 2907 2059 2954; x_wconf 94' lang='lat' dir='ltr'>con·</span> 
     </span>
     <span class='ocr_line' id='line_1_20' title="bbox 545 2988 2056 3073; baseline 0.004 -22"><span class='ocrx_word' id='word_1_200' title='bbox 545 2988 687 3070; x_wconf 87' lang='lat' dir='ltr'>spicerot</span> <span class='ocrx_word' id='word_1_201' title='bbox 711 2989 853 3054; x_wconf 85' lang='lat' dir='ltr'>arridere</span> <span class='ocrx_word' id='word_1_202' title='bbox 875 2989 1026 3069; x_wconf 86' lang='lat' dir='ltr'>favorem,</span> <span class='ocrx_word' id='word_1_203' title='bbox 1046 2990 1132 3071; x_wconf 87' lang='lat' dir='ltr'>cepit</span> <span class='ocrx_word' id='word_1_204' title='bbox 1146 3008 1282 3072; x_wconf 88' lang='lat' dir='ltr'>nequam</span> <span class='ocrx_word' id='word_1_205' title='bbox 1297 2988 1391 3056; x_wconf 91' lang='lat' dir='ltr'>homo</span> <span class='ocrx_word' id='word_1_206' title='bbox 1406 2990 1446 3055; x_wconf 91' lang='lat' dir='ltr'>ad</span> <span class='ocrx_word' id='word_1_207' title='bbox 1462 2991 1705 3073; x_wconf 91' lang='lat' dir='ltr'>occupaciouem</span> <span class='ocrx_word' id='word_1_208' title='bbox 1720 2996 1876 3057; x_wconf 86' lang='grc'><strong>1111111111</strong></span> <span class='ocrx_word' id='word_1_209' title='bbox 1892 2998 1925 3058; x_wconf 87' lang='grc'>11</span> <span class='ocrx_word' id='word_1_210' title='bbox 1941 2992 2056 3059; x_wconf 91' lang='lat' dir='ltr'>iurium</span> 
     </span>
     <span class='ocr_line' id='line_1_21' title="bbox 545 3092 2058 3178; baseline 0.003 -21"><span class='ocrx_word' id='word_1_211' title='bbox 545 3092 684 3158; x_wconf 88' lang='grc'><strong>11111111</strong></span> <span class='ocrx_word' id='word_1_212' title='bbox 707 3094 847 3159; x_wconf 87' lang='lat' dir='ltr'>Romane</span> <span class='ocrx_word' id='word_1_213' title='bbox 871 3095 979 3159; x_wconf 84' lang='lat' dir='ltr'>oeulos</span> <span class='ocrx_word' id='word_1_214' title='bbox 1001 3100 1121 3160; x_wconf 90' lang='lat' dir='ltr'>temere</span> <span class='ocrx_word' id='word_1_215' title='bbox 1145 3095 1332 3178; x_wconf 88' lang='lat' dir='ltr'>cupiditatis</span> <span class='ocrx_word' id='word_1_216' title='bbox 1356 3097 1475 3162; x_wconf 84' lang='lat' dir='ltr'>inicere</span> <span class='ocrx_word' id='word_1_217' title='bbox 1498 3115 1535 3160; x_wconf 93' lang='lat' dir='ltr'>ac</span> <span class='ocrx_word' id='word_1_218' title='bbox 1557 3114 1670 3162; x_wconf 90' lang='lat' dir='ltr'>manus</span> <span class='ocrx_word' id='word_1_219' title='bbox 1692 3095 1865 3178; x_wconf 89' lang='lat' dir='ltr'>sacrilegas</span> <span class='ocrx_word' id='word_1_220' title='bbox 1884 3098 2058 3163; x_wconf 79' lang='lat' dir='ltr'>extendere</span> 
     </span>
     <span class='ocr_line' id='line_1_22' title="bbox 544 3200 2058 3284; baseline 0.004 -22"><span class='ocrx_word' id='word_1_221' title='bbox 544 3219 608 3263; x_wconf 91' lang='lat' dir='ltr'>nou</span> <span class='ocrx_word' id='word_1_222' title='bbox 643 3200 780 3280; x_wconf 84' lang='lat' dir='ltr'>expavit,</span> <span class='ocrx_word' id='word_1_223' title='bbox 815 3201 964 3281; x_wconf 88' lang='lat' dir='ltr'>gravibus</span> <span class='ocrx_word' id='word_1_224' title='bbox 997 3200 1089 3282; x_wconf 91' lang='lat' dir='ltr'>penis</span> <span class='ocrx_word' id='word_1_225' title='bbox 1120 3207 1216 3282; x_wconf 89' lang='lat' dir='ltr'>atque</span> <span class='ocrx_word' id='word_1_226' title='bbox 1248 3201 1430 3280; x_wconf 86' lang='lat' dir='ltr'>sentenciis,</span> <span class='ocrx_word' id='word_1_227' title='bbox 1462 3201 1578 3283; x_wconf 90' lang='lat' dir='ltr'>quibus</span> <span class='ocrx_word' id='word_1_228' title='bbox 1608 3201 1771 3267; x_wconf 85' lang='lat' dir='ltr'>invasores</span> <span class='ocrx_word' id='word_1_229' title='bbox 1794 3208 1827 3265; x_wconf 90' lang='lat' dir='ltr'>et</span> <span class='ocrx_word' id='word_1_230' title='bbox 1849 3208 2058 3284; x_wconf 86' lang='lat' dir='ltr'>occupatores</span> 
     </span>
     <span class='ocr_line' id='line_1_23' title="bbox 542 3304 2056 3385; baseline 0.003 -17"><span class='ocrx_word' id='word_1_231' title='bbox 542 3311 703 3368; x_wconf 88' lang='lat' dir='ltr'>terrarum</span> <span class='ocrx_word' id='word_1_232' title='bbox 738 3310 771 3368; x_wconf 91' lang='lat' dir='ltr'>et</span> <span class='ocrx_word' id='word_1_233' title='bbox 804 3304 919 3368; x_wconf 83' lang='lat' dir='ltr'>iunium</span> <span class='ocrx_word' id='word_1_234' title='bbox 954 3305 1169 3385; x_wconf 87' lang='lat' dir='ltr'>predictorum</span> <span class='ocrx_word' id='word_1_235' title='bbox 1203 3306 1379 3384; x_wconf 91' lang='lat' dir='ltr'>subiacent,</span> <span class='ocrx_word' id='word_1_236' title='bbox 1414 3324 1449 3371; x_wconf 92' lang='grc'>11</span> <span class='ocrx_word' id='word_1_237' title='bbox 1483 3306 1656 3385; x_wconf 89' lang='lat' dir='ltr'>involvens,</span> <span class='ocrx_word' id='word_1_238' title='bbox 1688 3311 1722 3372; x_wconf 92' lang='lat' dir='ltr'>et</span> <span class='ocrx_word' id='word_1_239' title='bbox 1744 3306 1860 3372; x_wconf 91' lang='lat' dir='ltr'>deinde</span> <span class='ocrx_word' id='word_1_240' title='bbox 1883 3306 2056 3374; x_wconf 89' lang='lat' dir='ltr'>christiane</span> 
     </span>
     <span class='ocr_line' id='line_1_24' title="bbox 542 3409 2057 3494; baseline 0.004 -22"><span class='ocrx_word' id='word_1_241' title='bbox 542 3409 709 3490; x_wconf 84' lang='lat' dir='ltr'>religionis</span> <span class='ocrx_word' id='word_1_242' title='bbox 743 3426 847 3472; x_wconf 91' lang='lat' dir='ltr'>mores</span> <span class='ocrx_word' id='word_1_243' title='bbox 881 3409 1022 3473; x_wconf 88' lang='lat' dir='ltr'>abiciens</span> <span class='ocrx_word' id='word_1_244' title='bbox 1056 3427 1092 3473; x_wconf 91' lang='lat' dir='ltr'>ac</span> <span class='ocrx_word' id='word_1_245' title='bbox 1128 3411 1248 3490; x_wconf 87' lang='lat' dir='ltr'>priscos</span> <span class='ocrx_word' id='word_1_246' title='bbox 1277 3411 1444 3492; x_wconf 83' lang='lat' dir='ltr'>gentilium</span> <span class='ocrx_word' id='word_1_247' title='bbox 1473 3411 1555 3476; x_wconf 91' lang='lat' dir='ltr'>ritus</span> <span class='ocrx_word' id='word_1_248' title='bbox 1578 3411 1775 3494; x_wconf 85' lang='lat' dir='ltr'>amplectens</span> <span class='ocrx_word' id='word_1_249' title='bbox 1797 3411 1903 3477; x_wconf 89' lang='lat' dir='ltr'>varias</span> <span class='ocrx_word' id='word_1_250' title='bbox 1925 3429 2057 3478; x_wconf 90' lang='lat' dir='ltr'>coronas</span> 
     </span>
     <span class='ocr_line' id='line_1_25' title="bbox 543 3513 2055 3603; baseline 0.005 -26"><span class='ocrx_word' id='word_1_251' title='bbox 543 3513 735 3595; x_wconf 83' lang='lat' dir='ltr'>laureasque</span> <span class='ocrx_word' id='word_1_252' title='bbox 769 3514 911 3597; x_wconf 88' lang='lat' dir='ltr'>suscepit</span> <span class='ocrx_word' id='word_1_253' title='bbox 944 3533 981 3578; x_wconf 91' lang='grc'>11</span> <span class='ocrx_word' id='word_1_254' title='bbox 1015 3515 1121 3581; x_wconf 85' lang='lat' dir='ltr'>fatuas</span> <span class='ocrx_word' id='word_1_255' title='bbox 1155 3521 1188 3580; x_wconf 92' lang='lat' dir='ltr'>et</span> <span class='ocrx_word' id='word_1_256' title='bbox 1222 3516 1291 3581; x_wconf 90' lang='lat' dir='ltr'>siue</span> <span class='ocrx_word' id='word_1_257' title='bbox 1325 3516 1395 3600; x_wconf 91' lang='lat' dir='ltr'>lege</span> <span class='ocrx_word' id='word_1_258' title='bbox 1429 3517 1517 3600; x_wconf 87' lang='lat' dir='ltr'>leges</span> <span class='ocrx_word' id='word_1_259' title='bbox 1550 3537 1637 3584; x_wconf 90' lang='lat' dir='ltr'>more</span> <span class='ocrx_word' id='word_1_260' title='bbox 1670 3537 1816 3584; x_wconf 90' lang='lat' dir='ltr'>cesarum</span> <span class='ocrx_word' id='word_1_261' title='bbox 1853 3518 2055 3603; x_wconf 89' lang='lat' dir='ltr'>promulgare</span> 
     </span>
     <span class='ocr_line' id='line_1_26' title="bbox 542 3620 2058 3706; baseline 0.001 -20"><span class='ocrx_word' id='word_1_262' title='bbox 542 3622 715 3703; x_wconf 82' lang='lat' dir='ltr'>terrrptavit</span> <span class='ocrx_word' id='word_1_263' title='bbox 738 3626 770 3684; x_wconf 92' lang='grc'>11</span> <span class='ocrx_word' id='word_1_264' title='bbox 792 3625 944 3702; x_wconf 90' lang='lat' dir='ltr'>tauquam</span> <span class='ocrx_word' id='word_1_265' title='bbox 968 3620 1072 3701; x_wconf 89' lang='lat' dir='ltr'>pullus</span> <span class='ocrx_word' id='word_1_266' title='bbox 1096 3622 1206 3703; x_wconf 86' lang='lat' dir='ltr'>onagri</span> <span class='ocrx_word' id='word_1_267' title='bbox 1229 3640 1264 3687; x_wconf 91' lang='lat' dir='ltr'>se</span> <span class='ocrx_word' id='word_1_268' title='bbox 1287 3622 1421 3688; x_wconf 92' lang='lat' dir='ltr'>liberum</span> <span class='ocrx_word' id='word_1_269' title='bbox 1446 3627 1555 3689; x_wconf 91' lang='lat' dir='ltr'>natum</span> <span class='ocrx_word' id='word_1_270' title='bbox 1578 3630 1694 3706; x_wconf 90' lang='lat' dir='ltr'>putans</span> <span class='ocrx_word' id='word_1_271' title='bbox 1717 3643 1754 3689; x_wconf 87' lang='lat' dir='ltr'>ac</span> <span class='ocrx_word' id='word_1_272' title='bbox 1773 3624 1861 3689; x_wconf 91' lang='lat' dir='ltr'>velut</span> <span class='ocrx_word' id='word_1_273' title='bbox 1875 3624 1930 3689; x_wconf 93' lang='lat' dir='ltr'>ille</span> <span class='ocrx_word' id='word_1_274' title='bbox 1945 3622 2058 3689; x_wconf 81' lang='lat' dir='ltr'>lucifer</span> 
     </span>
     <span class='ocr_line' id='line_1_27' title="bbox 542 3724 2056 3811; baseline 0.003 -21"><span class='ocrx_word' id='word_1_275' title='bbox 542 3743 644 3809; x_wconf 87' lang='lat' dir='ltr'>pravo</span> <span class='ocrx_word' id='word_1_276' title='bbox 679 3725 774 3789; x_wconf 89' lang='lat' dir='ltr'>corde</span> <span class='ocrx_word' id='word_1_277' title='bbox 808 3724 1020 3790; x_wconf 88' lang='lat' dir='ltr'>conscendore</span> <span class='ocrx_word' id='word_1_278' title='bbox 1054 3727 1226 3793; x_wconf 91' lang='lat' dir='ltr'>meditatus</span> <span class='ocrx_word' id='word_1_279' title='bbox 1260 3728 1292 3791; x_wconf 89' lang='lat' dir='ltr'>in</span> <span class='ocrx_word' id='word_1_280' title='bbox 1327 3728 1439 3807; x_wconf 89' lang='lat' dir='ltr'>celum,</span> <span class='ocrx_word' id='word_1_281' title='bbox 1474 3747 1570 3811; x_wconf 91' lang='lat' dir='ltr'>super</span> <span class='ocrx_word' id='word_1_282' title='bbox 1600 3735 1689 3795; x_wconf 90' lang='lat' dir='ltr'>astra</span> <span class='ocrx_word' id='word_1_283' title='bbox 1719 3729 1779 3795; x_wconf 90' lang='lat' dir='ltr'>celi</span> <span class='ocrx_word' id='word_1_284' title='bbox 1802 3735 1835 3794; x_wconf 94' lang='lat' dir='ltr'>et</span> <span class='ocrx_word' id='word_1_285' title='bbox 1857 3729 2056 3795; x_wconf 90' lang='lat' dir='ltr'>altitudinem</span> 
     </span>
     <span class='ocr_line' id='line_1_28' title="bbox 543 3830 2057 3916; baseline 0.003 -21"><span class='ocrx_word' id='word_1_286' title='bbox 543 3830 676 3895; x_wconf 91' lang='lat' dir='ltr'>nubium</span> <span class='ocrx_word' id='word_1_287' title='bbox 698 3830 950 3911; x_wconf 91' lang='lat' dir='ltr'>presumpcionis</span> <span class='ocrx_word' id='word_1_288' title='bbox 974 3848 1031 3895; x_wconf 91' lang='lat' dir='ltr'>sue</span> <span class='ocrx_word' id='word_1_289' title='bbox 1054 3832 1169 3895; x_wconf 93' lang='lat' dir='ltr'>solium</span> <span class='ocrx_word' id='word_1_290' title='bbox 1192 3832 1281 3896; x_wconf 92' lang='lat' dir='ltr'>nisus</span> <span class='ocrx_word' id='word_1_291' title='bbox 1305 3837 1355 3897; x_wconf 90' lang='lat' dir='ltr'>est</span> <span class='ocrx_word' id='word_1_292' title='bbox 1378 3833 1529 3911; x_wconf 84' lang='lat' dir='ltr'>exaltare,</span> <span class='ocrx_word' id='word_1_293' title='bbox 1560 3834 1730 3915; x_wconf 90' lang='lat' dir='ltr'>primatum</span> <span class='ocrx_word' id='word_1_294' title='bbox 1761 3852 1887 3916; x_wconf 91' lang='lat' dir='ltr'>quoque</span> <span class='ocrx_word' id='word_1_295' title='bbox 1922 3834 2057 3901; x_wconf 89' lang='lat' dir='ltr'>ecclesie</span> 
     </span>
     <span class='ocr_line' id='line_1_29' title="bbox 541 3935 2054 4005; baseline 0.004 -6"><span class='ocrx_word' id='word_1_296' title='bbox 541 3941 720 4000; x_wconf 88' lang='lat' dir='ltr'>memorate</span> <span class='ocrx_word' id='word_1_297' title='bbox 742 3935 928 4000; x_wconf 90' lang='lat' dir='ltr'>subvertere</span> <span class='ocrx_word' id='word_1_298' title='bbox 951 3954 987 4000; x_wconf 90' lang='lat' dir='ltr'>ac</span> <span class='ocrx_word' id='word_1_299' title='bbox 1010 3937 1114 4002; x_wconf 91' lang='lat' dir='ltr'>tocius</span> <span class='ocrx_word' id='word_1_300' title='bbox 1136 3936 1224 4002; x_wconf 91' lang='lat' dir='ltr'>urbis</span> <span class='ocrx_word' id='word_1_301' title='bbox 1247 3942 1366 4002; x_wconf 92' lang='lat' dir='ltr'>statum</span> <span class='ocrx_word' id='word_1_302' title='bbox 1390 3938 1578 4003; x_wconf 90' lang='lat' dir='ltr'>conturbare</span> <span class='ocrx_word' id='word_1_303' title='bbox 1601 3944 1734 4003; x_wconf 89' lang='lat' dir='ltr'>conatus</span> <span class='ocrx_word' id='word_1_304' title='bbox 1757 3944 1807 4004; x_wconf 89' lang='lat' dir='ltr'>est</span> <span class='ocrx_word' id='word_1_305' title='bbox 1829 3938 1869 4003; x_wconf 89' lang='lat' dir='ltr'>ad</span> <span class='ocrx_word' id='word_1_306' title='bbox 1888 3938 2054 4005; x_wconf 86' lang='lat' dir='ltr'>infirmum.</span> 
     </span>
     <span class='ocr_line' id='line_1_30' title="bbox 543 4041 2056 4127; baseline 0.002 -21"><span class='ocrx_word' id='word_1_307' title='bbox 543 4041 682 4124; x_wconf 81' lang='lat' dir='ltr'>Erigone</span> <span class='ocrx_word' id='word_1_308' title='bbox 706 4059 760 4106; x_wconf 92' lang='lat' dir='ltr'>cor</span> <span class='ocrx_word' id='word_1_309' title='bbox 782 4041 822 4106; x_wconf 91' lang='lat' dir='ltr'>ad</span> <span class='ocrx_word' id='word_1_310' title='bbox 845 4041 920 4119; x_wconf 86' lang='lat' dir='ltr'>alta,</span> <span class='ocrx_word' id='word_1_311' title='bbox 944 4048 987 4121; x_wconf 91' lang='lat' dir='ltr'>te,</span> <span class='ocrx_word' id='word_1_312' title='bbox 1012 4042 1217 4108; x_wconf 91' lang='lat' dir='ltr'>dilectissime</span> <span class='ocrx_word' id='word_1_313' title='bbox 1240 4042 1295 4121; x_wconf 89' lang='lat' dir='ltr'>fili,</span> <span class='ocrx_word' id='word_1_314' title='bbox 1308 4042 1358 4107; x_wconf 84' lang='lat' dir='ltr'>ad</span> <span class='ocrx_word' id='word_1_315' title='bbox 1381 4042 1547 4125; x_wconf 90' lang='lat' dir='ltr'>imperiale</span> <span class='ocrx_word' id='word_1_316' title='bbox 1569 4043 1732 4125; x_wconf 85' lang='lat' dir='ltr'>fastigium</span> <span class='ocrx_word' id='word_1_317' title='bbox 1755 4044 1892 4109; x_wconf 89' lang='lat' dir='ltr'>electum</span> <span class='ocrx_word' id='word_1_318' title='bbox 1915 4044 2056 4127; x_wconf 89' lang='lat' dir='ltr'>legitime</span> 
     </span>
     <span class='ocr_line' id='line_1_31' title="bbox 543 4145 2056 4230; baseline 0.002 -19"><span class='ocrx_word' id='word_1_319' title='bbox 543 4146 671 4229; x_wconf 89' lang='lat' dir='ltr'>riteque</span> <span class='ocrx_word' id='word_1_320' title='bbox 694 4146 733 4210; x_wconf 91' lang='lat' dir='ltr'>ab</span> <span class='ocrx_word' id='word_1_321' title='bbox 756 4145 869 4211; x_wconf 90' lang='lat' dir='ltr'>eadem</span> <span class='ocrx_word' id='word_1_322' title='bbox 900 4146 1036 4211; x_wconf 89' lang='lat' dir='ltr'>ecclesia</span> <span class='ocrx_word' id='word_1_323' title='bbox 1065 4148 1284 4230; x_wconf 88' lang='lat' dir='ltr'>approbatum,</span> <span class='ocrx_word' id='word_1_324' title='bbox 1316 4155 1348 4211; x_wconf 91' lang='lat' dir='ltr'>et</span> <span class='ocrx_word' id='word_1_325' title='bbox 1379 4148 1589 4213; x_wconf 88' lang='lat' dir='ltr'>inveteratum</span> <span class='ocrx_word' id='word_1_326' title='bbox 1623 4147 1711 4213; x_wconf 92' lang='lat' dir='ltr'>illum</span> <span class='ocrx_word' id='word_1_327' title='bbox 1746 4147 1869 4214; x_wconf 91' lang='lat' dir='ltr'>dierum</span> <span class='ocrx_word' id='word_1_328' title='bbox 1903 4147 2056 4214; x_wconf 88' lang='lat' dir='ltr'>malorum</span> 
     </span>
     <span class='ocr_line' id='line_1_32' title="bbox 542 4249 2053 4335; baseline 0.001 -20"><span class='ocrx_word' id='word_1_329' title='bbox 542 4250 703 4334; x_wconf 88' lang='lat' dir='ltr'>quondam</span> <span class='ocrx_word' id='word_1_330' title='bbox 734 4249 931 4318; x_wconf 87' lang='lat' dir='ltr'>Ludouicum</span> <span class='ocrx_word' id='word_1_331' title='bbox 961 4251 1001 4315; x_wconf 91' lang='lat' dir='ltr'>de</span> <span class='ocrx_word' id='word_1_332' title='bbox 1031 4252 1179 4330; x_wconf 90' lang='lat' dir='ltr'>Bauaria‚</span> <span class='ocrx_word' id='word_1_333' title='bbox 1203 4271 1223 4316; x_wconf 91' lang='grc'>1</span> <span class='ocrx_word' id='word_1_334' title='bbox 1246 4252 1306 4317; x_wconf 89' lang='lat' dir='ltr'>deo</span> <span class='ocrx_word' id='word_1_335' title='bbox 1330 4258 1363 4317; x_wconf 91' lang='lat' dir='ltr'>et</span> <span class='ocrx_word' id='word_1_336' title='bbox 1384 4253 1496 4318; x_wconf 90' lang='lat' dir='ltr'>eadem</span> <span class='ocrx_word' id='word_1_337' title='bbox 1519 4253 1655 4319; x_wconf 89' lang='lat' dir='ltr'>ecclesia</span> <span class='ocrx_word' id='word_1_338' title='bbox 1678 4253 1762 4318; x_wconf 92' lang='lat' dir='ltr'>iusto</span> <span class='ocrx_word' id='word_1_339' title='bbox 1792 4252 1910 4318; x_wconf 92' lang='lat' dir='ltr'>iudicio</span> <span class='ocrx_word' id='word_1_340' title='bbox 1944 4271 2053 4335; x_wconf 91' lang='lat' dir='ltr'>repro·</span> 
     </span>
     <span class='ocr_line' id='line_1_33' title="bbox 543 4356 2056 4441; baseline 0.001 -22"><span class='ocrx_word' id='word_1_341' title='bbox 543 4358 654 4420; x_wconf 91' lang='lat' dir='ltr'>batum</span> <span class='ocrx_word' id='word_1_342' title='bbox 672 4361 705 4419; x_wconf 91' lang='lat' dir='ltr'>et</span> <span class='ocrx_word' id='word_1_343' title='bbox 719 4356 804 4421; x_wconf 92' lang='lat' dir='ltr'>omni</span> <span class='ocrx_word' id='word_1_344' title='bbox 820 4356 898 4434; x_wconf 91' lang='lat' dir='ltr'>iure,</span> <span class='ocrx_word' id='word_1_345' title='bbox 915 4356 941 4419; x_wconf 90' lang='lat' dir='ltr'>si</span> <span class='ocrx_word' id='word_1_346' title='bbox 957 4356 1042 4437; x_wconf 95' lang='lat' dir='ltr'>quod</span> <span class='ocrx_word' id='word_1_347' title='bbox 1058 4357 1119 4421; x_wconf 92' lang='lat' dir='ltr'>sibi</span> <span class='ocrx_word' id='word_1_348' title='bbox 1139 4356 1179 4421; x_wconf 88' lang='lat' dir='ltr'>ad</span> <span class='ocrx_word' id='word_1_349' title='bbox 1202 4376 1335 4438; x_wconf 90' lang='lat' dir='ltr'>regnum</span> <span class='ocrx_word' id='word_1_350' title='bbox 1358 4358 1408 4422; x_wconf 92' lang='lat' dir='ltr'>vel</span> <span class='ocrx_word' id='word_1_351' title='bbox 1431 4357 1599 4441; x_wconf 92' lang='lat' dir='ltr'>imperium</span> <span class='ocrx_word' id='word_1_352' title='bbox 1621 4358 1797 4424; x_wconf 81' lang='grc'><strong>1111111111</strong></span> <span class='ocrx_word' id='word_1_353' title='bbox 1820 4357 2056 4440; x_wconf 92' lang='lat' dir='ltr'>quomodolibet</span> 
     </span>
     <span class='ocr_line' id='line_1_34' title="bbox 543 4460 2056 4545; baseline 0.001 -21"><span class='ocrx_word' id='word_1_354' title='bbox 543 4460 756 4542; x_wconf 90' lang='lat' dir='ltr'>competebat,</span> <span class='ocrx_word' id='word_1_355' title='bbox 791 4461 938 4541; x_wconf 90' lang='lat' dir='ltr'>omnique</span> <span class='ocrx_word' id='word_1_356' title='bbox 972 4460 1076 4539; x_wconf 91' lang='lat' dir='ltr'>titulo,</span> <span class='ocrx_word' id='word_1_357' title='bbox 1112 4462 1229 4526; x_wconf 90' lang='lat' dir='ltr'>bouore</span> <span class='ocrx_word' id='word_1_358' title='bbox 1260 4481 1299 4526; x_wconf 90' lang='lat' dir='ltr'>ac</span> <span class='ocrx_word' id='word_1_359' title='bbox 1322 4462 1476 4544; x_wconf 82' lang='lat' dir='ltr'>dignitate</span> <span class='ocrx_word' id='word_1_360' title='bbox 1499 4462 1667 4543; x_wconf 89' lang='lat' dir='ltr'>privatum,</span> <span class='ocrx_word' id='word_1_361' title='bbox 1691 4480 1785 4544; x_wconf 91' lang='lat' dir='ltr'>quem</span> <span class='ocrx_word' id='word_1_362' title='bbox 1808 4462 1939 4545; x_wconf 91' lang='lat' dir='ltr'>pollutis</span> <span class='ocrx_word' id='word_1_363' title='bbox 1961 4461 2056 4526; x_wconf 92' lang='lat' dir='ltr'>labiis</span> 
     </span>
     <span class='ocr_line' id='line_1_35' title="bbox 542 4564 2056 4649; baseline 0.001 -18"><span class='ocrx_word' id='word_1_364' title='bbox 542 4584 607 4631; x_wconf 92' lang='lat' dir='ltr'>uon</span> <span class='ocrx_word' id='word_1_365' title='bbox 643 4564 770 4629; x_wconf 90' lang='lat' dir='ltr'>erubuit</span> <span class='ocrx_word' id='word_1_366' title='bbox 804 4565 968 4646; x_wconf 90' lang='lat' dir='ltr'>appellare</span> <span class='ocrx_word' id='word_1_367' title='bbox 1003 4564 1115 4630; x_wconf 86' lang='lat' dir='ltr'>ducem</span> <span class='ocrx_word' id='word_1_368' title='bbox 1149 4567 1297 4643; x_wconf 88' lang='lat' dir='ltr'>Bauarie,</span> <span class='ocrx_word' id='word_1_369' title='bbox 1332 4584 1370 4631; x_wconf 85' lang='lat' dir='ltr'>ae</span> <span class='ocrx_word' id='word_1_370' title='bbox 1400 4567 1560 4649; x_wconf 89' lang='lat' dir='ltr'>principes</span> <span class='ocrx_word' id='word_1_371' title='bbox 1584 4566 1817 4632; x_wconf 87' lang='lat' dir='ltr'>ecclesiasticos</span> <span class='ocrx_word' id='word_1_372' title='bbox 1840 4570 1874 4631; x_wconf 91' lang='lat' dir='ltr'>et</span> <span class='ocrx_word' id='word_1_373' title='bbox 1896 4565 2056 4632; x_wconf 90' lang='lat' dir='ltr'>seculares</span> 
     </span>
     <span class='ocr_line' id='line_1_36' title="bbox 542 4669 2057 4751; baseline 0 -16"><span class='ocrx_word' id='word_1_374' title='bbox 542 4670 702 4735; x_wconf 90' lang='lat' dir='ltr'>electores</span> <span class='ocrx_word' id='word_1_375' title='bbox 726 4670 848 4751; x_wconf 90' lang='lat' dir='ltr'>imperii</span> <span class='ocrx_word' id='word_1_376' title='bbox 872 4669 911 4734; x_wconf 89' lang='lat' dir='ltr'>de</span> <span class='ocrx_word' id='word_1_377' title='bbox 934 4669 1018 4735; x_wconf 84' lang='lat' dir='ltr'>iacto</span> <span class='ocrx_word' id='word_1_378' title='bbox 1042 4671 1162 4748; x_wconf 90' lang='lat' dir='ltr'>citavit,</span> <span class='ocrx_word' id='word_1_379' title='bbox 1187 4676 1222 4734; x_wconf 94' lang='lat' dir='ltr'>ut</span> <span class='ocrx_word' id='word_1_380' title='bbox 1244 4670 1394 4735; x_wconf 87' lang='lat' dir='ltr'>videlicet</span> <span class='ocrx_word' id='word_1_381' title='bbox 1416 4676 1450 4735; x_wconf 90' lang='lat' dir='ltr'>tu</span> <span class='ocrx_word' id='word_1_382' title='bbox 1474 4675 1507 4736; x_wconf 93' lang='lat' dir='ltr'>et</span> <span class='ocrx_word' id='word_1_383' title='bbox 1529 4672 1633 4736; x_wconf 89' lang='lat' dir='ltr'>dictus</span> <span class='ocrx_word' id='word_1_384' title='bbox 1664 4671 1847 4736; x_wconf 89' lang='lat' dir='ltr'>Ludouicus</span> <span class='ocrx_word' id='word_1_385' title='bbox 1878 4670 1930 4736; x_wconf 87' lang='lat' dir='ltr'>ad·</span> <span class='ocrx_word' id='word_1_386' title='bbox 1950 4676 2057 4737; x_wconf 89' lang='lat' dir='ltr'>osteu-</span> 
     </span>
     <span class='ocr_line' id='line_1_37' title="bbox 543 4774 2055 4858; baseline 0.001 -20"><span class='ocrx_word' id='word_1_387' title='bbox 543 4774 686 4840; x_wconf 91' lang='lat' dir='ltr'>deudum</span> <span class='ocrx_word' id='word_1_388' title='bbox 709 4774 748 4838; x_wconf 90' lang='lat' dir='ltr'>de</span> <span class='ocrx_word' id='word_1_389' title='bbox 772 4775 840 4839; x_wconf 93' lang='lat' dir='ltr'>iure</span> <span class='ocrx_word' id='word_1_390' title='bbox 864 4775 1059 4841; x_wconf 86' lang='lat' dir='ltr'>eleccionunr</span> <span class='ocrx_word' id='word_1_391' title='bbox 1083 4781 1259 4840; x_wconf 87' lang='lat' dir='ltr'>vestrarum</span> <span class='ocrx_word' id='word_1_392' title='bbox 1282 4780 1316 4839; x_wconf 92' lang='lat' dir='ltr'>et</span> <span class='ocrx_word' id='word_1_393' title='bbox 1339 4774 1494 4840; x_wconf 89' lang='lat' dir='ltr'>electores</span> <span class='ocrx_word' id='word_1_394' title='bbox 1517 4774 1652 4856; x_wconf 84' lang='lat' dir='ltr'>predicti</span> <span class='ocrx_word' id='word_1_395' title='bbox 1677 4776 1716 4840; x_wconf 91' lang='lat' dir='ltr'>de</span> <span class='ocrx_word' id='word_1_396' title='bbox 1739 4780 1900 4857; x_wconf 88' lang='lat' dir='ltr'>potestate</span> <span class='ocrx_word' id='word_1_397' title='bbox 1916 4775 2055 4858; x_wconf 88' lang='lat' dir='ltr'>eligendi</span> 
     </span>
    </p>
   </div>
   <div class='ocr_carea' id='block_1_3' title="bbox 542 4879 2168 4963">
    <p class='ocr_par' dir='ltr' id='par_1_3' title="bbox 542 4879 2168 4963">
     <span class='ocr_line' id='line_1_38' title="bbox 542 4879 2168 4963; baseline 0.001 -18"><span class='ocrx_word' id='word_1_398' title='bbox 542 4899 651 4945; x_wconf 88' lang='lat' dir='ltr'>coram</span> <span class='ocrx_word' id='word_1_399' title='bbox 686 4899 724 4944; x_wconf 93' lang='lat' dir='ltr'>eo</span> <span class='ocrx_word' id='word_1_400' title='bbox 758 4880 856 4945; x_wconf 88' lang='lat' dir='ltr'>Rome</span> <span class='ocrx_word' id='word_1_401' title='bbox 890 4898 1074 4962; x_wconf 88' lang='lat' dir='ltr'>comparere</span> <span class='ocrx_word' id='word_1_402' title='bbox 1108 4880 1319 4962; x_wconf 89' lang='lat' dir='ltr'>personaliter</span> <span class='ocrx_word' id='word_1_403' title='bbox 1350 4880 1514 4960; x_wconf 89' lang='lat' dir='ltr'>curaretis,</span> <span class='ocrx_word' id='word_1_404' title='bbox 1545 4899 1581 4944; x_wconf 89' lang='lat' dir='ltr'>ac</span> <span class='ocrx_word' id='word_1_405' title='bbox 1612 4879 1834 4946; x_wconf 90' lang='lat' dir='ltr'>nichilominus</span> <span class='ocrx_word' id='word_1_406' title='bbox 1867 4880 2055 4963; x_wconf 92' lang='lat' dir='ltr'>quibusdam</span> <span class='ocrx_word' id='word_1_407' title='bbox 2164 4907 2168 4913; x_wconf 95' lang='lat'><em>·</em></span> 
     </span>
    </p>
   </div>
   <div class='ocr_carea' id='block_1_4' title="bbox 539 4983 2057 5907">
    <p class='ocr_par' dir='ltr' id='par_1_4' title="bbox 539 4983 2057 5907">
     <span class='ocr_line' id='line_1_39' title="bbox 541 4983 2051 5068; baseline -0.001 -17"><span class='ocrx_word' id='word_1_408' title='bbox 541 4984 730 5051; x_wconf 88' lang='lat' dir='ltr'>civitatibus</span> <span class='ocrx_word' id='word_1_409' title='bbox 764 4983 856 5048; x_wconf 90' lang='lat' dir='ltr'>ltalie</span> <span class='ocrx_word' id='word_1_410' title='bbox 888 4984 1056 5051; x_wconf 92' lang='lat' dir='ltr'>nonnullas</span> <span class='ocrx_word' id='word_1_411' title='bbox 1090 5004 1184 5051; x_wconf 88' lang='lat' dir='ltr'>voces</span> <span class='ocrx_word' id='word_1_412' title='bbox 1219 4988 1250 5051; x_wconf 90' lang='lat' dir='ltr'>in</span> <span class='ocrx_word' id='word_1_413' title='bbox 1281 4986 1441 5052; x_wconf 88' lang='lat' dir='ltr'>eleccione</span> <span class='ocrx_word' id='word_1_414' title='bbox 1471 4985 1605 5051; x_wconf 88' lang='lat' dir='ltr'>Romani</span> <span class='ocrx_word' id='word_1_415' title='bbox 1638 4986 1840 5068; x_wconf 90' lang='lat' dir='ltr'>imperatoris</span> <span class='ocrx_word' id='word_1_416' title='bbox 1862 4985 1978 5051; x_wconf 91' lang='lat' dir='ltr'>obtulit</span> <span class='ocrx_word' id='word_1_417' title='bbox 2000 4985 2051 5052; x_wconf 90' lang='lat' dir='ltr'>vel</span> 
     </span>
     <span class='ocr_line' id='line_1_40' title="bbox 542 5089 2054 5173; baseline -0.001 -17"><span class='ocrx_word' id='word_1_418' title='bbox 542 5089 712 5166; x_wconf 85' lang='lat' dir='ltr'>concessit,</span> <span class='ocrx_word' id='word_1_419' title='bbox 735 5089 846 5153; x_wconf 91' lang='lat' dir='ltr'>maiori</span> <span class='ocrx_word' id='word_1_420' title='bbox 862 5093 969 5153; x_wconf 88' lang='lat' dir='ltr'>tamen</span> <span class='ocrx_word' id='word_1_421' title='bbox 984 5096 1077 5171; x_wconf 87' lang='lat' dir='ltr'>parte</span> <span class='ocrx_word' id='word_1_422' title='bbox 1093 5109 1204 5157; x_wconf 91' lang='lat' dir='ltr'>vocum</span> <span class='ocrx_word' id='word_1_423' title='bbox 1219 5090 1400 5157; x_wconf 90' lang='lat' dir='ltr'>huiusmodi</span> <span class='ocrx_word' id='word_1_424' title='bbox 1418 5091 1559 5155; x_wconf 87' lang='lat' dir='ltr'>Romano</span> <span class='ocrx_word' id='word_1_425' title='bbox 1575 5090 1693 5173; x_wconf 89' lang='lat' dir='ltr'>populo</span> <span class='ocrx_word' id='word_1_426' title='bbox 1709 5095 1881 5169; x_wconf 88' lang='lat' dir='ltr'>reservata,</span> <span class='ocrx_word' id='word_1_427' title='bbox 1900 5095 2054 5170; x_wconf 74' lang='lat' dir='ltr'>statuens</span> 
     </span>
     <span class='ocr_line' id='line_1_41' title="bbox 542 5191 2055 5278; baseline 0.001 -19"><span class='ocrx_word' id='word_1_428' title='bbox 542 5201 698 5278; x_wconf 91' lang='lat' dir='ltr'>quantum</span> <span class='ocrx_word' id='word_1_429' title='bbox 721 5192 754 5256; x_wconf 93' lang='lat' dir='ltr'>in</span> <span class='ocrx_word' id='word_1_430' title='bbox 777 5210 814 5256; x_wconf 90' lang='lat' dir='ltr'>eo</span> <span class='ocrx_word' id='word_1_431' title='bbox 837 5191 907 5271; x_wconf 89' lang='grc'><strong>1111,</strong></span> <span class='ocrx_word' id='word_1_432' title='bbox 932 5193 1016 5275; x_wconf 93' lang='lat' dir='ltr'>quod</span> <span class='ocrx_word' id='word_1_433' title='bbox 1039 5194 1079 5258; x_wconf 93' lang='lat' dir='ltr'>de</span> <span class='ocrx_word' id='word_1_434' title='bbox 1103 5201 1209 5260; x_wconf 89' lang='lat' dir='ltr'>cetero</span> <span class='ocrx_word' id='word_1_435' title='bbox 1231 5197 1357 5262; x_wconf 90' lang='lat' dir='ltr'>nonnisi</span> <span class='ocrx_word' id='word_1_436' title='bbox 1382 5196 1513 5262; x_wconf 89' lang='lat' dir='ltr'>Italicus</span> <span class='ocrx_word' id='word_1_437' title='bbox 1536 5194 1692 5275; x_wconf 90' lang='lat' dir='ltr'>imperiali</span> <span class='ocrx_word' id='word_1_438' title='bbox 1716 5195 1843 5261; x_wconf 90' lang='lat' dir='ltr'>culmini</span> <span class='ocrx_word' id='word_1_439' title='bbox 1866 5195 2055 5277; x_wconf 91' lang='lat' dir='ltr'>presideret,</span> 
     </span>
     <span class='ocr_line' id='line_1_42' title="bbox 541 5297 2055 5383; baseline -0.001 -18"><span class='ocrx_word' id='word_1_440' title='bbox 541 5299 638 5383; x_wconf 93' lang='lat' dir='ltr'>quasi</span> <span class='ocrx_word' id='word_1_441' title='bbox 661 5315 719 5362; x_wconf 90' lang='lat' dir='ltr'>sua</span> <span class='ocrx_word' id='word_1_442' title='bbox 741 5297 913 5362; x_wconf 88' lang='lat' dir='ltr'>interesset</span> <span class='ocrx_word' id='word_1_443' title='bbox 935 5298 974 5363; x_wconf 91' lang='lat' dir='ltr'>de</span> <span class='ocrx_word' id='word_1_444' title='bbox 997 5298 1177 5364; x_wconf 90' lang='lat' dir='ltr'>huiusmodi</span> <span class='ocrx_word' id='word_1_445' title='bbox 1200 5299 1396 5365; x_wconf 89' lang='lat' dir='ltr'>elecciouum</span> <span class='ocrx_word' id='word_1_446' title='bbox 1419 5302 1488 5365; x_wconf 93' lang='lat' dir='ltr'>iure</span> <span class='ocrx_word' id='word_1_447' title='bbox 1508 5320 1545 5365; x_wconf 90' lang='lat' dir='ltr'>ac</span> <span class='ocrx_word' id='word_1_448' title='bbox 1561 5299 1750 5382; x_wconf 88' lang='lat' dir='ltr'>eligeucium</span> <span class='ocrx_word' id='word_1_449' title='bbox 1766 5305 1925 5382; x_wconf 87' lang='lat' dir='ltr'>potestate</span> <span class='ocrx_word' id='word_1_450' title='bbox 1941 5318 2055 5383; x_wconf 89' lang='lat' dir='ltr'>cogno-</span> 
     </span>
     <span class='ocr_line' id='line_1_43' title="bbox 541 5393 2054 5487; baseline -0.001 -18"><span class='ocrx_word' id='word_1_451' title='bbox 541 5422 635 5470; x_wconf 88' lang='lat' dir='ltr'>scere</span> <span class='ocrx_word' id='word_1_452' title='bbox 658 5409 691 5467; x_wconf 94' lang='lat' dir='ltr'>et</span> <span class='ocrx_word' id='word_1_453' title='bbox 714 5401 753 5466; x_wconf 89' lang='lat' dir='ltr'>de</span> <span class='ocrx_word' id='word_1_454' title='bbox 776 5407 863 5467; x_wconf 88' lang='lat' dir='ltr'>statu</span> <span class='ocrx_word' id='word_1_455' title='bbox 887 5402 1018 5468; x_wconf 88' lang='lat' dir='ltr'>Romani</span> <span class='ocrx_word' id='word_1_456' title='bbox 1042 5404 1164 5486; x_wconf 90' lang='lat' dir='ltr'>imperii</span> <span class='ocrx_word' id='word_1_457' title='bbox 1195 5404 1353 5483; x_wconf 89' lang='lat' dir='ltr'>ordinare,</span> <span class='ocrx_word' id='word_1_458' title='bbox 1386 5410 1421 5468; x_wconf 94' lang='lat' dir='ltr'>ut</span> <span class='ocrx_word' id='word_1_459' title='bbox 1451 5404 1490 5469; x_wconf 92' lang='lat' dir='ltr'>ad</span> <span class='ocrx_word' id='word_1_460' title='bbox 1525 5404 1688 5487; x_wconf 85' lang='lat' dir='ltr'>fastigium</span> <span class='ocrx_word' id='word_1_461' title='bbox 1720 5393 1849 5469; x_wconf 84' lang='lat' dir='ltr'>cesaree</span> <span class='ocrx_word' id='word_1_462' title='bbox 1881 5404 2054 5487; x_wconf 88' lang='lat' dir='ltr'>dignitatis,</span> 
     </span>
     <span class='ocr_line' id='line_1_44' title="bbox 542 5506 2055 5592; baseline -0.002 -17"><span class='ocrx_word' id='word_1_463' title='bbox 542 5509 586 5575; x_wconf 92' lang='lat' dir='ltr'>ad</span> <span class='ocrx_word' id='word_1_464' title='bbox 616 5507 701 5590; x_wconf 93' lang='lat' dir='ltr'>quod</span> <span class='ocrx_word' id='word_1_465' title='bbox 732 5506 833 5573; x_wconf 90' lang='lat' dir='ltr'>insani</span> <span class='ocrx_word' id='word_1_466' title='bbox 864 5507 999 5572; x_wconf 90' lang='lat' dir='ltr'>hominis</span> <span class='ocrx_word' id='word_1_467' title='bbox 1028 5509 1181 5574; x_wconf 89' lang='lat' dir='ltr'>tendebat</span> <span class='ocrx_word' id='word_1_468' title='bbox 1212 5510 1323 5576; x_wconf 89' lang='lat' dir='ltr'>insana</span> <span class='ocrx_word' id='word_1_469' title='bbox 1352 5510 1504 5592; x_wconf 86' lang='lat' dir='ltr'>fatuaque</span> <span class='ocrx_word' id='word_1_470' title='bbox 1538 5509 1749 5591; x_wconf 86' lang='lat' dir='ltr'>presumpcio,</span> <span class='ocrx_word' id='word_1_471' title='bbox 1783 5527 1843 5591; x_wconf 90' lang='lat' dir='ltr'>per</span> <span class='ocrx_word' id='word_1_472' title='bbox 1875 5507 2055 5573; x_wconf 91' lang='lat' dir='ltr'>huiusmodi</span> 
     </span>
     <span class='ocr_line' id='line_1_45' title="bbox 540 5611 2057 5697; baseline -0.001 -18"><span class='ocrx_word' id='word_1_473' title='bbox 540 5612 685 5679; x_wconf 84' lang='lat' dir='ltr'>astuciae</span> <span class='ocrx_word' id='word_1_474' title='bbox 708 5611 858 5676; x_wconf 90' lang='lat' dir='ltr'>subdolas</span> <span class='ocrx_word' id='word_1_475' title='bbox 881 5619 988 5677; x_wconf 92' lang='lat' dir='ltr'>rueret</span> <span class='ocrx_word' id='word_1_476' title='bbox 1010 5614 1121 5694; x_wconf 88' lang='lat' dir='ltr'>pocius</span> <span class='ocrx_word' id='word_1_477' title='bbox 1152 5633 1247 5697; x_wconf 91' lang='lat' dir='ltr'>quam</span> <span class='ocrx_word' id='word_1_478' title='bbox 1279 5615 1413 5681; x_wconf 89' lang='lat' dir='ltr'>haberet</span> <span class='ocrx_word' id='word_1_479' title='bbox 1444 5632 1618 5680; x_wconf 88' lang='lat' dir='ltr'>ascensum.</span> <span class='ocrx_word' id='word_1_480' title='bbox 1667 5613 1896 5680; x_wconf 78' lang='lat' dir='ltr'>concessiones</span> <span class='ocrx_word' id='word_1_481' title='bbox 1926 5613 2057 5696; x_wconf 90' lang='lat' dir='ltr'>iusuper</span> 
     </span>
     <span class='ocr_line' id='line_1_46' title="bbox 539 5716 2055 5802; baseline -0.004 -15"><span class='ocrx_word' id='word_1_482' title='bbox 539 5740 561 5787; x_wconf 88' lang='lat' dir='ltr'>a</span> <span class='ocrx_word' id='word_1_483' title='bbox 585 5717 714 5784; x_wconf 90' lang='lat' dir='ltr'>condite</span> <span class='ocrx_word' id='word_1_484' title='bbox 738 5716 824 5781; x_wconf 88' lang='lat' dir='ltr'>urbis</span> <span class='ocrx_word' id='word_1_485' title='bbox 847 5723 990 5799; x_wconf 88' lang='lat' dir='ltr'>ternpore</span> <span class='ocrx_word' id='word_1_486' title='bbox 1013 5717 1116 5784; x_wconf 89' lang='lat' dir='ltr'>factas</span> <span class='ocrx_word' id='word_1_487' title='bbox 1139 5737 1196 5802; x_wconf 89' lang='lat' dir='ltr'>per</span> <span class='ocrx_word' id='word_1_488' title='bbox 1220 5720 1369 5801; x_wconf 91' lang='lat' dir='ltr'>populum</span> <span class='ocrx_word' id='word_1_489' title='bbox 1393 5720 1567 5785; x_wconf 82' lang='lat' dir='ltr'>Ronmnuur</span> <span class='ocrx_word' id='word_1_490' title='bbox 1591 5719 1831 5800; x_wconf 89' lang='lat' dir='ltr'>quibuscunque</span> <span class='ocrx_word' id='word_1_491' title='bbox 1853 5719 1998 5800; x_wconf 92' lang='lat' dir='ltr'>personis</span> <span class='ocrx_word' id='word_1_492' title='bbox 2014 5718 2055 5781; x_wconf 90' lang='lat' dir='ltr'>de</span> 
     </span>
     <span class='ocr_line' id='line_1_47' title="bbox 539 5822 2054 5907; baseline 0 -19"><span class='ocrx_word' id='word_1_493' title='bbox 539 5823 709 5907; x_wconf 80' lang='lat' dir='ltr'>quibusvis</span> <span class='ocrx_word' id='word_1_494' title='bbox 741 5822 873 5902; x_wconf 90' lang='lat' dir='ltr'>iuribus,</span> <span class='ocrx_word' id='word_1_495' title='bbox 904 5822 1086 5903; x_wconf 87' lang='lat' dir='ltr'>honoribus,</span> <span class='ocrx_word' id='word_1_496' title='bbox 1118 5824 1336 5906; x_wconf 84' lang='lat' dir='ltr'>dignitatibus,</span> <span class='ocrx_word' id='word_1_497' title='bbox 1368 5825 1541 5907; x_wconf 85' lang='lat' dir='ltr'>privilegiis</span> <span class='ocrx_word' id='word_1_498' title='bbox 1565 5831 1660 5905; x_wconf 90' lang='lat' dir='ltr'>atque</span> <span class='ocrx_word' id='word_1_499' title='bbox 1684 5824 1780 5889; x_wconf 88' lang='lat' dir='ltr'>rebus</span> <span class='ocrx_word' id='word_1_500' title='bbox 1803 5823 1843 5887; x_wconf 85' lang='lat' dir='ltr'>de</span> <span class='ocrx_word' id='word_1_501' title='bbox 1865 5823 1959 5901; x_wconf 87' lang='grc'><strong>11111,</strong></span> <span class='ocrx_word' id='word_1_502' title='bbox 1983 5842 2054 5888; x_wconf 88' lang='lat' dir='ltr'>curn</span> 
     </span>
    </p>
   </div>
   <div class='ocr_carea' id='block_1_5' title="bbox 0 0 2596 7049">
    <p class='ocr_par' dir='ltr' id='par_1_5' title="bbox 0 0 2596 7049">
     <span class='ocr_line' id='line_1_48' title="bbox 0 0 2596 7049; baseline 0 0"><span class='ocrx_word' id='word_1_503' title='bbox 0 0 2596 7049; x_wconf 95' lang='lat' dir='ltr'> </span> 
     </span>
    </p>
   </div>
  </div>
 </body>
</html>
