5184 7050
542 816 606 884 272

643 1026 723 1092 Item
746 1028 903 1111 supplicat
926 1029 1029 1095 eidem
1052 1029 1082 1097 S.
1107 1031 1156 1110 V,
1180 1035 1338 1113 quatenus
1370 1031 1473 1096 eidem
1506 1027 1678 1112 specialem
1710 1028 1852 1112 graciam
1884 1028 2044 1107 facientes

541 1130 716 1196 concedere
750 1131 919 1213 dignemini
954 1139 1064 1200 contra
1098 1135 1312 1215 iniuriatoros,
1344 1136 1506 1200 Inrasores
1544 1139 1577 1198 ot
1613 1133 1826 1215 depredantes
1836 1132 1864 1209 ⁸)
1900 1150 2047 1215 personas

542 1238 575 1298 et
596 1235 679 1299 bona
701 1235 777 1301 dicti
800 1239 983 1303 monasterii
999 1243 1238 1305 conservatores
1254 1256 1355 1321 usque
1371 1238 1412 1303 ad
1429 1238 1537 1302 decem
1553 1254 1651 1302 annos
1666 1238 1755 1301 iuxta
1776 1236 1912 1302 formam
1928 1237 2047 1302 concilii

543 1337 741 1419 Viennensis,
776 1344 909 1408 maxime
940 1363 1010 1409 curn
1042 1344 1159 1409 dictum
1189 1345 1414 1409 monasterium
1445 1345 1487 1408 sit
1510 1344 1605 1408 situm
1632 1343 1664 1407 in
1686 1341 1790 1407 medio
1812 1342 1957 1407 nacionis
1980 1362 2049 1424 per·

543 1460 634 1507 verse
657 1449 690 1508 et
714 1445 753 1510 de
775 1449 842 1511 suis
864 1448 1119 1514 malefactoribus
1142 1468 1204 1513 non
1226 1450 1328 1531 possit
1350 1448 1467 1513 habere
1491 1449 1617 1513 iusticie
1633 1446 1899 1528 complementum
1923 1451 2051 1528 propter

544 1564 653 1611 eorum
676 1553 863 1632 potenciam,
888 1572 980 1634 quarn
1003 1555 1117 1618 merito
1140 1553 1364 1635 perhorrescit,
1388 1558 1421 1617 et
1439 1553 1567 1634 placeat
1582 1551 1685 1615 eidem
1701 1551 1732 1617 S.
1748 1551 1797 1628 V,
1822 1551 1909 1632 quod
1926 1551 1965 1615 de
1981 1551 2050 1630 hiis,

544 1669 606 1732 que
629 1651 808 1718 iudicialem
833 1658 1013 1736 indaginem
1035 1658 1209 1739 requirunt,
1233 1658 1357 1738 possint
1380 1676 1415 1721 se
1438 1658 1658 1734 intromittere,
1681 1676 1743 1719 non
1763 1655 1966 1720 obstantibus
1982 1675 2051 1719 con-

544 1755 766 1823 stitucionibus
790 1762 955 1825 contrariis
978 1766 1012 1825 et
1033 1761 1104 1826 aliis
1126 1782 1188 1825 non
1204 1761 1404 1825 obstantibus
1420 1768 1452 1825 et
1468 1761 1619 1826 clausulis
1635 1760 1809 1843 oportunis,
1834 1765 1870 1823 ut
1893 1759 2050 1824 informa.

644 1861 772 1927 Habeat
802 1872 1040 1931 conservatores
1070 1868 1102 1931 in
1132 1866 1230 1931 foruna
1261 1866 1386 1931 concilii
1396 1863 1423 1948 b)
1447 1866 1638 1931 Viennensis
1672 1865 1711 1930 ad
1742 1864 1994 1947 quinquennium
2015 1862 2049 1926 a

646 1966 810 2048 Supplicat
833 1971 863 2035 S.
887 1971 924 2035 V.
949 1971 1064 2035 devota
1087 1989 1177 2035 soror
1198 1970 1388 2052 Marmarata,
1420 1971 1581 2035 abbatissa
1604 1969 1787 2034 monialium
1809 1967 1999 2033 monasterii
2021 1968 2049 2031 in

545 2067 704 2150 Tepplicz‚
721 2073 839 2138 ordinis
856 2075 957 2138 sancti
974 2075 1149 2152 Benedicti,
1165 2075 1335 2154 Pragensis
1351 2075 1497 2152 diocesis,
1521 2075 1605 2155 quod
1627 2073 1711 2153 oliuu,
1736 2079 1908 2154 antequam
1924 2077 2050 2154 recepta

547 2179 634 2236 esset
655 2173 695 2237 ad
718 2175 876 2255 prefatum
898 2177 1040 2241 ordinonr
1055 2179 1087 2242 in
1102 2180 1293 2242 nronastorio
1311 2179 1462 2260 predicto,
1483 2180 1657 2244 intraverat
1672 2179 1830 2260 quoddam
1846 2177 1935 2242 aliud
1950 2196 2051 2241 inona-

548 2277 679 2340 steriurn
702 2297 853 2359 sororum,
874 2281 993 2346 rhotum
1009 2282 1135 2364 Cralup,
1152 2283 1271 2347 ordinis
1287 2285 1388 2347 sancti
1404 2283 1584 2363 Augustini,
1597 2282 1769 2347 secundum
1785 2282 1935 2345 instituta
1949 2286 1983 2345 et
1996 2280 2050 2344 sub

549 2399 626 2444 cura
649 2381 767 2447 ordinis
790 2384 921 2449 fratrum
944 2385 1181 2450 Predicatorum
1211 2387 1397 2465 vivencium,
1429 2386 1572 2467 predicto
1599 2385 1744 2463 diocesis,
1768 2389 1802 2448 et
1823 2384 2049 2466 professionem

549 2485 672 2551 fecerat
704 2488 735 2552 in
766 2488 886 2566 eodem,
910 2490 993 2571 quod
1027 2490 1154 2570 quidem
1187 2492 1413 2555 monasterium
1445 2490 1564 2571 dictum
1597 2488 1714 2571 Cralup
1737 2507 1796 2571 per
1818 2489 2000 2571 potenciam
2021 2494 2050 2553 ot

553 2591 750 2671 tyrannidem
773 2590 916 2656 laicalem
938 2594 1137 2674 postmodum
1160 2594 1356 2659 destructum
1379 2593 1485 2659 extitit
1504 2594 1631 2675 penitus
1646 2596 1680 2656 et
1694 2597 1745 2656 est
1759 2591 1855 2656 hodie
1870 2592 2051 2669 desolatum,

547 2693 593 2757 ita
615 2694 699 2776 quod
721 2695 801 2776 lapis
825 2714 920 2778 super
942 2697 1078 2779 lapidem
1102 2717 1163 2762 non
1184 2700 1338 2762 remansit
1356 2704 1390 2763 ot
1405 2716 1540 2774 sorores,
1565 2716 1626 2778 quo
1648 2703 1725 2760 tunc
1747 2695 1779 2760 in
1801 2695 1872 2778 ipso
1896 2696 2048 2779 degebant

550 2800 747 2877 monasterio,
782 2801 883 2865 oricacte
913 2801 1042 2866 fuerunt
1072 2809 1103 2867 et
1134 2803 1285 2882 disperso,
1321 2804 1352 2866 in
1380 2821 1443 2884 qua
1467 2801 1593 2883 quidem
1618 2800 1815 2881 dispersione
1839 2804 1872 2863 et
1895 2800 2049 2865 eiechone

550 2900 635 2965 dicta
658 2902 836 2984 Margareta
869 2906 900 2969 In
931 2907 1014 2970 (licto
1044 2908 1233 2972 monasterip
1265 2906 1477 2988 Topplicensi,
1509 2906 1638 2970 arcionis
1646 2912 1671 2987 ⁰)
1701 2904 1824 2987 regule,
1848 2922 1911 2968 non
1935 2904 2048 2969 habens

550 3003 640 3083 alias,
664 3005 718 3070 ubi
741 3006 909 3073 reclinaret
932 3011 1034 3091 capud
1057 3030 1157 3089 suurn,
1177 3016 1307 3092 recepta
1329 3011 1435 3075 extItit
1451 3011 1482 3074 in
1498 3009 1682 3073 monacham
1706 3014 1739 3072 et
1758 3027 1901 3073 sororem
1925 3008 2050 3073 ibidem-

550 3127 612 3188 que
634 3109 838 3189 professionis
860 3114 984 3178 vinculo
1007 3133 1042 3178 se
1072 3116 1227 3193 astrinxit,
1235 3115 1260 3195 d)
1295 3133 1446 3196 processu
1476 3133 1551 3177 vern
1585 3113 1740 3194 temporis
1762 3112 1850 3177 dicta
1873 3111 2050 3196 Margarcta

551 3216 684 3276 vacante
707 3213 782 3278 dicti
805 3218 986 3282 monasterii
1017 3219 1147 3283 abbacia
1178 3218 1279 3283 electa
1311 3219 1418 3282 cratitit
1447 3220 1478 3282 in
1509 3218 1701 3282 abbatissam
1731 3223 1764 3281 et
1791 3222 1841 3281 est
1862 3223 2050 3283 consecrata.

552 3315 717 3397 Supplicat
739 3320 894 3401 eadern,⁸)
919 3327 1073 3403 quatenus
1096 3344 1166 3388 curn
1190 3325 1268 3405 ipsa,
1285 3324 1369 3404 quod
1385 3325 1495 3404 possit,
1512 3323 1751 3404 quibuscunque
1775 3323 2052 3387 constitucionibus

553 3421 585 3483 in
610 3422 799 3486 contrarium
822 3424 918 3491 editis
940 3431 973 3490 et
995 3428 1176 3509 specialiter
1197 3426 1262 3506 illa,
1297 3445 1359 3508 que
1382 3427 1493 3509 incipit
1520 3426 1583 3508 ,Ut
1604 3426 1834 3509 professores“,
1869 3431 1903 3491 ct
1930 3426 2052 3507 quibus·

560 3524 639 3590 libet
661 3528 789 3592 statutis
812 3535 845 3594 et
867 3532 1146 3598 consuetudinibus
1165 3521 1325 3598 dictorum
1343 3532 1487 3596 ordinum
1503 3551 1564 3596 non
1580 3531 1789 3610 obstantibus
1801 3532 1834 3596 In
1850 3531 1936 3596 dicto
1952 3532 2054 3596 ordIne

553 3630 651 3694 sancti
674 3631 838 3699 Benedicti
862 3641 894 3700 et
915 3638 1068 3719 regimine
1090 3639 1220 3703 abbacIo
1251 3637 1327 3702 dicti
1357 3637 1539 3701 rnonasterii
1571 3636 1790 3719 Topplicensis
1813 3654 2003 3718 permanere
2024 3643 2053 3700 et

554 3735 653 3815 ipsius
688 3737 995 3808 administracionom
1026 3744 1056 3808 in
1086 3744 1306 3827 spiritualibus
1340 3747 1372 3806 ot
1405 3741 1634 3822 temporalibus
1665 3742 1748 3805 sicut
1776 3741 1867 3822 prius
1898 3759 2052 3819 exercere,

558 3838 725 3920 ‹flgnenrini
749 3847 937 3912 auctoritato
961 3848 1134 3931 apostolica
1145 3868 1185 3913 ex
1201 3846 1398 3931 plenitudIne
1414 3846 1584 3928 potestatis
1599 3844 1849 3910 misericorditer
1865 3845 2053 3927 dIsponsare,

557 3944 747 4011 catificantes
771 3956 803 4014 et
825 3953 1037 4035 approbantes
1061 3955 1125 4032 illa,
1150 3973 1211 4035 que
1234 3971 1291 4034 per
1315 3951 1414 4033 ipsam
1444 3954 1606 4031 tanlquam
1636 3949 1828 4014 abbatissam
1856 3957 1932 4014 sunt
1954 3950 2055 4015 lrabIta

560 4051 770 4133 atquefacta,
793 4062 918 4122 etcum
942 4058 1012 4122 aliis
1036 4079 1096 4123 non
1120 4056 1319 4122 obstruitibus
1343 4060 1375 4117 ot
1398 4053 1549 4117 relatusulis
1573 4055 1746 4135 ‹aportunis
1772 4054 1862 4119 utin
1885 4054 1996 4144 fornia.

585 4231 594 4245 ο
660 4157 732 4222 I'iat
755 4180 811 4243 per
833 4164 1033 4228 diocesanunr
1057 4165 1245 4228 alletoritatc
1270 4158 1454 4240 apostolica,
1478 4159 1503 4221 si
1521 4159 1563 4222 sit
1577 4160 1632 4237 ita,
1657 4158 1871 4241 approbando,
1897 4177 1960 4240 quo
1983 4158 2054 4223 alias

558 4259 617 4324 rite
641 4264 706 4345 ogit
728 4266 763 4331 n.

657 4371 736 4435 Item
759 4374 916 4456 supplicat
946 4374 1048 4439 eidem
1082 4375 1113 4439 S.
1144 4373 1181 4437 V.
1212 4370 1375 4452 predictus
1407 4368 1515 4444 abbas,
1551 4372 1708 4448 (quaetenus
1739 4367 1799 4431 sibi
1830 4372 1863 4431 et
1896 4368 1980 4449 patri
2002 4385 2053 4430 suo

554 4471 637 4537 dicto
662 4476 790 4542 iliberto
815 4480 853 4544 de
878 4481 969 4544 IIrIrr
984 4485 1017 4542 et
1034 4478 1181 4553 ilenrico,
1197 4475 1287 4540 fratri
1304 4494 1361 4538 suo
1378 4489 1535 4549 saturniano,
1558 4477 1714 4535 eteorum
1732 4470 1863 4536 cuilibet
1879 4472 1911 4535 in
1928 4471 2056 4536 solidum

554 4578 676 4660 plenam
707 4585 921 4649 remissionem
953 4585 1090 4648 orrrninnr
1125 4584 1326 4664 laceratorum
1358 4595 1483 4640 sinuum
1520 4576 1550 4639 in
1582 4576 1692 4639 mortis
1724 4573 1857 4640 articulo
1886 4575 2055 4641 concedere

554 4684 731 4765 ‹lignonnni
757 4692 846 4754 utin
870 4691 981 4754 irlrrna.

657 4794 728 4859 I'iat
752 4795 787 4859 u.
811 4796 854 4860 Et
877 4814 906 4875 q.
931 4798 953 4857 ῖ.
978 4812 1003 4857 s.
1028 4813 1055 4856 a.
1081 4791 1101 4853 I.
1127 4790 1199 4853 I'iat
1221 4788 1257 4851 a.
1287 4788 1321 4851 I).
1349 4786 1503 4851 ,firmiore
1527 4784 1636 4850 XVIII
1660 4783 1723 4848 kal.
1740 4783 1886 4848 Ianuarii
1907 4803 1936 4848 a.
1953 4784 2055 4848 tercIo.

657 5092 806 5145 ClenrantIs
826 5091 862 5143 VI
882 5093 908 5142 S.
929 5087 996 5150 illu
1016 5091 1054 5151 (ἵ)
1068 5085 1084 5137 f.
1100 5091 1156 5135 flu.
1171 5113 1200 5119 —
1230 5084 1253 5145 Ι·)
1273 5078 1487 5146 ,depredatores
1507 5080 1542 5142 S,
1561 5093 1630 5129 corr.
1651 5077 1684 5130 ab
1704 5076 1819 5129 editore.
1848 5077 1872 5142 b)
1892 5077 2016 5142 ,consilii‘
2032 5078 2053 5127 S.

552 5184 581 5242 ο)
601 5181 714 5246 ,arctori‘
735 5181 761 5234 S.
788 5181 813 5243 l)
832 5176 1008 5245 ,astrinxerit
1027 5174 1053 5226 S.
1082 5183 1104 5235 υ)
1125 5168 1282 5236 suppletum
1301 5166 1329 5218 in
1351 5164 1471 5232 margmc
1492 5166 1519 5216 S.
