5184 7050
1989 870 2055 940 683

547 1080 667 1149 1042.
694 1080 863 1162 lamecen
887 1062 1055 1159 iuncone,
1079 1081 1226 1148 cormerico
1250 1082 1415 1165 Propensi,
1435 1082 1620 1166 providetur
1642 1079 1681 1147 de
1698 1080 1892 1165 praebendo,
1919 1084 2057 1165 quaein

544 1185 654 1250 eadem
676 1185 807 1250 ecclesia
827 1208 886 1269 per
907 1190 1038 1249 orortem
1053 1186 1187 1251 (toroldi
1208 1188 1246 1252 de
1262 1189 1430 1268 Mapnoco
1446 1186 1535 1251 eladi
1553 1185 1742 1262 Tridentini,
1757 1185 1843 1251 sedis
1860 1186 2055 1269 apostolicae

545 1288 714 1373 capellani,
729 1289 784 1372 pui
800 1311 899 1373 nuper
914 1293 1007 1354 entra
1022 1292 1202 1355 Romanam
1216 1291 1340 1355 curiam
1354 1290 1439 1369 obiit,
1455 1295 1559 1371 cacat
1575 1311 1637 1356 nan
1651 1290 1794 1356 obstante
1807 1293 1844 1354 ut
1858 1291 1894 1355 in
1908 1312 1940 1356 n.
1956 1294 2053 1372 1041,

546 1391 610 1459 trac
631 1396 738 1458 tamen
761 1393 944 1472 conditione,
967 1397 1003 1456 ut
1024 1392 1160 1468 litterae,
1188 1416 1250 1478 per
1278 1414 1360 1475 anas
1389 1395 1609 1460 canonicatum
1638 1394 1695 1458 snb
1717 1395 1931 1478 expectatione
1955 1415 2055 1477 proe-

546 1495 667 1562 bendae
688 1497 724 1562 iu
747 1496 806 1562 ilio
828 1498 986 1580 Prapumi
1007 1497 1138 1563 ecclesia
1160 1498 1285 1578 obtinet,
1319 1501 1349 1562 et
1372 1518 1542 1582 processus
1571 1498 1673 1563 babiti
1702 1520 1763 1582 per
1785 1498 1911 1564 eosdem
1933 1502 1964 1564 ct
1985 1498 2057 1565 alio

548 1600 622 1666 inde
642 1606 761 1678 secreto,
780 1606 951 1685 postquam
975 1602 1078 1683 cipere
1096 1603 1314 1686 promentium
1336 1602 1428 1667 illam
1444 1602 1662 1687 praebendam
1687 1601 1823 1686 pacifice
1840 1603 1948 1683 suerit
1970 1623 2056 1669 osse-

548 1709 649 1788 cuba,
672 1710 787 1771 manc
807 1705 913 1789 quoad
935 1706 1035 1772 aliam
1064 1706 1282 1790 praebendam
1313 1706 1393 1772 inibi
1422 1705 1622 1770 obtinendam
1650 1707 1715 1771 eim
1738 1726 1832 1772 cossa
1854 1711 1886 1771 ct
1906 1707 2004 1772 irrito
2026 1711 2056 1773 et

550 1808 670 1876 nudius
684 1809 866 1893 firmitatis,
890 1810 995 1892 quood
1009 1809 1077 1875 olio
1092 1830 1163 1875 cero
1184 1810 1221 1875 iu
1234 1830 1289 1875 suo
1304 1810 1412 1875 robore
1421 1814 1644 1894 permaneant.
1667 1812 1720 1886 ,D.
1736 1808 1894 1876 Auinione
1907 1811 1980 1877 XII
1989 1810 2054 1878 tat.

548 1913 707 1981 Jonuorii
728 1934 759 1978 o.
783 1913 935 1997 septimo‘
959 1952 1000 1961 -
1024 1916 1062 1978 ln
1084 1936 1109 1981 e.
1133 1936 1173 1979 m.
1198 1914 1308 1978 abbati
1329 1914 1515 1980 nonasterii
1535 1913 1770 1980 Stratonicensis
1789 1918 1820 1979 et
1834 1907 1950 1979 decano
1981 1916 2055 1998 Vps·

550 2017 762 2099 sepradensis,
789 2018 959 2097 macena
982 2018 1123 2099 clmcesis
1148 2039 1186 2083 ac
1207 2018 1366 2084 sacristae
1387 2018 1611 2084 Aristionensis
1636 2018 1848 2084 ecclesiarum.
1883 2020 2000 2083 Formo
2020 2022 2058 2082 ut

607 2172 642 2276 Ι.
663 2120 700 2283 ;1-·,
1233 2144 1267 2188 m
1288 2144 1320 2188 η’
1342 2124 1374 2189 4'
1458 2209 1621 2291 niterent,
1644 2212 1731 2275 reos
1754 2209 1938 2276 oceanas
1959 2213 2011 2277 21.

594 2331 636 2383 'X
655 2330 802 2472 (lomentis
827 2418 864 2471 Vl
888 2420 921 2471 Α.
941 2418 1021 2487 vlla,
1041 2421 1112 2485 (103)
1132 2419 1149 2471 l.
1169 2425 1228 2485 393,
1256 2417 1290 2473 de
1323 2419 1462 2473 beneflciis
1487 2418 1647 2472 vacantibus
1672 2433 1717 2486 qn.
1741 2417 1867 2472 nlzv.
1895 2422 1942 2472 leb
1965 2417 1983 2472 l.
2005 2423 2056 2474 299

551 2520 578 2557 n.
598 2508 648 2558 630
667 2503 716 2558 bis.
736 2503 766 2558 Iu
786 2504 902 2559 rubricis
923 2505 955 2558 V.
977 2505 1189 2560 1se0missum1

1201 2632 1402 2640 ——.-—

547 2802 668 2870 1043.
691 2800 846 2866 Nicotaus
869 2801 906 2866 de
928 2803 1064 2867 Brunno
1088 2802 1257 2887 supplicat,
1280 2805 1316 2866 ut
1340 2801 1483 2869 Conrado
1513 2801 1663 2889 Wpffom's
1685 2803 1723 2868 dc
1746 2805 1884 2870 Brunna
1905 2803 1943 2869 de
1965 2802 2055 2868 deco·

548 2910 627 2969 natu
648 2907 684 2972 in
706 2905 836 2971 ecclesia
861 2905 1061 2971 olomucensi
1082 2911 1225 2982 raeccine,
1248 2907 1368 2972 Jacobo
1394 2906 1521 2973 Gablini
1543 2908 1581 2973 de
1603 2909 1740 2973 Brunno
1770 2908 1809 2974 de
1824 2908 2054 2993 praepositura

545 3010 581 3074 iu
602 3009 732 3075 ecclesio
756 3011 913 3075 Misuensi
934 3014 1066 3076 vacante
1089 3014 1118 3074 ct
1143 3010 1251 3075 Ottcrti
1281 3011 1450 3077 Francisci
1479 3012 1518 3076 de
1547 3013 1735 3077 canonicatu
1763 3011 1912 3079 ecclemoe
1929 3084 1931 3087 y
1949 3012 2054 3078 Vrati-

547 3115 716 3180 sianiensis
739 3115 796 3179 sub
818 3116 1032 3199 expectat-ione
1049 3115 1250 3199 praebendae
1269 3116 1486 3199 prouidentur,
1508 3118 1582 3181 item
1605 3121 1760 3198 quatenus
1774 3118 1870 3183 Petro
1888 3116 2055 3193 Plasserii,

550 3220 696 3286 cononica
727 3219 980 3301 l'psseprodensi,
1015 3220 1215 3303 iudcdpeutia
1244 3221 1282 3285 de
1312 3240 1375 3285 non
1403 3221 1568 3287 residendo
1597 3226 1628 3286 et
1649 3222 1814 3303 fructibus
1842 3221 2057 3308 percipiendis

1183 3324 1405 3390 concedatur.¹

1405 3329 1418 3407 )
1457 3412 1619 3494 Autumno,
1643 3416 1729 3480 1348
1750 3413 1934 3480 Decembris
1956 3417 2009 3481 25.

652 3586 817 3669 Supplieat
840 3587 869 3653 S.
887 3587 924 3652 V.
940 3587 1069 3652 humilis
1092 3593 1199 3653 emtor
1221 3594 1329 3654 vester
1343 3588 1495 3654 Nicolaus
1511 3589 1551 3653 de
1566 3589 1706 3668 Brunna,
1723 3592 1905 3673 prepositus
1920 3589 2055 3656 ecclesie

549 3689 728 3771 Prngensis,
752 3690 869 3755 domini
892 3690 1103 3757 Romanorum
1126 3694 1210 3775 regis
1225 3693 1445 3771 cancellarius,
1462 3698 1620 3776 quatenus
1644 3694 1703 3758 sibi
1728 3694 1759 3759 iu
1779 3712 1934 3776 personas
1956 3694 2054 3761 inira·

548 3797 736 3878 scriptorum
761 3798 1064 3879 consanguineorum
1088 3804 1121 3861 et
1142 3798 1343 3864 familiarium
1372 3816 1501 3866 suornm
1524 3797 1694 3881 specialem
1716 3798 1855 3880 graciam
1878 3797 2055 3865 incientes:

550 3898 693 3965 Conrado
716 3901 870 3984 Wytlonis
892 3903 933 3966 de
952 3903 1092 3982 ltrnnna,
1109 3904 1259 3968 canonico
1279 3903 1413 3968 ecclesie
1435 3903 1666 3983 Olomucensis,
1681 3902 1722 3967 de
1738 3904 1896 3969 decanatu
1911 3904 2054 3973 eiusdem

549 4004 694 4085 ecclesie,
729 4012 863 4071 vacmrte
896 4006 981 4088 apud
1015 4007 1122 4071 sedem
1156 4007 1362 4090 apostolicam
1401 4027 1457 4089 per
1493 4007 1625 4072 liberam
1663 4007 1914 4090 resignocionem
1951 4007 2053 4091 ipsius

551 4107 717 4191 Nicholny,
742 4111 773 4175 in
794 4112 941 4178 manibus
971 4111 1002 4178 S.
1033 4112 1070 4178 V.
1102 4119 1215 4193 sponte
1244 4112 1371 4190 factam,
1395 4111 1565 4194 dignemini
1595 4111 1773 4195 providere,
1806 4131 1869 4178 nen
1899 4113 2056 4191 obstante,

548 4213 630 4295 quod
655 4214 738 4279 idem
763 4214 928 4281 Conradua
952 4218 983 4281 in
1006 4216 1092 4280 <licta
1114 4216 1251 4281 eeclesia
1274 4216 1495 4282 canonicatum
1511 4221 1544 4281 et
1558 4215 1754 4299 prebendam
1776 4235 1813 4281 ac
1833 4215 2054 4299 archipresby·

548 4323 686 4382 tercium
710 4319 846 4384 ecclesie
869 4320 909 4384 dc
933 4318 1060 4398 Limen,
1076 4319 1262 4384 Tridentino
1285 4319 1434 4400 dionesie,
1451 4339 1544 4402 quem
1568 4325 1699 4402 paratus
1723 4325 1773 4385 est
1795 4319 1965 4400 dimittere,
1983 4339 2054 4387 cum

548 4422 689 4487 eiusdem
713 4422 887 4490 decanatus
910 4425 1143 4507 possessionem
1166 4421 1330 4506 pacificam
1354 4424 1490 4507 adeptus
1513 4423 1620 4504 fuerit,
1645 4425 1776 4504 obtinet,
1800 4430 1833 4489 et
1856 4424 1940 4507 quod
1954 4425 2053 4490 bene-

547 4524 651 4592 ficium
674 4528 924 4592 ecclesiasticum
948 4547 1018 4593 cnm
1042 4547 1117 4594 cura
1140 4527 1190 4591 vel
1213 4529 1282 4594 sine
1306 4546 1392 4608 curn,
1423 4529 1522 4595 eciam
1553 4529 1581 4594 si
1612 4529 1758 4612 dignitas,
1790 4534 1980 4612 personatus
2002 4528 2055 4594 vel

547 4628 684 4696 officium
709 4632 836 4709 existat,
860 4636 1008 4714 spectans
1032 4632 1238 4696 concinniter
1260 4631 1311 4695 vel
1335 4631 1460 4696 divisim
1478 4631 1519 4696 ad
1535 4631 1750 4711 collacionem,
1767 4633 1981 4715 provisionem
1997 4650 2053 4699 seu

548 4735 692 4816 quamvis
715 4735 808 4801 aliam
833 4735 1077 4819 disposicionem
1097 4736 1248 4819 episcopi,
1271 4736 1436 4819 prepositi,
1461 4735 1573 4801 {lemni
1605 4742 1638 4801 et
1665 4737 1798 4818 capituli
1821 4735 2054 4816 olomucensis,

548 4840 690 4905 noscitur
719 4846 897 4923 expectare,
929 4859 998 4904 cnm
1029 4839 1100 4904 aliis
1133 4859 1194 4905 non
1224 4841 1423 4906 obstantibus
1455 4846 1487 4905 et
1516 4841 1667 4906 clausulis
1694 4842 1858 4924 oportunis
1882 4846 1916 4907 et
1940 4859 2055 4907 execu-

547 4943 679 5007 toribus.

650 5047 724 5113 Fiat
745 5047 820 5131 ΙΝ)

651 5154 733 5218 Item
763 5152 883 5219 Jacobo
914 5152 1042 5219 Gablini
1073 5152 1112 5217 de
1142 5153 1272 5219 Brnnnn
1303 5155 1342 5219 de
1371 5155 1575 5238 prepositura
1609 5153 1744 5218 ecclesie
1779 5153 1961 5234 Misuensis,
1995 5173 2053 5237 per

545 5257 677 5323 liberam
698 5259 947 5342 resignationem
971 5260 1077 5342 ipsius·
1094 5259 1219 5325 Nicolai
1242 5261 1389 5325 similiter
1410 5265 1544 5325 vacante
1574 5259 1659 5340 apud
1692 5258 1900 5340 apostolicam
1931 5259 2051 5338 sedem,

547 5361 718 5444 dignemini
741 5364 916 5446 providere,
941 5384 1003 5429 non
1026 5366 1184 5443 obstante,
1209 5365 1292 5446 quod
1317 5366 1347 5429 in
1372 5364 1507 5429 ecclesia
1530 5365 1629 5429 sancti
1654 5363 1740 5429 Petri
1763 5363 1795 5428 in
1818 5363 2053 5443 Brunna,010·

543 5466 704 5533 nnncen'sis
728 5468 873 5547 diocesis,
898 5470 1120 5534 canonicatum
1143 5470 1264 5535 obtinet
1287 5475 1320 5535 et
1342 5468 1545 5553 prebendam,
1581 5487 1637 5532 seu
1661 5467 1744 5550 qnod
1768 5468 1889 5550 patitur
1912 5470 1944 5533 in
1967 5474 2054 5534 etate

546 5570 714 5651 defectum,
730 5590 800 5637 curn
826 5574 856 5636 in
880 5573 1032 5655 vigesimo
1057 5574 1196 5639 secundo
1220 5576 1315 5640 etatis
1331 5593 1388 5639 sire
1404 5593 1486 5639 cirine
1504 5573 1553 5638 vel
1571 5574 1698 5638 circiter
1717 5574 1910 5638 constitutus
1926 5573 2054 5651 existat,

547 5694 642 5757 snper
664 5694 725 5758 quo
749 5677 917 5758 ‹ligumrriui
943 5679 1190 5742 uriscricurditcr
1213 5679 1407 5760 dispensare,
1432 5699 1502 5742 ulltu
1525 5679 1670 5742 ‹irrrnibus
1694 5677 1845 5742 ‹clanrsnlis
1861 5683 1894 5742 et
1909 5697 1971 5741 uon
1994 5678 2054 5740 ob-

547 5782 705 5846 stantibus
729 5782 811 5843 sicut
833 5801 940 5861 supin.
