5184 7050
651 851 717 918 260

648 1060 738 1125 4237.
772 1057 946 1134 Johorrnes,
981 1057 1127 1120 dominas
1159 1056 1194 1119 in
1229 1055 1475 1136 Fatlrenstein,·)
1508 1056 1599 1120 mites
1632 1062 1662 1121 et
1696 1058 1899 1124 consiiiarius
1929 1060 2051 1124 domim
2081 1061 2160 1143 repis

651 1161 830 1237 Boiamiar,
850 1161 1048 1225 Trecerensis
1071 1160 1213 1238 diocesis,
1233 1161 1405 1243 supplicat,
1426 1164 1580 1242 quatenns
1595 1161 1657 1225 sibi
1671 1162 1885 1244 iadalpeatnr,
1901 1169 1938 1228 at
1953 1168 2161 1244 consessorem

652 1265 831 1346 relipiosara
856 1264 902 1328 cei
933 1265 1029 1329 etiam
1061 1263 1234 1328 secederem
1260 1264 1374 1345 etipere
1390 1265 1504 1348 possit.
1550 1265 1637 1344 ,Fiat
1660 1267 1693 1331 in
1708 1272 1821 1347 sornru
1846 1268 1889 1331 ad
1910 1290 1966 1332 sec
1989 1289 2092 1333 arenas
2115 1271 2159 1333 R:

653 1372 731 1435 Item
755 1374 909 1450 orratenas
932 1369 1014 1432 idern
1039 1374 1256 1448 confessoris
1278 1370 1388 1432 mortis
1413 1369 1547 1432 articulo
1569 1369 1632 1433 sibi
1648 1369 1781 1452 plenam
1814 1371 2031 1435 remissionem
2047 1394 2158 1454 pecca-

651 1479 754 1537 toram
789 1475 953 1537 concedere
986 1473 1100 1537 caleat.
1146 1470 1234 1546 ,Fiat
1269 1474 1319 1535 lc*
1366 1476 1445 1537 Item
1478 1478 1633 1555 preateuas
1668 1474 1730 1537 sior·
1766 1474 1862 1539 liceat
1901 1475 2018 1540 trabere
2059 1476 2161 1540 altare

647 1577 801 1661 portatile
824 1582 853 1641 et
875 1579 1008 1641 missam
1032 1582 1105 1641 ante
1128 1578 1209 1640 dicar
1244 1597 1350 1640 coram
1380 1598 1414 1641 se
1440 1577 1727 1659 paruit-iaribasqae
1756 1578 1824 1642 sais
1850 1583 1966 1658 facere
2000 1579 2159 1644 celebrari.

652 1683 737 1760 ,aa
759 1682 792 1744 in
815 1682 893 1745 iocis
915 1683 984 1744 sais
1008 1683 1055 1744 11.ι
1080 1684 1160 1745 Item
1181 1684 1337 1762 pamerras
1362 1702 1431 1743 cara
1453 1681 1609 1758 Jorrarme‚
1625 1681 1698 1763 fitia
1720 1703 1785 1759 sao,
1809 1682 1848 1745 de
1869 1683 2038 1763 eoniapato
2059 1685 2160 1764 penite

651 1790 681 1850 et
702 1784 817 1865 solata,
840 1806 935 1869 super
957 1786 1083 1865 eieyecta
1106 1785 1264 1850 nataliam
1288 1785 1494 1867 dispensetur.
1519 1785 1606 1863 ,rica
1621 1788 1652 1850 a
1652 1836 1745 1851 .....
1761 1788 1801 1850 I).
1818 1786 1977 1850 Aninione
1992 1788 2079 1850 XVI
2098 1786 2158 1850 cot.

1215 1887 1397 1952 Decembris
1425 1909 1454 1954 a.
1478 1890 1594 1952 tercio!

1557 2043 1720 2125 Aciniona
1744 2049 1830 2111 1344
1853 2046 2043 2110 Novembris
2068 2050 2116 2109 16.

757 2216 907 2272 Clementis
925 2217 963 2271 VI
982 2217 1008 2270 S.
1027 2217 1096 2285 lare
1117 2218 1339 2287 (Usum—1¹)
1360 2216 1527 2284 ,Fulkesteu‘
1546 2216 1571 2268 S.

1300 2465 1505 2473 -——

650 2759 743 2824 438.
779 2759 882 2832 Petro,
907 2763 980 2821 nerto
1015 2757 1172 2838 perorata-m
1194 2756 1374 2819 Diatromiti
1396 2757 1434 2820 de
1456 2756 1662 2836 Sroaprrece,¹)
1686 2755 1797 2820 clerico
1822 2758 1995 2837 Propensis
2019 2758 2156 2836 diocesis,

650 2863 685 2925 in
706 2863 895 2926 diaconatus
918 2862 1026 2925 ordine
1049 2862 1224 2933 constitu-to,
1248 2866 1429 2925 reseroedar
1450 2860 1630 2941 beraficiara
1652 2860 1897 2925 ecclesiasticam
1920 2882 1990 2925 cam
2013 2863 2061 2926 cei
2093 2864 2157 2926 sinc

652 2988 739 3044 cara,
773 2971 952 3030 consaetara
986 2966 1107 3030 clericis
1138 2965 1336 3029 scordaribas
1370 2965 1543 3044 assipuari,
1567 2966 1655 3029 caius
1679 2970 1813 3045 sencias
1834 2969 1878 3030 25
1900 2988 1983 3048 resp.
2008 2971 2052 3032 18
2075 2987 2154 3029 acar-

650 3091 760 3134 curara
794 3072 918 3151 arpenti
940 3093 965 3135 s.
989 3074 1011 3134 t.
1035 3069 1065 3133 d.
1090 3069 1226 3133 raiorera
1260 3090 1403 3134 aren-anm
1435 3090 1498 3132 reon
1531 3068 1692 3147 accedant,
1726 3068 1757 3132 si
1790 3069 1872 3150 qaod
1895 3070 1938 3133 ad
1961 3068 2156 3135 collationem

597 3176 602 3185 '
646 3174 826 3258 praepositi
848 3178 878 3237 ct
899 3179 1063 3238 coercentes
1086 3173 1272 3236 raorrasterii
1294 3172 1479 3235 monialium
1501 3173 1536 3235 in
1559 3174 1704 3249 Dorano,
1733 3195 1794 3254 per
1822 3174 2045 3257 praepositam
2073 3174 2158 3238 soliti

648 3277 830 3358 perterreri,
853 3278 974 3342 ordinis
1001 3277 1334 3351 Praeruonstrateasis
1352 3276 1523 3357 I'rapensis
1548 3276 1690 3351 diocesis,
1714 3282 1816 3352 cacat,
1832 3276 1880 3341 cel
1896 3298 1966 3341 carn
1988 3278 2156 3342 cacarerit.

652 3381 879 3456 ,D.21nircione
903 3383 987 3444 XVI
1011 3381 1074 3445 tad.
1103 3381 1280 3444 Decerabris
1305 3404 1334 3444 a.
1358 3381 1473 3444 rere-ios
1499 3419 1540 3427 —
1564 3384 1604 3445 In
1625 3404 1650 3445 e.
1676 3403 1716 3446 m.
1741 3382 1858 3446 (decano
1880 3386 1911 3445 et
1934 3381 2156 3446 archidiacono

654 3486 855 3562 Gradiccnsi,
879 3485 1063 3567 Propensis,
1087 3508 1124 3550 ac
1146 3486 1302 3550 sacristae
1325 3484 1546 3550 Acinionensis
1573 3485 1787 3550 ecclesiaram.
1822 3487 1938 3551 ibana
1960 3487 2054 3551 ntia
2075 3509 2104 3551 n.
2127 3494 2155 3552 2.

713 3675 736 3815 i(
766 3697 802 3815 ξ
1560 3686 1723 3767 Actiacae,
1748 3687 2116 3754 coduscanorum.

758 3899 906 3954 Clementis
925 3900 961 3952 Vl
980 3903 1013 3953 Α,
1026 3901 1094 3954 lllu
1108 3903 1162 3966 (ol)
1176 3901 1195 3954 f.
1208 3903 1266 3954 sati
1281 3919 1306 3953 a.
1324 3906 1379 3967 100,
1393 3902 1552 3967 ,litterarum
1569 3902 1633 3955 anai
1652 3902 1730 3955 tercii
1744 3910 1808 3970 post
1820 3901 2005 3957 rcddicionem
2018 3902 2156 3958 libroruin‘

652 4004 695 4055 qu.
715 3994 739 4040 4.
766 3987 796 4040 111
812 3987 841 4038 V.
862 3988 986 4054 quaterni
1011 3986 1167 4041 huiusmodi
1193 4005 1248 4042 uon
1272 3989 1456 4042 inveniuntur.
1477 4020 1509 4027 —
1530 3992 1548 4055 ¹)
1573 3990 1692 4043 foreasse
1718 3989 2018 4060 Schueiuitzzsriny
2043 3991 2155 4045 Trhovi.

651 4547 743 4612 439.
783 4545 950 4616 nauum,
985 4544 1221 4626 ureiriepiscopo
1258 4544 1442 4610 t'oioniensi,
1476 4545 1635 4623 scribitur,
1658 4547 1760 4609 sedern
1796 4547 2001 4629 apostoticam
2038 4551 2072 4613 in
2103 4551 2153 4624 eis,

650 4672 732 4731 qaue
755 4650 798 4712 ad
822 4649 976 4728 nepotiano
1002 4648 1151 4711 lantocai
1174 4647 1212 4710 de
1236 4649 1382 4711 Βανανία
1400 4649 1570 4731 pertineat,
1595 4650 1633 4712 de
1654 4652 1813 4716 deratioae-
1834 4673 1894 4716 sua
1926 4675 1987 4716 non
2010 4653 2154 4717 dictitare

650 4776 746 4834 nerpre
769 4754 840 4816 iura
865 4751 909 4815 rei
933 4753 1170 4814 eoasaetraiiaes
1194 4752 1319 4834 imperii
1341 4751 1465 4816 taedere
1489 4753 1571 4818 relic.
1619 4756 1772 4837 ,Derriepce
1794 4778 1889 4839 saper
1911 4755 1984 4835 tciis,
2007 4781 2068 4840 qne
2095 4782 2153 4841 pro

652 4880 676 4922 c.
702 4858 735 4919 in
767 4856 826 4921 (Ἰν.
851 4860 883 4935 f.
909 4879 937 4920 a.
965 4857 1120 4928 detractae,
1152 4877 1222 4936 repe
1247 4858 1371 4919 Boemie
1405 4858 1532 4935 illustri,
1561 4860 1683 4937 jecisti,
1715 4860 1752 4922 de
1784 4860 1895 4941 quibas
1929 4863 2038 4944 atione
2071 4863 2154 4927 nobis

648 4962 753 5041 pratis
784 4962 851 5042 ipse
884 4982 952 5022 cara
984 4960 1091 5022 rrudtis
1122 4966 1173 5022 tae
1195 4960 1335 5023 bercerote
1357 4963 1540 5025 ussisterccie
1564 4964 1884 5027 carameadaciouibns
1907 4964 1996 5029 uerbis
2017 4968 2154 5050 scripsit.

649 5064 749 5128 eidem
776 5065 986 5143 fraternitati
1016 5066 1200 5143 praeturam
1236 5065 1406 5143 referimus
1436 5066 1601 5129 sicciores!
1646 5066 1841 5130 Admonetar
1872 5068 1978 5147 etiam,
2011 5074 2055 5148 at,
2077 5093 2156 5152 arua

651 5168 830 5231 acartiuada
859 5168 1060 5242 occurrerint,
1091 5168 1227 5231 scribere
1258 5190 1319 5231 aaa
1341 5168 1476 5233 omittat.
1523 5170 1574 5246 ,D.
1600 5170 1754 5234 Arriaioae
1778 5173 1869 5236 XHI
1885 5171 1951 5238 kal.
1975 5175 2156 5239 Decerrdrris

1318 5294 1347 5336 a.
1371 5274 1484 5337 tercio!

1552 5376 1716 5455 Asinium,
1741 5380 1827 5441 1344
1850 5378 2038 5445 Novembris
2063 5387 2114 5446 ar.

755 5566 902 5618 Clementis
922 5565 956 5618 Vl
978 5566 1008 5617 V.
1032 5571 1079 5617 138
1099 5571 1176 5631 (secr.
1197 5582 1220 5618 a.
1241 5565 1290 5628 ΙΙΙ)
1311 5580 1337 5616 n.
1356 5570 1459 5617 1111.-
1478 5564 1525 5617 Ed.
1541 5565 1630 5617 Vatik.
1645 5566 1737 5618 Aleten
1758 5582 1783 5618 a.
1797 5572 1873 5630 2196,
1891 5566 1974 5621 ΚΒΜ.
1988 5568 2026 5621 1v
2041 5587 2066 5622 a.
2081 5579 2159 5624 esis.
