5184 7050
556 816 619 885 104

544 1023 627 1090 idem
642 1023 757 1089 Petrus
773 1020 891 1086 dudum
913 1018 982 1084 zelo
1006 1018 1187 1085 devocionis
1211 1038 1368 1086 accensus
1391 1020 1501 1085 limina
1525 1023 1691 1086 beatorum
1713 1022 1801 1088 Petri
1821 1027 1854 1087 et
1868 1021 1963 1087 Pauli
1979 1040 2054 1104 apo-

545 1129 697 1194 stolorum
719 1127 842 1192 voverit
864 1126 998 1191 visitare
1020 1130 1053 1189 et
1075 1130 1207 1207 propter
1228 1126 1372 1208 pericula
1394 1126 1485 1209 regni
1507 1124 1656 1208 predicti,
1679 1145 1742 1208 que
1757 1146 1796 1191 ex
1812 1127 1962 1191 absencia
1979 1126 2054 1191 dicti

543 1233 641 1313 Petri,
658 1231 768 1315 quide
785 1232 1020 1314 potencioribus
1036 1228 1179 1296 eiusdem
1201 1232 1291 1320 regni
1314 1231 1434 1310 existit,
1458 1235 1590 1312 possent
1606 1231 1787 1313 apartibus
1810 1231 1951 1296 Banarie
1974 1230 2053 1296 iaci-

543 1337 619 1404 liter
634 1336 763 1401 evenire
776 1335 845 1417 regi
860 1334 911 1399 vel
935 1336 1036 1401 eciam
1060 1337 1154 1400 Petro
1177 1336 1341 1417 predictis,
1366 1335 1529 1418 cumipse
1551 1335 1667 1402 Petrus
1690 1354 1821 1417 corpore
1845 1335 1960 1412 debilis
1983 1354 2054 1400 esse

544 1447 704 1519 noscatur,
728 1457 930 1520 nequaquam
953 1439 1103 1520 expediat
1126 1438 1261 1504 eundem
1283 1439 1415 1505 Petrum
1438 1457 1457 1502 a
1479 1457 1576 1522 regno
1600 1440 1763 1505 absentari
1789 1440 1945 1522 predicto,
1969 1440 2053 1505 idem

544 1563 600 1609 rex
616 1544 708 1610 nobis
722 1543 886 1608 humiliter
901 1543 1102 1625 supplicavit,
1119 1551 1155 1609 ut
1170 1543 1340 1624 providere
1356 1562 1453 1626 super
1467 1544 1528 1609 boc
1543 1544 1583 1609 de
1599 1549 1755 1624 oportuno
1777 1544 1918 1610 remedio
1943 1544 2054 1627 digna-

545 1668 660 1713 remur.
683 1648 750 1712 1155
773 1647 871 1729 igitur
893 1651 958 1711 tam
981 1647 1069 1712 Petri
1093 1666 1187 1729 quam
1209 1649 1294 1732 regis
1317 1649 1534 1731 predictorum
1565 1648 1667 1712 statui
1696 1647 1864 1730 providere
1894 1648 2054 1729 dictisque

545 1752 745 1834 periculis,·)
779 1757 933 1833 quantum
956 1770 1027 1815 cnm
1050 1752 1109 1816 deo
1132 1769 1312 1833 possumus,
1336 1752 1467 1818 obviare
1490 1753 1662 1817 salubriter
1685 1753 1859 1834 cupientes,
1883 1752 2055 1816 eorundem

545 1857 631 1937 regis
647 1862 680 1921 et
695 1856 782 1921 Petri
799 1857 830 1919 in
846 1855 907 1921 hae
922 1860 1015 1935 parte
1031 1855 1323 1938 supplicationibus
1338 1856 1493 1934 inclinati,
1505 1855 1701 1921 fraternitati
1716 1860 1782 1934 tue,
1796 1856 1835 1919 de
1847 1875 1910 1937 qua
1925 1856 2054 1939 plenam

546 1960 579 2022 in
594 1958 719 2023 domino
742 1957 891 2023 fiduciam
914 1958 1102 2038 obtinemus,
1118 1977 1176 2040 per
1195 1959 1372 2040 apostolica
1388 1960 1508 2040 scripta
1525 1958 1758 2038 committimus,
1775 1963 1933 2040 quatenus
1950 1958 2055 2024 eidem

544 2063 640 2128 Petro
670 2062 849 2143 predictum
879 2067 987 2127 votum
1016 2081 1075 2144 per
1104 2081 1176 2127 eum
1206 2068 1243 2127 ut
1271 2062 1432 2145 prefertur
1461 2063 1612 2127 emissum
1642 2064 1674 2128 in
1706 2063 1770 2127 alia
1800 2063 1932 2143 pietatis
1956 2082 2053 2145 opera

545 2166 721 2251 apostolica
745 2167 937 2232 auctoritate
960 2170 1142 2245 commutes
1166 2170 1262 2247 prout
1284 2166 1458 2231 secundum
1482 2166 1576 2230 deum
1599 2167 1702 2230 anime
1722 2184 1780 2231 sue
1795 2166 1893 2232 saluti
1909 2167 2052 2248 dictique

543 2270 634 2352 regni
658 2271 757 2335 statui
781 2269 899 2335 videris
918 2268 1077 2351 expedire.
1102 2270 1141 2334 D.
1159 2269 1244 2352 apud
1261 2271 1508 2353 Pontemsorgie‚
1521 2271 1559 2335 Α.
1576 2270 1616 2349 11.,
1633 2271 1700 2336 1111
1717 2271 1779 2336 kal.
1797 2271 1876 2336 Maii
1893 2291 1921 2336 a.
1939 2272 2050 2352 primo.

650 2482 798 2538 Clementis
816 2482 854 2537 VI
875 2484 900 2535 Α
912 2483 972 2552 Illa
992 2484 1048 2553 (57)
1067 2481 1085 2536 1.
1104 2484 1164 2536 3511
1183 2498 1209 2535 11.
1229 2485 1288 2549 558,
1307 2481 1477 2537 diversarum
1495 2483 1646 2539 formarum
1661 2501 1706 2554 qu.
1731 2491 1764 2539 14
1778 2504 1810 2537 :
1824 2486 1855 2540 V.
1882 2491 1932 2540 155
1957 2485 1976 2540 s.
2002 2492 2052 2540 315

546 2588 572 2626 11.
591 2575 650 2625 558.
670 2601 703 2611 -
731 2573 754 2639 ·)
772 2570 915 2640 ,periculo‘
932 2571 975 2637 A,
994 2586 1064 2625 corr.
1082 2570 1118 2625 ab
1137 2570 1250 2625 editore.
1268 2598 1302 2608 -
1323 2570 1343 2640 ¹)
1362 2570 1528 2639 supplicatio
1547 2572 1602 2627 ista
1619 2587 1674 2625 non
1693 2579 1736 2627 est
1753 2580 1871 2642 reperta.

1199 2852 1403 2860 --..-

546 3212 640 3279 189.
669 3212 856 3279 lbcodcrico
878 3213 917 3278 de
938 3214 1121 3279 Nooodomo
1139 3213 1325 3297 providetur
1347 3213 1592 3279 decemuiratu
1613 3215 1760 3282 ecclcsiae
1779 3216 1885 3281 555511
1907 3216 1998 3281 Petri
2018 3217 2054 3281 ia

548 3318 694 3398 1315111115,
727 3317 943 3383 Olomuconsis
973 3317 1114 3393 diocesis,
1137 3318 1195 3382 aab
1217 3319 1431 3402 expectatione
1456 3319 1666 3401 praebendae.
1712 3322 1828 3385 numm
1850 3319 1944 3384 11155
1964 3342 1996 3385 ra
2019 3323 2051 3388 6.

608 3525 690 3667 1¹1}
1293 3544 1391 3630 Apud
1413 3547 1677 3628 Poaicmaorpiae,
1699 3548 1786 3613 1343
1808 3545 1934 3630 Aprilis
1956 3550 2009 3613 29.

653 3771 692 3835 D.
715 3771 737 3836 1.
760 3770 966 3849 Theoderico,
990 3778 1064 3837 nato
1095 3774 1253 3855 quondam
1284 3775 1417 3839 Dibissii
1449 3775 1488 3838 de
1513 3774 1710 3854 Nonadomo,
1735 3775 1885 3839 canonico
1916 3775 2052 3841 ecclesie

549 3875 651 3938 sancti
667 3875 754 3940 Petri
770 3875 803 3940 in
818 3876 957 3953 Brunna,
971 3875 1192 3941 Olomucensis
1209 3877 1354 3957 diocesis,
1372 3879 1564 3960 iurisperito‚
1582 3895 1606 3942 s.
1631 3877 1824 3942 Litterarum
1841 3878 1996 3944 sciencia.
2009 3930 2015 3943 .
2027 3930 2050 3944 ..

547 3978 700 4043 Volentes
723 3980 832 4060 itaque
854 3980 913 4044 tibi
935 3997 965 4061 p.
990 3980 1009 4043 1.
1034 3999 1063 4061 g.
1086 3979 1107 4045 f.
1132 3999 1167 4059 5.,
1192 3982 1412 4046 canonicatum
1435 3981 1571 4046 ecclesie
1594 3981 1697 4046 sancti
1729 3981 1816 4046 Petri
1846 3981 1879 4045 in
1908 3981 2049 4061 Brunna,

549 4080 770 4147 Olomuconsis
793 4081 938 4159 diocesis,
962 4102 987 4146 c.
1012 4103 1042 4165 p.
1066 4085 1085 4147 i.
1111 4102 1136 4150 c.
1161 4102 1188 4148 a.
1212 4089 1235 4147 t.
1252 4103 1280 4149 5.
1305 4085 1496 4150 conferimus
1519 4090 1553 4150 et
1576 4084 1615 4148 dc
1637 4085 1691 4148 1115
1715 4085 1816 4149 5515111
1837 4085 2051 4167 providemus,

548 4188 743 4268 prebendam
758 4206 842 4265 vero,
860 4188 887 4252 si
904 4207 967 4270 qua
983 4188 1016 4251 in
1031 4189 1117 4253 diota
1139 4189 1275 4254 ecclesia
1297 4195 1392 4254 vacat
1414 4189 1455 4253 ad
1477 4207 1620 4272 presens
1644 4188 1694 4254 vel
1717 4208 1787 4252 cum
1810 4190 2050 4254 vacaverit...

550 4290 772 4355 conferendam
805 4292 864 4356 tibi
880 4342 887 4355 .
905 4342 912 4355 .
931 4342 963 4356 ..
998 4292 1026 4355 d.
1063 4311 1090 4356 5.
1125 4310 1326 4357 reservamus
1343 4344 1349 4356 .
1368 4343 1374 4356 .
1393 4343 1399 4356 .
1418 4311 1444 4370 .;
1468 4311 1531 4357 non
1561 4279 1785 4358 obstantibus.
1804 4342 1811 4357 .
1829 4343 1862 4358 ..
1886 4310 1944 4357 seu
1967 4292 2050 4375 qnod

548 4393 780 4475 parrochialem
810 4395 977 4460 ecclesiam
1008 4397 1040 4460 in
1070 4395 1215 4473 Rudolis,
1239 4395 1323 4460 dicte
1347 4396 1568 4462 Olomucensis
1599 4396 1744 4476 diocesia,
1769 4415 1806 4460 ac
1830 4397 2053 4462 canonicatum

548 4496 683 4561 ecclesie
706 4497 926 4564 Olomucensis
949 4499 1007 4562 snb
1031 4500 1256 4582 cxpectacione
1278 4500 1439 4580 prebende
1462 4501 1603 4566 nosceris
1627 4501 1793 4566 obtinere.
1812 4550 1818 4563 .
1837 4549 1868 4564 ..
1898 4501 1936 4565 D.
1963 4500 2051 4582 apud

549 4599 797 4682 Pontemsorgie,
821 4601 857 4664 A.
883 4600 923 4680 11.,
947 4600 997 4666 Ill
1020 4601 1084 4665 kal.
1109 4602 1188 4667 Maii
1212 4620 1240 4665 a.
1264 4601 1377 4682 primo.

653 4738 691 4803 ln
713 4756 740 4801 e.
764 4757 803 4801 m.
828 4757 876 4802 vv.
900 4738 930 4804 ff.
956 4791 988 4804 ..
1012 4739 1208 4822 Frisingonsi
1231 4745 1264 4805 et
1280 4792 1312 4806 ..
1337 4743 1489 4824 Pragensi
1513 4743 1672 4824 episcopis
1696 4761 1733 4807 55
1750 4793 1756 4806 .
1775 4745 1817 4827 .·)
1837 4740 1866 4805 d.
1883 4741 1904 4806 1.
1930 4742 2051 4807 decano

550 4843 684 4907 ecclesie
708 4840 928 4908 Olomucensis
952 4862 975 4908 s.
993 4894 1000 4907 .
1018 4894 1025 4907 .
1045 4894 1076 4908 ..
1101 4845 1139 4908 D.
1162 4849 1199 4908 ut
1223 4863 1247 4909 s.

654 5056 801 5111 Clementis
819 5056 899 5112 v1n
918 5058 976 5127 1115
995 5059 1050 5125 (75)
1068 5058 1087 5112 f.
1106 5065 1156 5112 253
1175 5075 1200 5113 n.
1222 5065 1297 5126 1227,
1317 5058 1351 5113 de
1370 5059 1533 5127 praebendis
1545 5060 1682 5116 vacaturis
1700 5077 1744 5130 qu.
1764 5062 1881 5116 55.-.11.
1897 5066 1946 5114 155
1965 5061 1984 5119 f.
2000 5067 2050 5116 277

549 5160 576 5197 n.
594 5148 671 5197 1517.
689 5174 722 5183 -
742 5141 791 5196 Ed.
810 5142 894 5196 CDM.
912 5144 965 5198 VII
982 5159 1008 5197 n.
1027 5150 1087 5213 172,
1106 5144 1191 5199 RBM.
1211 5144 1248 5200 IV
1266 5161 1291 5199 n.
1315 5149 1388 5200 1256.
1408 5176 1441 5185 -
1459 5154 1485 5211 a)
1502 5162 1544 5214 ,ac
1558 5187 1563 5199 .
1577 5150 1594 5202 .‘
1613 5163 1753 5203 corrosum
1770 5150 1803 5203 A.
