5184 7050
1894 874 1934 940 61

428 1089 518 1165 igitur
540 1091 683 1149 adversus
713 1095 917 1163 occupatores,
986 1130 1018 1149 ..
1050 1107 1138 1162 super·
1172 1089 1364 1147 restitucione
1395 1086 1562 1147 huiusmodi
1593 1097 1765 1164 castrorum,
1791 1089 1935 1165 villarum,

429 1199 575 1253 terrarum
597 1199 628 1253 et
642 1194 765 1253 aliorum
780 1195 923 1268 locorum,
939 1193 1190 1268 iurisdiccionum,
1206 1193 1314 1252 iurium
1331 1198 1361 1252 et
1375 1192 1518 1252 bonorum
1533 1193 1683 1253 mobilium
1698 1199 1729 1252 et
1743 1193 1936 1270 inmobilium,

428 1298 595 1358 reddituum
610 1313 725 1371 quoque
740 1314 776 1356 ac
790 1302 983 1371 proventuum
999 1301 1030 1355 et
1044 1297 1168 1356 aliorum
1184 1313 1422 1371 quorumcunque
1438 1297 1581 1357 bonorum
1602 1343 1609 1373 ‚
1626 1343 1634 1358 .
1651 1343 1659 1358 .
1676 1342 1684 1357 .
1708 1299 1738 1357 in
1755 1296 1936 1357 contrarium

429 1400 506 1459 edile
528 1417 588 1459 non
611 1400 758 1476 obstante,
779 1400 969 1474 presentibus
990 1405 1060 1475 post
1082 1401 1311 1474 quinquennium
1334 1402 1451 1460 minime
1474 1402 1618 1461 valituris.
1643 1396 1681 1460 D.
1699 1394 1785 1478 apud
1804 1394 1936 1460 villam-

428 1516 553 1576 bonam,
577 1499 614 1563 A.
640 1497 681 1577 d,
708 1498 732 1564 V
755 1498 797 1564 id.
822 1497 1019 1580 Septembris
1042 1516 1071 1562 a.
1095 1498 1206 1580 primo.

531 1684 682 1741 Clementis
699 1684 738 1739 VI
755 1688 780 1738 Δ
798 1686 840 1754 lle
859 1688 915 1754 (61)
934 1684 953 1740 i.
971 1685 1067 1754 62¹,de
1085 1687 1296 1741 conservatoriis
1314 1703 1360 1755 qu.
1379 1685 1480 1740 izv,
1501 1692 1548 1741 151
1567 1686 1586 1741 f.
1602 1693 1689 1741 14811.
1702 1692 1805 1741 vao.-
1819 1688 1842 1755 ι)
1863 1701 1932 1741 corr.

427 1789 461 1825 ex
479 1772 539 1839 ,eis‘
557 1775 591 1827 A.
615 1772 639 1840 b)
658 1787 728 1827 corr.
747 1788 782 1825 ex
799 1776 846 1840 ,et‘
863 1775 897 1826 A.
916 1804 949 1812 —
970 1774 990 1841 ¹)
1010 1773 1050 1828 sic
1068 1788 1179 1843 semper
1195 1771 1346 1843 ,episcopo‘
1358 1772 1412 1841 hie,
1425 1773 1472 1828 ubi
1490 1774 1519 1828 in
1537 1790 1563 1827 n.
1582 1779 1615 1827 92
1633 1773 1729 1843 ,priori
1747 1780 1775 1828 et
1792 1773 1936 1829 iratribus‘

426 1858 536 1915 dieitur.
554 1889 589 1900 -

427 2313 519 2381 106.
554 2313 713 2389 Precatco,
747 2314 891 2398 episcopo
922 2313 1172 2393 l'rcta'stuciercsi,
1200 2313 1388 2394 conceditur,
1419 2317 1455 2378 at
1483 2314 1519 2379 io
1549 2311 1798 2391 Vrutr'stcoieasi,
1824 2311 1936 2391 elopo-

425 2417 526 2482 aa'ensi
546 2421 578 2481 et
595 2416 756 2500 Opolc'erasi
777 2416 918 2482 ecclesiis
939 2417 1074 2498 sinpalis
1093 2419 1239 2501 personis
1261 2416 1449 2499 desiccatis
1465 2415 1702 2482 canonicatibus
1718 2414 1775 2479 stab
1790 2416 1935 2498 expecto·

843 2519 927 2585 tione
942 2519 1201 2604 praebendarum
1218 2520 1385 2605 prouidere
1406 2520 1522 2586 caleat.

472 2709 531 2832 ‚ii
1150 2737 1246 2822 Apud
1277 2735 1515 2815 littamnocom,
1538 2738 1624 2802 1342
1646 2734 1838 2819 Septentrio
1860 2736 1891 2799 9.

533 2970 571 3035 V.
593 2971 615 3034 f.
640 2970 801 3047 Preczlao,
831 2971 981 3051 episcopo
1013 2967 1282 3046 Wratislauiensi‚
1307 2987 1331 3034 s.
1356 2969 1527 3034 Personam
1561 2976 1650 3034 tuam
1684 2969 1775 3033 nobis
1798 2971 1831 3031 et
1855 2985 1931 3048 apo-

428 3075 540 3139 stolice
574 3074 643 3138 sedi
675 3073 824 3138 devotant
854 3084 978 3153 paterna
1008 3079 1209 3137 benivolencia
1242 3086 1453 3152 prosequentes
1476 3082 1555 3139 illam
1578 3080 1633 3138 tibi
1655 3080 1785 3154 graciam
1806 3077 1933 3136 libenter

427 3185 630 3260 impendimus,
652 3202 705 3258 per
727 3202 813 3258 quam
836 3190 864 3242 te
888 3184 1011 3242 reddere
1033 3185 1132 3241 valeus
1155 3184 1222 3242 aliis
1244 3186 1419 3257 graciosum.
1443 3178 1521 3243 Tuis
1544 3178 1653 3259 itaque
1672 3176 1796 3241 devotis
1813 3174 1934 3257 suppli·

428 3283 611 3348 cacionibus
634 3282 778 3347 inclinati
801 3281 996 3345 fraternitati
1018 3284 1074 3345 tue
1097 3280 1283 3361 providenti
1307 3281 1367 3346 hac
1390 3284 1459 3348 vice
1483 3283 1676 3347 auctoritate
1700 3279 1877 3360 apostolica
1901 3279 1932 3343 in

427 3393 483 3452 tna
517 3387 776 3451 Wratislaniensi
815 3392 848 3450 et
882 3385 1088 3465 Glogouiensi
1104 3386 1129 3465 ⁸)
1164 3404 1201 3448 ac
1235 3385 1439 3466 Oppoliensi,
1474 3384 1752 3449 Wratislauiensis
1787 3383 1934 3460 diocesis

427 3492 572 3558 ecclesiis
595 3490 729 3573 singulis
752 3490 897 3571 personis
920 3489 1044 3554 idoneis
1068 3490 1170 3554 eciam
1194 3489 1275 3555 alias
1298 3488 1507 3569 beneficiatis
1532 3508 1612 3572 quas
1636 3489 1676 3553 ad
1710 3488 1770 3553 boc
1805 3486 1934 3551 duxeris

428 3596 603 3678 eligendas,
626 3595 666 3658 de
689 3595 823 3678 singulis
845 3594 1085 3658 canonicatibus
1116 3594 1257 3675 ipsarum
1289 3595 1495 3659 ecclesiarum
1527 3613 1597 3658 cum
1625 3592 1825 3675 plenitudine
1857 3592 1935 3656 iuris

430 3700 574 3764 canonici
598 3723 632 3764 ac
656 3705 783 3764 faciendi
805 3722 859 3777 per
882 3710 910 3764 te
933 3705 979 3762 vel
1002 3706 1089 3763 alium
1113 3723 1165 3763 scu
1188 3706 1263 3763 alios
1286 3722 1427 3778 personas
1451 3706 1531 3778 ipsas
1554 3705 1584 3762 in
1616 3704 1724 3761 eisdem
1748 3703 1881 3761 ecclesiis
1904 3703 1934 3760 in

430 3812 589 3871 canonicos
612 3811 705 3884 recipi
728 3815 758 3868 et
780 3810 809 3867 in
834 3807 954 3883 iratres,
978 3810 1063 3868 stallo
1089 3810 1146 3868 sibi
1168 3812 1198 3868 in
1223 3810 1314 3869 choro
1338 3815 1368 3868 et
1391 3811 1455 3868 loco
1478 3810 1507 3867 in
1532 3807 1660 3881 capitulo
1683 3807 1812 3880 ipsarum
1842 3807 1935 3865 eccle-

427 3916 537 3973 siarum
560 3931 625 3972 cum
647 3913 828 3986 plenitudine
851 3913 926 3971 iuris
951 3914 1085 3971 canonici
1107 3904 1275 3988 assignatis,
1291 3913 1324 3972 et
1347 3906 1569 3972 nichilominus
1586 3904 1728 3987 singulae
1745 3903 1934 3984 prebendae,

427 4013 453 4077 si
476 4014 510 4078 in
533 4011 629 4076 dictis
652 4011 796 4076 ecclesiis
819 4016 894 4076 tunc
919 4012 1086 4090 vacabunt,
1104 4011 1152 4075 vel
1170 4031 1241 4076 cunr
1257 4012 1335 4075 inibi
1351 4011 1545 4089 vacaverint,
1562 4034 1633 4089 quas
1650 4016 1762 4089 singule
1778 4015 1936 4073 earundem

427 4139 619 4197 personarum
649 4138 703 4195 per
732 4138 764 4179 se
794 4122 840 4178 vel
869 4129 1079 4194 procuratores
1114 4140 1182 4180 suos
1216 4123 1253 4180 ad
1286 4123 1343 4180 boc
1374 4122 1503 4195 legitime
1535 4121 1711 4180 constitutos
1742 4118 1822 4177 inira
1850 4119 1935 4177 unius

427 4228 534 4287 mensis
557 4227 699 4299 spacium,
722 4231 877 4299 postquam
899 4225 971 4298 ipsis
995 4226 1039 4284 vel
1062 4228 1306 4299 procuratoribus
1329 4226 1472 4299 predictis
1496 4226 1531 4283 dc
1554 4226 1670 4283 illarum
1684 4222 1843 4281 vocacione
1866 4239 1936 4280 con·

427 4329 548 4403 stiterit,
571 4328 711 4387 (luxerint
733 4330 938 4403 acceptandas,
963 4323 1172 4389 conferendas
1195 4325 1315 4388 eisdem
1331 4324 1476 4405 personis
1492 4335 1560 4403 post
1575 4328 1812 4401 acceptationem
1835 4326 1935 4384 huius-

426 4435 502 4494 modi
527 4452 592 4492 cum
616 4433 749 4491 omnibus
773 4432 887 4491 iuribus
910 4439 941 4490 et
962 4435 1154 4507 pertinenciis
1171 4435 1238 4492 ‘suis
1263 4428 1429 4492 donationi
1453 4432 1509 4492 tue
1532 4426 1716 4509 specialiter
1748 4423 1936 4488 reservandi

426 4555 459 4597 ac
481 4538 636 4596 inhibendi
659 4537 881 4595 successoribus
903 4536 973 4610 tuis,
996 4538 1143 4611 episeopis
1167 4538 1474 4613 Wratislauiensibus,
1490 4538 1540 4610 qui
1563 4542 1650 4595 erunt
1671 4552 1726 4608 pro
1749 4539 1890 4608 tempore,
1906 4538 1936 4591 et

427 4642 543 4701 dilectis
573 4639 642 4699 filiis
674 4641 810 4713 capitulis
822 4630 849 4713 Ι’)
874 4640 1017 4698 dictarum
1050 4643 1238 4700 ecclesiarum
1269 4660 1303 4701 ac
1338 4644 1380 4701 illi
1404 4643 1449 4700 vel
1473 4642 1543 4716 illis,
1566 4642 1603 4700 ad
1627 4659 1711 4715 quem
1734 4644 1780 4701 vel
1802 4644 1840 4701 ad
1862 4660 1935 4715 quos

425 4744 639 4819 prebendarum
664 4744 798 4819 collacio,
813 4744 953 4817 provisio,
970 4747 1155 4817 presentacio
1174 4749 1219 4804 vel
1235 4748 1337 4819 (quevis
1353 4746 1412 4803 alia
1435 4745 1594 4819 disposicio
1616 4747 1646 4804 in
1670 4748 1779 4805 eisdem
1801 4748 1936 4807 ecclesiis

424 4849 574 4922 pertinent
597 4850 789 4906 communiter
803 4849 849 4906 vel
867 4848 991 4922 divisim,
1008 4866 1044 4906 ne
1060 4851 1095 4907 dc
1111 4850 1268 4923 prebendis
1292 4850 1459 4908 huiusmodi
1474 4849 1593 4908 interim
1610 4851 1700 4909 eciam
1716 4856 1784 4911 ante
1800 4856 1935 4925 accepta-

425 4954 538 5012 cionem
561 4952 734 5025 predictam,
751 4952 807 5009 nisi
829 4957 982 5025 postquam
1006 4953 1048 5010 eis
1073 4954 1251 5027 constiterit,
1267 4953 1345 5026 quod
1368 4971 1493 5027 persone
1516 4955 1560 5013 vel
1584 4960 1793 5028 procuratores
1809 4954 1936 5029 predicti

421 5058 489 5116 illas
512 5056 663 5115 noluerint
686 5061 852 5129 acceptare,
871 5061 1040 5128 presumant
1057 5056 1214 5129 disponere
1229 5057 1444 5132 quoquomodo,
1461 5058 1611 5130 dictasque
1628 5059 1757 5132 singulas
1772 5060 1936 5133 prebendas

421 5160 532 5219 eisdem
556 5160 678 5232 singulis
700 5159 836 5232 personis
860 5176 924 5217 cum
948 5161 1035 5218 dictis
1059 5160 1172 5218 iuribus
1196 5167 1225 5218 ct
1248 5162 1439 5234 pertinenciis
1462 5163 1641 5220 auctoritate
1673 5163 1807 5235 predicta
1837 5162 1936 5222 confe-

422 5265 519 5337 rendi,
543 5262 700 5321 inducendi
723 5263 815 5321 eciam
837 5281 891 5336 per
915 5269 943 5321 te
966 5264 1011 5321 vel
1035 5264 1124 5322 alium
1148 5282 1199 5322 seu
1222 5266 1297 5324 alios
1320 5282 1461 5338 personas
1485 5266 1611 5341 easdem,
1635 5267 1740 5339 quibus
1770 5268 1936 5327 huiusmodi

423 5367 591 5443 prebendas
615 5367 786 5441 contuleris,
808 5368 854 5426 vel
876 5368 1005 5441 ipsarum
1030 5373 1239 5439 procuratores
1270 5386 1371 5427 earum
1400 5372 1515 5428 nomine
1546 5370 1575 5428 in
1608 5372 1789 5444 corporalem
1819 5390 1937 5445 posses·

422 5471 535 5531 sionem
558 5470 740 5544 singularum
761 5470 908 5529 huismodi
931 5472 1145 5543 prebendarum
1169 5478 1199 5530 et
1222 5470 1397 5531 defendendi
1420 5474 1556 5531 inductas
1580 5475 1710 5547 ipsisque
1740 5474 1869 5535 faciendi
1900 5477 1936 5535 de

422 5575 554 5648 ipsorum
588 5575 812 5633 canonicatuum
846 5580 876 5631 et
910 5574 1124 5647 prebendarum
1155 5575 1311 5651 fructibus,
1343 5577 1518 5651 redditibus,
1541 5580 1744 5653 proventibus,
1768 5580 1883 5638 iuribus
1908 5585 1937 5639 et

422 5678 654 5737 obventionibus
678 5678 823 5736 universis
846 5679 960 5752 integro
983 5680 1165 5754 responderi,
1190 5682 1424 5740 contradictores
1448 5699 1562 5754 qnoque
1592 5684 1771 5741 arrctoritate
1802 5685 1937 5756 prodicta

420 5801 474 5857 per
498 5800 652 5842 censuram
674 5783 905 5844 ecclesiasticam
928 5784 1128 5856 appellacione
1150 5786 1316 5858 postposita
1342 5788 1555 5862 compescendi,
1578 5784 1668 5863 paon
1689 5787 1880 5844 obstantibus
1896 5787 1937 5845 de
