5184 7050
553 797 598 878 24

544 1021 610 1089 39.
636 1020 808 1097 Tlierrica,
831 1026 907 1086 uoto
929 1022 1089 1090 Jolannis
1107 1022 1146 1087 cle
1160 1023 1332 1104 Busconie‚
1350 1021 1536 1108 providetm
1552 1024 1595 1088 acl
1608 1022 1869 1106 supplicationem
1886 1022 2055 1099 Joltunnis,

543 1127 626 1206 repis
657 1125 836 1204 Bobemiae,
847 1125 872 1206 ¹)
902 1126 940 1190 cle
975 1127 1165 1191 canonicatu
1196 1127 1346 1193 ecclcsiae
1378 1129 1484 1192 sancti
1520 1128 1693 1208 Gorrperici
1727 1126 1966 1192 Cameracensis
1999 1127 2055 1190 sub

545 1230 759 1313 expectatione
777 1229 987 1313 praebendae.
1033 1232 1086 1306 ,D.
1110 1229 1265 1295 Auiuione
1286 1230 1351 1296 ital.
1374 1231 1459 1299 Julii
1488 1255 1518 1298 a.
1537 1232 1664 1315 primo‘
1710 1233 1826 1296 Forma
1856 1232 1949 1294 utin
1971 1252 2002 1294 n.
2025 1232 2054 1295 6.

589 1435 632 1578 il
695 1563 702 1577 ο
1580 1455 1742 1534 Acinione,
1766 1458 1852 1521 1342
1875 1455 1960 1524 Julii
1981 1460 2013 1522 1.

650 1697 800 1752 Clementis
818 1697 856 1750 VI
875 1698 900 1750 A
919 1698 979 1766 llll)
997 1699 1053 1765 (70)
1072 1696 1090 1750 f.
1109 1702 1187 1751 0011.
1208 1702 1283 1764 roto,
1302 1695 1336 1750 de
1354 1696 1521 1765 praebendis
1541 1697 1676 1751 vacaturis
1697 1713 1740 1764 qu.
1761 1703 1837 1750 49:
1850 1698 1882 1751 V.
1903 1703 1952 1751 100
1972 1696 2053 1752 1184

544 1802 570 1839 n.
594 1789 668 1840 1oto.
689 1816 720 1825 —
742 1787 761 1849 ¹)
782 1785 947 1855 supplicatio
966 1785 1020 1840 ista
1038 1801 1093 1840 non
1112 1793 1154 1840 est
1171 1791 1291 1854 reperta.

1199 2008 1403 2015 -——.—-

545 2222 609 2291 40.
632 2221 752 2290 Jacobo
775 2221 812 2285 tle
832 2220 1002 2286 Villaribus
1019 2220 1205 2304 providetur
1220 2221 1264 2285 ad
1277 2220 1540 2304 supplicationem
1555 2220 1724 2299 Julianus,
1740 2221 1823 2300 repis
1840 2219 2020 2299 Belemina
2032 2219 2055 2300 ¹)

547 2327 584 2390 cle
615 2327 807 2391 canonicatu
838 2325 988 2391 ecclesiae
1020 2325 1126 2390 sancti
1147 2325 1307 2392 Jolraunis
1330 2323 1510 2390 Leodiertsis
1533 2325 1590 2389 sub
1612 2326 1826 2407 expectatione
1842 2324 2055 2408 praebendae.

796 2432 850 2506 ,D.
874 2430 1032 2496 Auiuione
1053 2428 1117 2495 kal.
1141 2428 1225 2497 Julii
1248 2430 1424 2513 aprima}
1470 2431 1586 2502 Forma
1609 2433 1644 2492 ut
1667 2430 1701 2493 in
1723 2451 1754 2494 n.
1777 2430 1809 2493 6.

655 2541 705 2751 ὲ..
1537 2629 1699 2705 Aoinione,
1721 2631 1808 2694 1342
1830 2629 1914 2697 Julii
1934 2633 1966 2697 1.

651 2871 801 2925 Clementis
819 2871 858 2924 Vl
876 2871 901 2923 A
920 2870 979 2941 Ille
998 2875 1054 2938 (70)
1074 2869 1092 2924 f.
1113 2873 1171 2923 114'
1192 2887 1217 2923 n.
1234 2876 1309 2938 1047,
1328 2870 1362 2923 dc
1381 2870 1547 2939 praebendis
1566 2871 1702 2924 vacaturis
1716 2889 1760 2940 qn.
1773 2876 1807 2924 00
1821 2871 1897 2924 :V.
1912 2876 1961 2923 106
1975 2869 1992 2924 f.
2006 2875 2056 2924 100

547 2976 573 3014 n.
594 2963 669 3013 1017.
688 2989 721 2998 -
742 2959 762 3026 ¹)
782 2957 948 3027 supplicatio
967 2957 1020 3011 ista
1038 2974 1092 3012 non
1112 2965 1154 3011 cst
1171 2965 1290 3026 reperta.

548 3397 613 3463 41.
643 3393 778 3460 Nicolao
808 3395 897 3458 Petri
926 3394 964 3458 de
993 3396 1101 3459 Boreo
1125 3395 1312 3476 prooirlctnr
1342 3395 1386 3458 uel
1407 3393 1669 3478 supplicationem
1691 3393 1860 3470 Julianus,
1883 3395 1967 3474 repis
1990 3399 2055 3457 Bo·

547 3499 678 3581 lremiae
689 3500 713 3583 ¹)
736 3499 774 3564 de
796 3500 987 3565 canonicatu
1008 3498 1157 3563 ecclesiae
1178 3498 1413 3564 Suessioneusis
1434 3498 1490 3563 sub
1513 3500 1725 3582 expectatione
1754 3499 1965 3582 praebendae.
2001 3499 2055 3578 ,D.

828 3604 986 3669 Aninione
1007 3603 1071 3669 ital.
1094 3602 1178 3671 Julii
1201 3626 1231 3668 a.
1250 3605 1378 3687 primo!
1422 3606 1539 3668 Forma
1561 3608 1597 3666 ut
1618 3605 1653 3668 in
1675 3627 1704 3669 n.
1728 3607 1759 3668 6.

654 3713 693 3924 {-
1579 3804 1742 3880 Aninione,
1765 3803 1958 3872 13427001
1980 3808 2010 3872 1.

619 3783 627 3857 l

592 3871 635 3927 .x

653 4045 800 4100 crementis
819 4045 857 4098 u
876 4047 899 4098 n
919 4045 978 4115 rsus
999 4047 1054 4112 (ro)
1073 4044 1091 4099 f.
1115 4010 1163 4097 ise
1183 4062 1208 4098 n.
1229 4050 1304 4113 reis,
1316 4044 1349 4099 ne
1368 4045 1533 4114 praebentis
1552 4046 1690 4100 vacatura
1709 4047 2051 4116 qu.so:v.1sef.1oe‘

549 4150 575 4187 n.
596 4139 670 4188 1048.
690 4165 722 4174 -
744 4135 763 4202 ¹)
783 4132 948 4202 supplicatio
967 4132 1020 4186 ista
1039 4148 1094 4186 non
1112 4140 1155 4187 est
1172 4140 1291 4201 repertu.

549 4573 614 4639 42.
643 4571 777 4635 Nicasio
811 4570 849 4635 oe
878 4567 1073 4647 Waureclrin,
1104 4569 1268 4653 capellano
1290 4570 1460 4649 lobannis,
1491 4571 1574 4651 repis
1603 4570 1783 4645 Bolentiae,
1802 4570 1989 4653 providetur
2011 4569 2054 4634 acl

548 4674 810 4759 supplicationem
833 4675 911 4738 dicti
933 4675 1016 4754 repis
1031 4674 1054 4756 ¹)
1077 4675 1115 4739 cle
1138 4678 1328 4739 cananicotu
1350 4674 1499 4738 ecclesiae
1512 4672 1753 4738 Crtrrterncensis
1769 4675 1825 4739 sub
1841 4676 2054 4758 expectatione

673 4777 882 4862 praebemlue.
920 4780 974 4854 ,D.
997 4779 1154 4843 Aninione
1175 4778 1238 4845 lul.
1262 4778 1346 4844 Julii
1369 4801 1399 4844 a.
1419 4780 1546 4862 pruno!
1584 4780 1699 4843 Forma
1722 4782 1758 4842 ut
1780 4781 1813 4843 in
1837 4802 1866 4843 n.
1891 4783 1921 4845 6.

592 4959 633 5100 li
698 5085 706 5100 ο
1578 4979 1741 5060 Acinione,
1763 4983 1850 5045 1342
1872 4978 1958 5047 Julii
1977 4983 2009 5046 l.

654 5219 802 5273 Clementis
821 5220 858 5272 VI
877 5221 902 5271 A
920 5220 980 5289 Ille
999 5222 1053 5288 (70)
1073 5219 1162 5274 0107
1182 5235 1207 5271 n.
1229 5224 1303 5287 1007,
1323 5218 1357 5273 da
1376 5217 1542 5290 praebendis
1563 5220 1699 5274 vacaturis
1712 5236 1756 5288 qu.
1770 5220 1889 5274 51:V.
1908 5226 1957 5274 106
1970 5221 1989 5274 t.
2002 5227 2054 5276 204

549 5325 576 5362 n.
598 5313 672 5361 1067.
691 5338 724 5348 -
745 5309 764 5377 ¹)
785 5308 949 5376 supplicatio
968 5308 1021 5361 ista
1039 5322 1095 5361 non
1114 5314 1156 5361 est
1173 5315 1294 5376 reperta.
