5184 7050
1978 865 2037 928 161

531 1068 662 1144 cionem,
687 1086 782 1149 pres,
807 1086 895 1149 proc.
920 1086 976 1131 scu
1000 1088 1029 1147 o.
1054 1088 1082 1129 a.
1108 1066 1137 1130 d.
1156 1116 1187 1130 ..
1213 1067 1325 1130 clerani
1346 1073 1379 1131 et
1395 1068 1527 1148 capituli
1552 1068 1687 1132 ecclesie
1710 1070 1810 1133 sancti
1836 1071 1999 1152 Syrrreonis
2014 1084 2039 1139 “l

530 1193 554 1234 c..
579 1171 629 1235 rel
654 1170 683 1234 d.
709 1171 940 1252 spectantibus,
979 1170 1166 1235 vacantibus
1190 1171 1238 1234 uel
1271 1172 1413 1250 proximo
1444 1174 1614 1248 vacaturis,
1650 1172 1742 1236 simul
1774 1173 1825 1236 rel
1848 1175 2038 1252 successive,

529 1275 701 1356 dignemini
721 1273 899 1355 prouidere,
923 1294 993 1339 cum
1010 1275 1244 1353 acceptacione,
1270 1273 1471 1353 inbibicione,
1496 1277 1724 1353 reseruacione,
1749 1275 1877 1340 decreto
1900 1283 1932 1341 et
1953 1277 2039 1341 clau-

529 1377 600 1442 sula
624 1378 787 1457 anteferri,
820 1396 890 1442 cum
914 1376 987 1441 aliis
1011 1377 1156 1442 omnibus
1179 1397 1240 1442 non
1264 1378 1466 1442 obstantibus
1490 1384 1522 1442 et
1546 1380 1699 1444 clausulis
1723 1381 1888 1459 oportunis
1911 1387 1943 1445 et
1966 1400 2039 1445 ere-

529 1483 703 1546 cutoribus.

633 1585 707 1649 Fiat
735 1585 802 1666 R.¹)
847 1586 891 1651 Et
913 1604 941 1666 q.
967 1589 988 1649 t.
1014 1604 1038 1650 s.
1063 1604 1091 1649 a.
1116 1584 1136 1648 l.
1184 1586 1256 1650 Fiat
1287 1586 1325 1650 a.
1359 1587 1397 1650 D.
1432 1586 1590 1651 Aninione
1624 1586 1720 1653 XIIII
1755 1586 1817 1651 kal.
1852 1589 2039 1653 Decembris

526 1707 554 1753 a.
583 1689 734 1753 secundo.

631 1867 781 1923 ClemeutIs
798 1869 837 1923 VI
854 1868 872 1923 S
890 1870 946 1939 llll
967 1872 1005 1939 (3)
1024 1871 1042 1925 I.
1062 1875 1103 1924 57.
1122 1901 1155 1912 -
1182 1875 1206 1937 ⁸)
1226 1870 1324 1937 ,sancti
1350 1869 1501 1938 Symeonis‘
1523 1872 1681 1940 suppletum
1706 1889 1790 1943 supra
1808 1871 1834 1928 S.
1853 1903 1885 1912 —
1907 1874 1927 1939 ¹)
1946 1873 2038 1930 littera

527 1956 581 2011 iata
599 1971 656 2009 nou
678 1961 722 2010 est
739 1962 857 2024 reperta.

527 2490 621 2555 265.
662 2489 784 2562 Iatrus,
819 2488 917 2553 rabbus
941 2490 1125 2553 rimaosterii
1149 2490 1268 2554 Montis
1290 2488 1377 2564 Sion,
1411 2489 1581 2573 supplicat,
1615 2494 1771 2572 quotenus
1793 2491 1855 2554 sibi
1876 2496 1906 2555 et
1927 2512 2034 2556 ricono-

524 2593 620 2656 sterio
651 2613 708 2656 suo
731 2598 962 2658 conservatores
993 2594 1206 2659 concedantur
1227 2599 1257 2657 et
1278 2593 1396 2661 Jacobo
1418 2595 1549 2660 Antonii
1571 2595 1609 2658 de
1633 2596 1767 2659 Baeo'ica
1788 2595 1825 2658 de
1848 2596 2036 2661 crraoiricotu

712 2702 743 2761 et
759 2697 943 2781 praebendo
966 2699 1002 2761 in
1023 2698 1154 2762 ecclesia
1179 2697 1409 2762 Boleslavr'easi
1429 2699 1618 2764 coeuntibus
1634 2700 1853 2781 provideatur.

1436 2889 1599 2968 Avisioae,
1623 2892 1709 2955 1343
1732 2889 1917 2954 Novembris
1939 2894 1990 2954 22.

632 3081 800 3162 Supplicat
830 3082 861 3146 S.
886 3082 921 3145 V.
955 3081 1070 3145 devota
1101 3086 1249 3145 creatura
1280 3086 1388 3144 restra
1421 3081 1522 3144 irator
1555 3082 1679 3159 Petrus,
1715 3081 1814 3146 abbas
1849 3082 2034 3145 uronasterii

528 3185 738 3265 llontissyon,
762 3186 883 3250 ordinis
906 3186 1221 3262 Premonstratensis,
1246 3185 1416 3266 Pragensis
1439 3185 1585 3263 diocesis
1609 3191 1767 3266 quatenus
1791 3185 1851 3248 sibi
1875 3191 1907 3249 et
1927 3205 2035 3249 mona-

526 3289 625 3353 sterio
661 3308 718 3354 suo
749 3289 923 3353 concedere
959 3289 1130 3371 ‹ligmemini
1166 3294 1404 3353 conseruatores
1437 3294 1472 3353 ut
1503 3290 1533 3353 in
1564 3290 1664 3353 tonna
1695 3289 1820 3353 concilii
1844 3289 2034 3353 Viennensis

525 3393 761 3474 imperpetuum
783 3393 834 3456 uel
858 3393 898 3457 ad
918 3399 1054 3475 tempus,
1079 3393 1251 3458 secundum
1275 3392 1359 3474 (prod
1383 3392 1485 3457 cidem
1504 3393 1534 3458 S.
1551 3392 1588 3457 V.
1605 3393 1767 3456 videbitur
1789 3393 2031 3457 concedendum·

632 3496 705 3562 Fiat
729 3497 764 3561 R.
789 3497 838 3562 Ad
861 3498 1033 3562 trienninm
1056 3497 1122 3579 R.¹)

632 3602 714 3665 Item
746 3602 915 3683 supplicat,
946 3608 1104 3682 quatenus
1135 3602 1196 3666 sibi
1228 3604 1259 3665 in
1289 3619 1457 3683 personam
1490 3602 1598 3666 dilecti
1634 3601 1800 3665 familiaris
1834 3602 1883 3666 sui
1918 3600 2031 3665 Jacobi

529 3704 690 3786 quondam
728 3704 879 3769 Antlronii
918 3705 957 3768 de
994 3706 1155 3783 boemica,
1168 3717 1193 3786 ¹)
1238 3706 1424 3770 subdiaconi
1463 3706 1631 3786 Pragensis
1673 3706 1826 3783 diocesiS,
1861 3704 2033 3787 specialem

527 3808 669 3891 gnasiani
692 3808 859 3887 facientes,
890 3809 930 3873 de
953 3810 1140 3874 canonicatu
1164 3817 1198 3875 et
1218 3811 1381 3892 prebenda
1412 3810 1547 3873 ecclesie
1574 3810 1741 3891 collegiate
1771 3809 2032 3886 BolezlaniensiS,

529 3914 655 3995 circlate
688 3914 835 3991 diocesis,
873 3915 1059 3979 vacantibus
1093 3915 1177 3996 apud
1213 3915 1320 3979 sedern
1355 3914 1562 3995 apostolicam
1596 3932 1654 3993 per
1686 3915 1937 3978 reservationem
1961 3912 1982 3976 l.
2006 3932 2031 3977 r.

528 4017 645 4082 domini
677 4015 834 4081 lobannis
864 4036 948 4099 pape
977 4018 1081 4096 XXII,
1116 4018 1353 4100 predecessoris
1377 4019 1484 4097 vestri,
1519 4036 1598 4099 quos
1628 4023 1770 4099 temporo
1804 4017 2033 4081 reseruacionis

529 4120 675 4202 predicte
705 4122 809 4184 tenuit
832 4126 865 4184 et
887 4122 1031 4202 possedit
1062 4122 1206 4186 dominus
1237 4121 1388 4198 Mathias,
1423 4121 1581 4202 quondam
1612 4122 1793 4202 prepositus
1824 4121 1972 4187 sacensis
1996 4140 2033 4184 ac

528 4225 613 4289 dicte
637 4224 773 4289 ecclesie
795 4225 1049 4290 Bolezlauiensis
1075 4226 1247 4290 canonicus
1270 4224 1496 4307 prebendatuS,
1527 4224 1581 4306 qui
1605 4225 1688 4289 diem
1712 4225 1828 4290 clausit
1858 4229 2032 4288 extremum

527 4334 601 4412 post
630 4329 883 4394 reservacionem
913 4334 1129 4408 memoratam,
1161 4331 1252 4395 cuius
1282 4329 1427 4395 redditus
1457 4333 1490 4393 ot
1511 4333 1685 4410 proventus
1714 4346 1825 4392 norem
1856 4347 2031 4392 nrarcarum

530 4433 655 4517 argenti
679 4450 832 4497 sunnnam
855 4452 992 4497 annuam
1015 4453 1077 4497 non
1101 4434 1267 4512 excedunt,
1295 4434 1398 4498 eidem
1421 4432 1542 4499 Iacobo
1567 4432 1606 4495 de
1627 4432 1825 4514 benignitate
1848 4432 1933 4495 sedis
1957 4449 2032 4513 apo-

528 4537 642 4603 stolice
672 4537 844 4619 dignemini
873 4538 1123 4602 misericorditer
1152 4537 1329 4619 providere,
1365 4536 1606 4614 nonobstante,
1641 4537 1724 4617 quod
1756 4536 1884 4617 quidam
1907 4536 2032 4600 nomine

528 4640 731 4706 Hemrannus
763 4641 850 4722 ipsos
882 4640 920 4704 de
944 4642 1028 4706 iacto
1058 4648 1146 4705 tenet
1177 4649 1209 4707 ct
1231 4642 1335 4705 tenuit
1365 4644 1546 4720 occupatos,
1581 4644 1614 4702 et
1637 4640 1719 4720 quod
1755 4639 1859 4703 dictus
1893 4639 2033 4703 lacobus

528 4745 716 4810 beneficium
741 4763 812 4808 curn
836 4764 912 4808 cura
935 4745 985 4809 vol
1009 4746 1077 4809 sine
1101 4765 1176 4809 cura
1201 4746 1240 4809 ad
1256 4745 1460 4808 collusionem
1483 4747 1542 4806 etc.
1568 4743 1694 4807 abbatis
1717 4748 1750 4806 et
1772 4749 1945 4808 conventus
1967 4762 2032 4807 mo-

528 4849 663 4915 nestorii
688 4850 719 4912 in
737 4848 857 4927 Insula,
881 4848 1001 4913 ordinis
1024 4850 1127 4913 sancti
1149 4849 1326 4926 Benedicti,
1349 4847 1519 4928 Progensis
1542 4847 1688 4925 diocesis,
1712 4848 1904 4911 auctoritato
1926 4848 2032 4928 gracie

526 4972 584 5036 per
614 4954 646 5019 S.
680 4951 717 5015 V.
750 4953 782 5015 in
813 4954 914 5017 forma
945 4954 1099 5016 communi
1131 4953 1190 5016 sibi
1222 4954 1307 5017 facte
1338 4952 1480 5015 noscitur·
1509 4956 1688 5031 expectare,
1724 4969 1793 5014 curn
1824 4951 1940 5014 ceteris
1970 4970 2031 5015 non

527 5057 732 5123 obstantibus
756 5062 790 5120 et
812 5057 964 5121 clausulis
987 5058 1152 5136 oportunis
1176 5076 1213 5120 ac
1236 5056 1468 5119 executoribus.

631 5161 706 5226 Fiat
729 5161 795 5240 iifl)
818 5162 861 5225 Et
884 5180 913 5242 q.
936 5166 960 5226 t.
985 5180 1009 5224 S.
1034 5180 1062 5225 a.
1079 5162 1098 5225 l.
1123 5161 1196 5224 Fiat
1211 5161 1247 5224 a.
1273 5161 1311 5224 Ι).
1329 5160 1487 5223 Auinione
1510 5158 1618 5222 Xkal.
1635 5159 1821 5223 Decembris
1837 5179 1864 5223 a.
1882 5159 2030 5224 secundo.

629 5347 780 5404 Clementis
799 5348 836 5401 Vl
855 5348 874 5401 S
891 5348 947 5418 llll
967 5352 1005 5415 (3)
1025 5352 1076 5402 72'.
1096 5380 1128 5390 -
1155 5354 1177 5413 u)
1196 5349 1235 5402 sic
1252 5348 1278 5401 S.
1299 5379 1332 5388 -
1353 5349 1371 5413 ¹)
1391 5347 1461 5401 Vide
1480 5364 1507 5401 n.
1525 5353 1585 5400 ⁶266.
1605 5349 1624 5414 l)
1644 5346 1705 5400 vide
1723 5364 1750 5399 n.
1768 5352 1828 5400 ⁴267.
