5184 7050
1986 814 2050 890 arv

645 1028 727 1094 Item
756 1034 915 1110 quatenus
946 1029 1081 1110 Andree,
1110 1034 1185 1095 nato
1216 1029 1354 1096 conradi
1377 1030 1417 1096 de
1439 1030 1579 1110 Keimer,
1604 1016 1758 1113 oppidani
1786 1031 1817 1095 in
1841 1027 2051 1109 Melriohstat,

541 1129 785 1214 Herbipolensis
808 1133 954 1212 diocesia,
978 1135 1174 1217 presbytero,
1198 1136 1238 1199 de
1261 1135 1368 1217 aliquo
1390 1134 1544 1201 beneficio
1567 1135 1783 1200 ecclesiastico
1808 1153 1878 1199 cum
1901 1151 1978 1198 cura
2000 1132 2051 1197 vel

540 1236 613 1300 sine
637 1257 725 1314 cura,
749 1244 913 1318 spectante
937 1240 1144 1302 communiter
1166 1239 1216 1303 vel
1240 1239 1366 1305 divisim
1388 1240 1428 1304 ad
1452 1239 1666 1319 collacionem,
1682 1239 1964 1320 presentacionem,
1981 1255 2053 1320 pro-

542 1340 697 1405 visionem
720 1360 777 1405 seu
800 1344 943 1424 quamvis
966 1343 1060 1408 aliam
1083 1344 1327 1425 disposicionem
1350 1343 1486 1422 abbatis,
1507 1345 1617 1409 decani
1634 1351 1668 1410 ct
1681 1349 1854 1409 conventus
1869 1341 2052 1407 monasterii

540 1447 647 1509 sancti
671 1446 826 1511 Bonilacii
850 1447 1029 1525 l'uldensis,
1053 1448 1172 1512 ordinis
1188 1448 1289 1513 sancti
1305 1447 1481 1527 Benedicti,
1498 1446 1742 1530 Herbipolensis
1759 1448 1904 1527 diocesis,
1920 1451 2053 1512 vacante

540 1548 595 1612 vel
618 1557 779 1628 vacaturo,
803 1551 907 1614 eidem
930 1552 1057 1616 Andree
1080 1552 1251 1635 dignemini
1273 1553 1524 1617 misericorditer
1546 1553 1723 1635 providere,
1748 1571 1817 1617 cum
1847 1550 1934 1638 [non]
1950 1552 1975 1637 ε)
1999 1553 2053 1617 ob-

540 1654 704 1717 stantibus
727 1661 759 1719 et
782 1655 934 1719 clausulis
957 1658 1122 1737 oportunis
1145 1676 1183 1721 ac
1206 1658 1429 1722 executoribus
1452 1662 1521 1734 etc,
1539 1658 1774 1734 nonobstante,
1791 1657 1874 1739 quod
1891 1657 2054 1738 predictus

541 1757 691 1821 Andreas
722 1759 930 1840 capellaniam
953 1761 1126 1842 vulgariter
1149 1761 1299 1846 Reynbns
1322 1762 1449 1840 dictam,
1476 1761 1666 1843 parrochiali
1688 1760 1823 1825 ecclesie
1845 1761 1954 1842 oppidi
1976 1779 2050 1843 pre·

543 1860 623 1925 dicti
648 1862 854 1928 Mesricbstat
876 1884 1039 1944 arinexam,
1064 1866 1148 1931 dicte
1173 1865 1321 1944 diocesis,
1345 1867 1487 1931 noscitur
1510 1866 1663 1931 obtinere.

651 1966 723 2031 Fiat
746 1973 806 2032 etc.
831 1969 868 2032 R.
894 1993 900 2005 ·
1559 2037 1560 2041 ,

653 2073 732 2136 ltem
756 2074 924 2156 supplicat,
948 2081 1106 2156 quatenus
1130 2074 1305 2154 Gerlrardo,
1330 2081 1404 2140 nato
1434 2074 1592 2156 quondam
1615 2074 1782 2141 Theodrici
1814 2074 1853 2138 de
1875 2073 2054 2165 Botilsietc,

545 2175 736 2256 presbytero
760 2177 945 2258 Magantine
968 2180 1113 2256 diocesis,
1138 2181 1178 2245 de
1202 2181 1388 2244 canonicatu
1412 2180 1545 2244 ecclesie
1569 2180 1669 2244 sancti
1693 2179 1813 2257 Seueri,
1837 2178 2056 2244 Erlordiensis

544 2279 693 2358 diocesis,
718 2302 787 2346 cum
811 2284 1030 2348 reservatione
1052 2284 1213 2366 prebende
1236 2304 1357 2349 necnon
1380 2284 1554 2364 dignitatis,
1580 2288 1767 2365 personatus
1790 2282 1840 2346 vel
1856 2280 1952 2347 officii
1968 2282 2000 2346 in
2017 2300 2055 2345 ea

546 2385 734 2449 vacamcium
757 2386 809 2451 vol
831 2393 1053 2452 vacaturorum
1084 2389 1178 2454 sinrul
1208 2387 1258 2454 vel
1289 2389 1469 2453 successive
1503 2388 1674 2470 dignemini
1705 2386 1954 2451 misericorditer
1984 2405 2056 2468 pro·

545 2486 668 2565 videre,
693 2508 754 2553 non
777 2491 935 2570 obstante,
959 2492 1043 2573 quod
1066 2499 1253 2574 perpetuam
1276 2494 1427 2557 vicariam
1450 2494 1482 2557 in
1505 2492 1640 2557 ecclesia
1664 2497 1772 2556 sancte
1788 2491 1890 2555 Marie
1913 2491 2056 2556 Erfordi·

544 2592 646 2669 ensis,
677 2592 761 2658 dicte
791 2594 936 2673 diocesis,
968 2598 1058 2661 cuins
1087 2597 1220 2675 fructus,
1252 2597 1396 2663 redditus
1425 2602 1457 2660 et
1487 2601 1660 2678 proventus
1690 2597 1829 2678 quinque
1852 2594 2051 2660 marcharum

544 2714 684 2759 annuam
719 2702 928 2779 quantitatem
963 2719 1024 2764 non
1055 2702 1222 2779 excedunt,
1253 2702 1396 2766 noscitur
1419 2701 1572 2780 obtinere,
1597 2705 1629 2764 et
1652 2718 1721 2764 cum
1745 2699 1818 2764 aliis
1840 2717 1903 2763 non
1926 2700 2053 2764 obstan·

543 2800 636 2864 tibus
659 2807 691 2865 et
714 2801 865 2868 clausulis
887 2805 1052 2886 oportunis
1074 2810 1108 2869 et
1131 2806 1362 2871 executoribus

656 2905 726 2970 Fiat
748 2906 785 2971 R.

654 3010 737 3074 Item
767 3012 935 3094 supplicat,
967 3018 1124 3095 quatenus
1154 3013 1292 3078 Jolranni
1323 3014 1480 3096 quondam
1503 3012 1657 3095 Welislay
1680 3012 1719 3077 de
1743 3011 1855 3090 Dauel,
1880 3032 1961 3078 nunc
1982 3031 2058 3076 vero

546 3112 581 3175 in
607 3112 734 3192 Luzeta,
766 3115 880 3182 clerico
912 3118 1082 3198 Pragensis
1114 3119 1259 3198 diocesis,
1293 3118 1465 3200 specialem
1496 3119 1633 3201 maclam
1655 3117 1819 3196 faciontes
1843 3116 1883 3180 de
1905 3115 2057 3182 beneficio

547 3215 768 3282 ecclesiastico
803 3241 873 3285 curn
908 3241 983 3288 cura
1013 3222 1063 3286 vel
1090 3223 1158 3287 sine
1182 3243 1269 3301 cura,
1292 3228 1459 3306 spectante
1481 3223 1689 3287 communiter
1710 3220 1760 3286 vel
1783 3220 1908 3284 divisim
1932 3220 1972 3284 ad
1996 3221 2061 3285 cole
2119 3299 2121 3301 ‚

546 3319 704 3386 lacionern
728 3330 787 3389 etc.
812 3327 972 3392 abbatisse
995 3332 1028 3391 et
1051 3332 1225 3392 conventus
1243 3327 1429 3392 monasterii
1445 3327 1546 3390 sancti
1562 3325 1693 3407 Georgii
1716 3325 1748 3388 in
1772 3330 1876 3388 castro
1893 3324 2058 3407 Pragensi,

547 3426 671 3490 ordinis
706 3431 806 3493 sancti
842 3432 1017 3507 eredicti,
1052 3433 1080 3496 si
1109 3431 1193 3513 quod
1222 3438 1315 3497 vacat
1345 3432 1384 3496 ad
1415 3449 1556 3513 presens
1580 3429 1630 3494 vel
1661 3448 1731 3494 cunr
1761 3429 1930 3507 vacaverit,
1955 3429 2058 3493 eidem

547 3530 690 3599 Johanni
713 3535 884 3617 dignemini
906 3536 1084 3618 providere,
1109 3557 1179 3602 curn
1202 3538 1347 3603 omnibus
1365 3556 1427 3602 non
1451 3537 1650 3602 obstantibus
1666 3540 1699 3599 et
1715 3532 1866 3599 clausulis
1884 3534 2059 3616 oportunis,

547 3638 635 3702 sicut
658 3656 764 3720 supra.

657 3741 730 3808 Fiat
753 3748 813 3808 etc.
837 3745 874 3808 R.

657 3846 739 3910 Item
763 3848 931 3929 supplicat,
956 3856 1113 3930 quatenus
1135 3848 1325 3927 Hoatmodo,
1349 3853 1423 3914 nato
1448 3846 1576 3912 Henrici
1594 3846 1671 3911 dicti
1687 3847 1797 3924 Bezer,
1814 3846 1929 3911 clerico
1945 3845 2061 3911 Herbi-

549 3946 692 4029 polensis
727 3950 907 4032 diocesis,·¹)
942 3953 981 4017 de
1016 3954 1205 4017 canonicatu
1239 3957 1272 4017 ct
1305 3952 1467 4033 prebenda
1500 3951 1635 4015 ecclesie
1659 3951 1760 4016 sancti
1783 3949 1939 4015 lobannis
1961 3949 2059 4015 Noui·

551 4056 736 4119 monasterii
761 4056 1011 4139 Herbipolensis,
1033 4058 1158 4139 siquod
1183 4064 1276 4122 vacat
1300 4058 1340 4123 ad
1362 4075 1504 4139 presens,
1528 4056 1578 4120 vel
1602 4056 1832 4138 quamprimum
1855 4056 2026 4133 vacaverit,
2035 4058 2061 4135 θ)

549 4159 803 4226 misericorditer
826 4162 996 4245 dignemini
1019 4162 1197 4245 providere,
1229 4181 1299 4227 cum
1330 4180 1392 4225 non
1423 4160 1622 4225 obstantibus
1652 4166 1685 4224 et
1715 4159 1868 4224 clausulis
1898 4158 2062 4241 oportunis

550 4280 588 4326 ac
612 4266 839 4330 executoribus
863 4272 1027 4349 utsupra.
1568 4289 1570 4294 ’

659 4369 733 4433 Fiat
755 4371 791 4434 R.
839 4373 979 4455 th.t.
1005 4372 1126 4438 sal.
1175 4372 1247 4436 Fiat
1269 4371 1306 4435 R.

659 4473 827 4556 Supplicat
849 4477 880 4542 S.
903 4476 940 4542 V.
966 4477 1065 4541 frater
1086 4476 1252 4555 Proclriua,
1279 4475 1400 4541 ordinis
1421 4475 1670 4552 Predicatorum,
1703 4473 1805 4541 lector
1834 4472 2061 4551 Glatouiensis,

551 4582 715 4659 quatenus
749 4580 809 4644 sibi
844 4582 1018 4645 concedere
1051 4581 1223 4662 dignemini
1253 4578 1391 4644 officium
1421 4578 1651 4660 penitenciarie
1674 4578 1706 4641 in
1728 4577 1817 4643 Urbe
1839 4577 1879 4641 ad
1903 4575 2064 4658 stipendia

552 4690 709 4747 consueta
731 4689 764 4748 et
786 4684 865 4749 alias
889 4690 925 4749 ut
947 4686 978 4748 in
1001 4685 1113 4750 forma.

661 4788 734 4855 Fiat
756 4790 793 4855 R.
839 4790 883 4855 Et
905 4790 974 4853 siue
997 4789 1061 4854 alia
1094 4790 1243 4854 leccionc.
1288 4787 1363 4852 Fiat
1384 4787 1422 4851 R.
1468 4787 1507 4852 D.
1531 4786 1689 4851 Auinione
1711 4785 1754 4850 id.
1776 4785 1866 4851 Junii
1889 4803 1916 4849 a.
1941 4788 2062 4849 octavo.

660 4977 808 5032 Clementis
826 4978 865 5030 Vl
884 4978 909 5032 S.
929 4978 1020 5043 l'lllp'z'
1039 4984 1093 5043 (19)
1113 4976 1131 5031 f.
1151 4983 1192 5029 27.
1211 5008 1244 5016 -
1270 4977 1293 5042 ⁸)
1314 4972 1392 5030 deest
1410 4976 1438 5028 in
1457 4974 1492 5041 S,
1509 4975 1599 5043 suppl.
1619 4975 1654 5027 ab
1678 4973 1793 5028 editore.
1822 4974 1845 5039 h)
1870 4971 1995 5041 sequitur
2021 4978 2060 5039 ,et

556 5064 721 5135 prebendo‘,
740 5081 795 5118 non
814 5064 928 5119 cancell.
941 5064 976 5131 S,
987 5065 1093 5121 emend.
1109 5066 1144 5118 ab
1158 5063 1272 5117 editore.
1300 5067 1321 5130 ο)
1339 5061 1418 5116 deest
1430 5062 1458 5115 in
1470 5061 1505 5129 S,
1520 5061 1609 5130 suppl.
1624 5060 1657 5114 ab
1672 5060 1784 5114 editore.
1813 5061 1837 5125 d)
1856 5060 2063 5127 sequiturpua-

552 5162 637 5207 tenus
657 5150 718 5204 sibi*
737 5166 791 5206 non
804 5151 916 5205 cancell.
930 5151 964 5216 8.,
979 5150 1084 5204 emend.
1098 5149 1132 5204 ab
1145 5150 1259 5204 editore.
1287 5152 1310 5216 ο)
1329 5150 1466 5217 sequitur:
1480 5148 1576 5213 ‚eidem
1589 5147 1697 5201 clerico‘
1710 5163 1765 5200 uon
1781 5146 1894 5200 cancell.
1907 5146 1943 5213 S,
1956 5144 2064 5200 emend.

554 5240 590 5293 ab
609 5237 727 5293 editore.
