5184 7050
643 851 708 916 234

640 1058 735 1124 379.
760 1055 902 1131 Carolus,
933 1052 1074 1121 ierarchia
1098 1043 1272 1133 Moraaiae,
1306 1053 1475 1139 supplicat,
1505 1049 1677 1137 quatenus&
1707 1044 1868 1118 hilderico
1900 1051 1938 1116 de
1969 1049 2148 1131 saoaurp

642 1162 680 1226 de
702 1160 858 1241 dipnitote
879 1163 936 1224 etc.
959 1159 994 1223 in
1016 1158 1147 1222 ecclesio
1170 1158 1429 1240 Noumhurpensi
1463 1163 1631 1235 vocatura,
1663 1160 1799 1224 Henrico
1832 1156 1990 1240 wndorn
2016 1154 2158 1221 Conradi

643 1265 800 1329 Leulrneri
822 1262 859 1327 cle
882 1262 1067 1344 Bernsdors
1085 1262 1124 1326 de
1145 1263 1335 1326 canonicatu
1365 1263 1514 1328 ecclesiae
1545 1260 1711 1328 citicensis
1739 1262 1796 1328 suh
1818 1260 2035 1346 expectatione
2055 1281 2150 1344 proe-

642 1367 761 1433 lrendae
783 1372 813 1431 et
839 1365 1003 1431 ll'illvetmo
1026 1365 1065 1430 de
1095 1364 1266 1431 Villvartica
1288 1365 1326 1430 rte
1348 1366 1493 1449 beneficio
1526 1388 1596 1431 cum
1627 1367 1674 1432 oet
1699 1369 1768 1433 sine
1789 1387 1867 1432 cvera
1889 1365 1933 1430 ad
1954 1363 2154 1430 collationem

789 1472 936 1555 episcopi,
955 1471 1144 1554 praepositi,
1168 1470 1281 1536 decani
1300 1475 1330 1534 et
1345 1471 1481 1555 capituli
1512 1459 1769 1538 lbatrslaoien'sis
1786 1470 2005 1557 provideatur.

1668 1600 1830 1721 aeruna,
1853 1645 1942 1709 1344
1965 1644 2052 1709 uara
2073 1644 2107 1707 3.

747 1820 914 1903 Supplioat
936 1820 966 1886 S.
984 1820 1021 1885 V.
1039 1819 1173 1884 devotus
1188 1818 1209 1884 l.
1226 1837 1254 1884 v.
1273 1819 1421 1897 Karolus,
1447 1820 1675 1902 primogenitus
1695 1870 1703 1885 .
1721 1870 1727 1883 .
1744 1819 1829 1901 regis
1845 1818 1985 1896 Boemie,
2009 1814 2153 1881 marchio

643 1924 798 2003 Morauie,
822 1929 981 2006 quatenus
1004 1923 1064 1987 sibi
1084 1924 1116 1987 iu
1133 1941 1301 2004 personam
1317 1923 1470 1988 Friderici
1488 1923 1649 1989 Frizoonis
1665 1924 1705 1987 de
1721 1921 1976 1999 Sohoneuburch,
2002 1920 2149 1984 canonici

641 2028 775 2094 ecclesie
798 2026 1078 2109 Nuemburgeusis,
1101 2027 1296 2093 devotissimi
1321 2028 1381 2105 sui,
1405 2027 1576 2107 specialem
1600 2028 1740 2109 graciam
1769 2026 1935 2105 ledentes,
1966 2025 2008 2088 de
2042 2024 2145 2106 digni·

641 2137 710 2197 tate
733 2130 783 2197 vel
806 2136 979 2212 personatu
1002 2149 1060 2196 seu
1084 2129 1188 2195 officio
1212 2150 1282 2195 oum
1307 2150 1383 2196 eura
1407 2131 1456 2195 vel
1480 2132 1548 2195 sine
1572 2150 1658 2208 eura,
1690 2133 1716 2196 si
1741 2135 1835 2196 vocat
1858 2130 1899 2194 ad
1922 2146 2068 2211 presens,
2100 2126 2147 2190 vel

643 2255 713 2300 curu
737 2236 898 2300 vacaverit
924 2236 955 2299 in
979 2234 1090 2299 eadem
1121 2235 1301 2316 cadesim),
1336 2235 1439 2299 eidem
1470 2235 1632 2300 Frirlen'oo
1662 2235 1834 2317 dignemini
1866 2232 2044 2315 providere,
2080 2249 2146 2294 oum

643 2341 876 2430 eccepteoione,
900 2338 1052 2405 anteferri
1075 2344 1108 2403 et
1130 2338 1203 2403 aliis
1227 2339 1381 2404 clausulis
1404 2345 1436 2402 et
1459 2357 1520 2403 nou
1543 2340 1754 2410 obstantibus,
1782 2339 1962 2421 oportunis¹
1978 2342 2012 2401 et
2034 2354 2144 2401 execu-

641 2445 774 2522 toribus,
797 2463 854 2509 seu
877 2442 961 2524 quod
985 2435 1204 2506 canonicatum
1227 2449 1260 2508 et
1282 2443 1475 2524 prebendam
1492 2443 1523 2507 in
1540 2442 1626 2507 dicta
1641 2442 1895 2523 Nuemburgeusi
1919 2448 1952 2505 et
1968 2442 2001 2505 in
2019 2438 2144 2521 Magde

642 2547 790 2629 burgensi
814 2547 959 2611 eeclesiis
982 2547 1202 2611 carrouicatum
1225 2533 1474 2628 etpreberrrlam
1504 2552 1537 2610 et
1552 2546 1760 2626 scolastrr‘om,
1784 2564 1847 2627 que
1863 2544 2004 2626 dignitas
2028 2543 2145 2619 existit,

641 2652 783 2715 noscitur
805 2651 959 2730 obtinere,
990 2669 1085 2732 quam
1119 2649 1318 2715 scolastriam
1348 2651 1509 2715 dimittere
1535 2656 1692 2729 teneatur,
1727 2670 1798 2716 eum
1828 2648 2010 2715 huiusmodi
2040 2647 2145 2729 gracie

642 2754 875 2836 possessionem
898 2752 1063 2836 pacificam
1086 2751 1183 2819 luerit
1206 2761 1406 2819 consecutus.

745 2859 818 2924 Fiet
844 2859 881 2923 R.
893 2857 917 2939 ¹)

746 2965 826 3028 Item
850 2962 1018 3046 supplicat,
1049 2967 1207 3044 quatenus
1237 2962 1298 3026 sibi
1330 2963 1361 3027 iu
1393 2980 1560 3045 personam
1591 2963 1639 3028 sui
1668 2962 1777 3028 dilecti
1801 2961 1932 3027 Henriei
1955 2959 2145 3042 presbyteri,

642 3068 708 3132 noti
732 3068 890 3150 quondam
913 3060 1052 3132 Cunrodi
1075 3066 1234 3131 Leubneri
1259 3068 1298 3131 de
1321 3067 1496 3145 Bernstorl,
1520 3067 1789 3150 Nuemburgensis
1805 3066 1952 3143 diocesin,
1975 3064 2147 3154 specialem

641 3172 780 3253 graciam
803 3171 968 3248 iacientes,
992 3170 1031 3234 de
1048 3172 1234 3235 canonicatu
1250 3171 1387 3236 ecclesie
1404 3172 1565 3256 dyocesis,
1590 3172 1675 3237 dicte
1691 3172 1837 3248 diocesis,
1861 3188 1932 3235 oum
1947 3168 2148 3253 plenitudine

644 3275 721 3339 iuris
745 3276 886 3340 canonici
911 3275 1081 3356 dignemini
1111 3275 1289 3356 providere,
1324 3275 1518 3357 prebendam
1541 3275 1580 3340 'in
1615 3275 1701 3341 diota
1725 3274 1870 3367 'eeclesia
1900 3281 2068 3339 vacantem
2101 3271 2148 3336 vel

641 3373 827 3443 vacaturam
851 3379 911 3446 sibi
936 3377 1156 3443 conferendam
1181 3380 1347 3443 donaciani
1371 3380 1546 3461 apostolice
1568 3362 1779 3458 reservantes*
1810 3397 1882 3469 oum
1912 3378 2148 3469 acceptacione,

641 3481 792 3548 anteferri
817 3488 850 3548 et
872 3483 945 3548 aliis
969 3482 1121 3548 clausulis
1144 3488 1177 3548 et
1199 3502 1260 3548 non
1277 3485 1477 3549 obstantibus
1501 3484 1667 3566 oportunis
1684 3473 1716 3548 et
1740 3482 1973 3560 executoribus,
1990 3498 2049 3547 seu
2066 3479 2148 3563 quod

641 3586 723 3651 idem
746 3586 905 3653 Hemious
920 3586 1088 3654 ecclesiam
1103 3587 1335 3669 parrochialem
1358 3589 1390 3653 in
1404 3586 1642 3668 Reynherstorf,
1666 3587 1808 3652 eiusdem
1830 3585 1980 3677 diocesis,
2005 3586 2149 3649 noscitur

640 3691 793 3757 obtinere.

744 3795 817 3861 Fiat
838 3794 913 3877 R.¹)

744 3900 826 3964 Item
849 3899 1020 3982 supplicat,
1043 3906 1201 3982 quatenus
1225 3901 1286 3966 sibi
1309 3901 1342 3965 in
1365 3919 1533 3984 personam
1563 3901 1672 3966 dilecti
1704 3900 1753 3965 sui
1784 3898 1941 3983 capellani
1968 3896 2146 3974 wilberni,

640 4004 708 4068 nati
731 4004 892 4070 Buohonis
908 4005 947 4069 de
963 4002 1137 4084 Wilartioz‚
1161 4004 1330 4084 Pragensis
1347 4005 1493 4084 diocesia,
1518 4005 1689 4087 specialem
1704 4006 1843 4089 graciam
1859 4003 2026 4081 iacientes,
2045 4002 2147 4067 eidem

641 4108 680 4173 de
703 4108 855 4173 beneficio
879 4108 1096 4173 ecclesiastico
1121 4109 1191 4172 cunr
1215 4126 1291 4172 cura
1315 4108 1364 4173 vel
1389 4110 1457 4173 sine
1481 4127 1565 4187 cura,
1602 4111 1703 4174 eciem
1726 4112 1752 4176 si
1777 4111 1924 4190 dignitas,
1953 4112 2147 4191 personatus

640 4213 690 4277 vel
714 4210 852 4277 officium
875 4213 1003 4291 existat,
1027 4217 1192 4295 spectante
1215 4214 1255 4277 ad
1279 4213 1494 4291 collacionem
1519 4233 1617 4295 prov,
1641 4232 1735 4296 pres,
1755 4205 1809 4279 ¹vel
1832 4214 1859 4278 si
1876 4215 1947 4295 quis
1971 4214 2076 4278 eciam
2092 4232 2148 4296 per

640 4316 830 4380 eleccionem
861 4316 981 4381 assumi
1013 4317 1185 4395 consuevit,
1217 4335 1273 4380 seu
1312 4336 1341 4399 q.
1366 4336 1394 4382 a.
1419 4316 1448 4381 d.
1475 4367 1481 4380 .
1506 4368 1513 4381 .
1538 4319 1690 4400 episcopi,
1716 4369 1722 4382 .
1748 4368 1755 4382 .
1779 4319 1943 4401 prepositi,
1968 4368 1976 4383 .
2002 4367 2009 4382 .
2034 4316 2145 4382 decani

640 4425 673 4484 et
695 4419 826 4502 capituli
850 4419 985 4484 ecclesie
1011 4420 1283 4486 Wratislauiensis
1299 4422 1505 4485 communiter
1527 4422 1578 4485 vel
1594 4421 1729 4501 divisim,
1750 4423 1781 4486 si
1797 4423 1878 4503 quis,
1902 4440 1965 4504 que
1988 4423 2039 4488 vel
2064 4422 2145 4505 quod

641 4522 672 4587 in
696 4523 841 4602 ecclesia,
866 4525 996 4589 civitate
1019 4525 1068 4588 vel
1092 4524 1211 4587 diocesi
1234 4531 1328 4589 vacat
1350 4524 1390 4588 ad
1414 4543 1555 4606 presens
1581 4525 1630 4590 vel
1650 4525 1883 4606 quamprimum
1907 4543 2023 4590 vocare
2048 4526 2146 4590 conti·

639 4627 730 4707 gerit,
754 4646 825 4691 curu
848 4628 1081 4711 acceptacione,
1104 4629 1335 4707 reservaoione,
1361 4628 1561 4707 iuhibicione,
1586 4629 1713 4694 decreto
1738 4649 1809 4695 oum
1825 4629 1970 4695 clausula
1993 4630 2145 4696 anteferri

640 4731 810 4812 dignemini
833 4730 1010 4813 providere,
1045 4731 1288 4810 nonobstante,
1323 4732 1406 4813 quod
1437 4732 1520 4797 idem
1551 4733 1744 4799 Wilherrrrus
1774 4735 1997 4799 canonicatum
2020 4737 2055 4800 et
2077 4754 2146 4819 pre

639 4835 775 4900 herdam
806 4837 837 4900 in
866 4835 989 4918 capella
1018 4837 1107 4918 regia
1138 4835 1286 4901 Omnium
1318 4836 1504 4901 Sanctorum
1535 4837 1567 4900 in
1597 4842 1701 4901 castro
1732 4838 1883 4919 Pragensi
1914 4842 1947 4902 et
1977 4838 2146 4904 ecelesiam

639 4938 871 5019 parrochialem
895 4940 926 5003 in
950 4939 1101 5015 Sboczna,
1132 4939 1302 5020 Prageusis
1335 4940 1480 5018 diocesis,
1512 4940 1653 5004 noscitur
1675 4942 1828 5021 obtinere,
1860 4959 1954 5022 quam
1978 4943 2146 5007 ecclesiam

638 5044 870 5124 parrochialem
895 5043 1012 5124 adepta
1038 5043 1239 5123 possessione
1270 5043 1435 5125 dignitatis
1465 5047 1598 5126 paratus
1630 5051 1679 5110 est
1692 5098 1694 5102 .
1708 5046 1880 5128 resignare,
1912 5050 1946 5109 et
1975 5064 2049 5110 oum
2077 5047 2147 5112 aliis

638 5165 699 5211 nou
723 5148 924 5213 obstantibus
947 5153 979 5211 et
1002 5146 1155 5212 clausulis
1185 5148 1374 5212 necessariis
1406 5154 1439 5213 et
1468 5149 1633 5229 oportunis
1665 5156 1699 5213 et
1726 5150 1948 5214 executoribus
1972 5149 2147 5231 deputatis

742 5252 815 5315 Fiet
838 5270 940 5334 usque
964 5252 1003 5315 ad
1027 5269 1180 5315 summam
1202 5252 1335 5331 triginta
1358 5270 1536 5317 marcarum
1560 5272 1631 5317 oum
1654 5272 1740 5332 cura,
1765 5253 1875 5335 viginti
1892 5253 1961 5318 siue
1977 5272 2057 5318 cure
2073 5254 2110 5319 R
2123 5255 2149 5334 ³)

639 5353 682 5416 Et
703 5373 731 5434 q.
755 5361 777 5418 t.
803 5377 826 5420 s.
851 5375 879 5420 a.
904 5356 923 5421 l.
948 5356 1021 5421 Fiat
1045 5355 1081 5420 R.
1107 5356 1146 5419 D.
1170 5355 1327 5419 huinione
1352 5356 1379 5420 V
1403 5376 1474 5420 non.
1498 5356 1576 5421 Maii
1601 5376 1632 5423 a.
1655 5359 1804 5423 seeundo.

742 5542 889 5596 Clementis
903 5543 939 5595 Vl
959 5543 985 5596 S.
1000 5545 1053 5612 lllt
1071 5547 1108 5610 (t)
1128 5545 1145 5596 l.
1165 5545 1233 5596 328'.
1255 5575 1287 5582 -
1315 5546 1337 5612 ⁸)
1363 5543 1470 5609 ,eadem
1490 5545 1614 5599 ecclesia‘
1633 5546 1723 5614 suppl.
1744 5563 1830 5615 supra
1848 5545 1873 5599 S.
1896 5577 1923 5585 -
1940 5547 1959 5610 ¹)
1980 5547 2075 5603 littera
2093 5546 2149 5603 iata

639 5642 692 5679 non
712 5634 755 5680 est
773 5638 889 5695 reperta.
912 5631 931 5695 ⁹)
952 5630 1012 5683 vide
1031 5647 1057 5682 n.
1077 5638 1134 5683 380.
1156 5632 1175 5688 ³)
1193 5631 1286 5683 littera
1306 5631 1359 5684 ista
1378 5646 1432 5682 non
1452 5639 1495 5684 est
1514 5639 1634 5699 reperta.

1291 5827 1493 5834 ——-—.——
