5184 7050
1875 873 1918 940 69

410 1082 599 1146 canonicatu
623 1081 758 1146 ecclesie
780 1081 951 1163 Pragensis
975 1080 1145 1163 dignemini
1169 1079 1347 1160 providere,
1371 1077 1565 1159 prebendam
1584 1098 1660 1146 vero
1675 1099 1797 1145 necnon
1814 1079 1916 1161 digni-

409 1191 519 1264 tatem,
536 1191 742 1267 personatum
763 1205 820 1250 sen
836 1185 976 1251 oflieiuur
992 1204 1062 1250 cum
1078 1203 1154 1249 cura
1170 1184 1221 1248 vel
1238 1185 1307 1248 sine
1323 1201 1410 1261 cura,
1427 1182 1469 1246 ad
1485 1183 1700 1265 collacionem,
1718 1184 1918 1262 eleccionem,

411 1290 624 1369 provisionem
647 1308 704 1355 seu
728 1290 873 1371 quamvis
897 1289 993 1353 aliam
1017 1289 1262 1370 disposicionem
1285 1289 1428 1371 episcopi
1445 1293 1477 1352 et
1494 1290 1626 1372 capituli
1644 1288 1853 1355 communiter
1867 1288 1918 1352 vel

412 1393 537 1458 divisim
563 1398 770 1474 spectantem,
795 1394 822 1458 si
846 1412 918 1475 qua,
944 1394 997 1475 qui
1021 1392 1071 1457 vel
1095 1393 1179 1474 quod
1201 1394 1234 1458 in
1258 1393 1369 1456 eadem
1393 1391 1530 1456 eeclesia
1552 1393 1603 1456 vel
1627 1397 1718 1457 extra
1742 1397 1856 1483 vacant
1880 1389 1921 1454 ad

411 1515 552 1576 presepe,
577 1502 633 1560 aut
657 1516 727 1562 oum
750 1496 842 1562 simul
866 1503 922 1561 aut
952 1497 1132 1561 successive
1156 1497 1349 1574 vacaverint,
1374 1496 1477 1561 eidem
1501 1495 1708 1561 conferendas
1733 1502 1790 1561 aut
1813 1496 1918 1560 conf·

412 1601 542 1665 rendam
581 1600 748 1666 donacioni
787 1601 873 1665 sedis
911 1600 1086 1682 apostolice
1120 1604 1332 1677 reservantes,
1364 1617 1434 1662 eum
1459 1600 1693 1680 acceptatione,
1717 1599 1919 1677 inhibieione,

411 1705 540 1769 decreto
571 1709 604 1769 et
634 1704 780 1769 clausule
810 1701 972 1781 anteferri,
1004 1722 1067 1768 uon
1097 1703 1309 1781 obstantibus
1334 1701 1417 1784 quod
1445 1701 1917 1785 in010muceusi,wissegra·

410 1807 511 1887 densi,
536 1809 671 1874 Zaecnsi
695 1813 728 1873 et
750 1807 986 1873 Bolczlauiensi
1017 1808 1161 1873 ecelesiis
1192 1808 1400 1872 canonicatus
1431 1811 1463 1870 et
1492 1805 1672 1885 prebendas
1702 1824 1824 1872 necnon
1846 1824 1919 1886 par·

409 1914 584 1978 rochialem
601 1913 768 1980 ecelesiam
781 1912 949 1976 inwolina
965 1918 997 1977 et
1012 1913 1230 1977 obedienciam
1243 1908 1516 1992 wissegradensis
1533 1909 1668 1974 ecclesie
1683 1911 1716 1974 in
1732 1909 1920 1991 Kressicz,¹)

409 2019 582 2101 Pragensis
613 2017 760 2094 (licensis,
792 2017 935 2081 noscitur
965 2016 1118 2094 obtinere,
1150 2034 1245 2098 quam
1274 2015 1403 2096 quidem
1434 2013 1601 2078 ecclesiam
1632 2014 1863 2095 parrochialem
1886 2019 1919 2078 et

409 2122 628 2186 obedienciam
662 2121 841 2201 predictam
873 2126 1007 2204 paratus
1041 2126 1091 2184 est
1124 2120 1294 2198 dimittere,
1330 2138 1400 2184 eum
1433 2118 1614 2183 huiusmodi
1649 2119 1855 2183 canonicatus
1886 2123 1919 2181 et

409 2227 571 2308 prebende
594 2245 631 2290 ae
655 2225 831 2307 dignitatis,
855 2230 1046 2305 personatus
1070 2243 1125 2289 seu
1150 2223 1247 2288 officii
1269 2222 1438 2305 pacificam
1460 2223 1695 2304 possessionem
1714 2223 1813 2287 fuerit
1830 2239 1917 2286 asse-

414 2335 517 2408 cutus
541 2335 574 2394 et
598 2349 669 2393 eum
692 2330 765 2393 aliis
788 2349 849 2393 non
873 2330 1075 2393 obstantibus
1098 2334 1130 2392 et
1153 2328 1306 2392 clausulis
1329 2327 1494 2408 oportunis
1517 2330 1550 2390 et
1580 2326 1813 2391 executoribus.
1859 2325 1918 2391 Vel

412 2436 517 2499 saltim
547 2435 651 2499 eidem
682 2434 722 2498 de
752 2435 941 2499 canonicatu
972 2439 1005 2497 et
1033 2432 1196 2515 prebenda
1227 2433 1259 2496 in
1290 2433 1362 2513 ipsa
1392 2431 1545 2512 Pragensi
1576 2431 1714 2496 ecclesia
1744 2431 1916 2512 dignemini

410 2539 576 2620 providere
607 2544 642 2603 nt
673 2556 780 2618 supra,
812 2557 882 2603 curn
913 2537 1057 2601 omnibns
1088 2537 1160 2601 aliis
1191 2555 1252 2600 non
1282 2535 1485 2600 obstantibus
1508 2541 1541 2599 et
1564 2535 1717 2599 clausulis
1748 2535 1913 2616 oportunis

413 2648 576 2723 utsupra.

514 2746 588 2810 Fiat
610 2746 646 2810 u.
671 2744 926 2828 nancaei.
951 2745 1025 2810 Fiat
1047 2744 1083 2808 u.
1109 2745 1147 2809 D.
1171 2745 1329 2808 Aninione
1352 2743 1428 2808 XVI
1450 2743 1514 2807 kal.
1538 2742 1726 2807 Novembris
1750 2761 1779 2807 a.
1804 2744 1916 2824 primo.

513 2935 663 2988 Clementis
684 2935 722 2987 Vl
741 2934 758 2987 S
777 2935 815 3005 1f¹
839 2940 878 3003 (1)
897 2933 916 2987 f.
934 2936 1006 2986 260'.
1026 2964 1059 2972 —
1080 2934 1099 2998 ¹)
1118 2932 1180 2986 vide
1199 2949 1271 2985 uum
1293 2938 1342 2985 120
1360 2949 1387 2986 n.
1407 2939 1429 2986 1.

417 3400 503 3465 120.
533 3396 679 3465 Jolraam'
707 3399 790 3463 dicto
821 3397 978 3462 Padnaao
1007 3395 1192 3481 procedetur
1221 3395 1260 3460 de
1282 3394 1472 3459 canonicatu
1493 3391 1643 3457 ecelesiae
1667 3393 1837 3474 Propensis
1860 3391 1917 3457 sab

747 3502 963 3586 expectatione
980 3499 1191 3584 praebendae.
1237 3499 1353 3563 Forata
1375 3501 1411 3562 at
1433 3497 1467 3562 in
1489 3518 1520 3562 a.
1544 3499 1574 3563 6.

513 3588 562 3799 ὲ
1355 3671 1518 3746 Aoiaione,
1542 3673 1628 3737 1342
1655 3671 1798 3737 Octobris
1819 3673 1872 3735 17.

510 3880 550 3944 D.
567 3877 589 3943 f.
606 3876 745 3943 Johanni
769 3876 853 3940 dieto
877 3874 1039 3952 Paduano,
1065 3874 1215 3938 canonico
1239 3872 1405 3953 Pragensi,
1429 3872 1551 3937 doctori
1575 3871 1785 3949 decretorum,
1810 3889 1834 3936 s.
1854 3876 1914 3937 ete.

410 3984 605 4049 Litterarum
630 3981 769 4045 sciencia
785 4031 792 4044 .
811 4030 817 4043 .
837 4029 869 4043 ..
904 3979 1057 4043 Volentes
1080 3979 1190 4058 itaque
1212 3976 1270 4041 tibi
1295 3995 1325 4056 p.
1348 3996 1388 4040 m.
1412 3980 1434 4040 t.
1459 3996 1486 4040 o.
1511 3994 1632 4041 necnon
1657 3975 1915 4041 consideracione

409 4104 435 4151 c.
458 4088 492 4150 in
517 4085 574 4150 Cb.
598 4084 620 4149 f.
644 4104 674 4148 n.
699 4083 959 4165 Kazimiri,regis
982 4082 1113 4146 Polonie
1137 4080 1281 4157 illustris,
1301 4099 1358 4160 pro
1381 4085 1414 4143 te
1437 4081 1528 4145 nobis
1552 4099 1649 4163 super
1670 4079 1729 4144 hoc
1752 4079 1916 4144 humiliter

407 4190 630 4272 supplicantis,
643 4188 666 4269 ¹)
688 4208 717 4269 g.
741 4188 762 4252 f.
788 4207 823 4266 s.,
848 4186 1068 4251 canonicatum
1092 4185 1227 4249 ecclesie
1258 4186 1429 4265 Progensis
1454 4205 1479 4248 c.
1503 4206 1533 4267 p.
1559 4186 1578 4250 1,
1604 4205 1629 4250 0.
1655 4204 1683 4249 a.
1707 4189 1730 4249 t.
1756 4203 1783 4248 a.
1810 4184 1915 4248 eonfe-

406 4297 507 4360 rimus
538 4300 571 4358 et
601 4294 642 4357 de
672 4293 726 4357 1110
757 4293 858 4356 eciam
889 4290 1101 4374 providemus,
1125 4288 1319 4370 prebendam
1343 4308 1427 4367 vero,
1452 4290 1479 4353 si
1503 4309 1566 4371 qua
1590 4290 1621 4354 in
1645 4289 1757 4353 eadem
1780 4288 1916 4352 ecclesia

405 4406 502 4463 vacat
533 4398 573 4462 ad
603 4414 746 4480 presens,
779 4395 829 4458 vel
860 4394 1093 4476 quamprimum
1126 4394 1228 4475 ipsam
1252 4411 1367 4457 vacare
1391 4394 1569 4475 contigerit,
1587 4445 1594 4458 .
1612 4444 1619 4458 .
1638 4444 1670 4459 ..
1694 4391 1916 4458 conferendam

404 4504 540 4568 tibi...
559 4552 566 4565 .
592 4500 621 4564 d.
646 4520 675 4563 a.
700 4516 910 4575 reservamus,
928 4548 934 4560 .
953 4548 959 4560 ,
978 4547 984 4560 .
1003 4516 1029 4573 ‚3
1052 4515 1114 4560 non
1137 4495 1387 4560 obstantibus..
1406 4547 1412 4560 .
1431 4547 1438 4560 .
1463 4515 1519 4562 seu
1543 4498 1628 4578 quod
1651 4498 1684 4561 in
1700 4495 1914 4575 Olomueeusi,

404 4605 675 4688 wissegradensi,
698 4603 824 4667 Zicensi
847 4607 879 4665 et
901 4600 1134 4665 Boleslauieusi
1158 4600 1304 4664 ecclesiis
1327 4601 1534 4665 canonicatus
1549 4607 1582 4664 et
1596 4600 1776 4683 prebendas
1793 4617 1915 4664 necnon

402 4709 639 4793 parrochialem
669 4707 837 4772 ecelesiam
873 4706 905 4769 in
927 4704 1054 4769 wolina
1077 4710 1110 4767 et
1132 4704 1350 4768 obedienciam
1374 4704 1458 4768 dicte
1480 4704 1754 4786 wissegradensis
1778 4702 1913 4768 ecclesie

403 4818 438 4880 in
468 4813 627 4890 Brassica,
639 4812 664 4891 ²)
694 4810 864 4891 Pragensis
895 4809 1042 4885 (libussie,
1067 4808 1207 4871 nosceris
1230 4808 1383 4871 obtinere.
1409 4809 1547 4871 ....D.
1572 4808 1730 4873 Auinione
1753 4807 1828 4872 XVI
1850 4807 1914 4872 kal.

401 4917 595 4985 Novembris
619 4934 647 4979 a.
672 4916 782 4995 primo.

512 5022 549 5085 ln
581 5039 608 5082 e.
633 5038 672 5082 nr.
706 5017 757 5082 dd.
788 5016 819 5082 ff.
851 5016 891 5081 de
921 5016 1083 5079 Brunonia
1115 5020 1146 5079 et
1179 5015 1259 5078 llnle
1290 5014 1398 5097 Regie,
1430 5015 1600 5095 Progensis
1630 5014 1777 5091 diocesis
1808 5032 1916 5076 mona-

401 5126 578 5192 steriorum
608 5122 779 5187 abbatibus
810 5140 847 5184 ae
877 5119 1016 5184 Johanni
1048 5119 1087 5182 de
1123 5119 1270 5197 Pistorio,
1295 5118 1446 5183 carronico
1470 5119 1677 5196 Traiectensi,
1702 5136 1726 5181 s.
1752 5123 1812 5182 etc,
1830 5168 1836 5181 .
1855 5169 1862 5181 .
1880 5167 1913 5180 ..

401 5232 443 5296 Ι).
469 5235 505 5293 nt
529 5247 553 5293 s.

508 5414 657 5469 Clementis
676 5413 714 5466 Vl
733 5414 755 5465 A
775 5413 817 5479 llo
847 5417 891 5479 00)
909 5411 927 5464 t.
948 5412 1016 5477 143',
1036 5411 1069 5464 de
1089 5409 1228 5465 beneflciis
1247 5427 1309 5463 cum
1328 5426 1394 5465 cura
1413 5411 1454 5464 vel
1474 5411 1532 5465 sine
1551 5426 1616 5465 cura
1642 5411 1693 5464 sub
1718 5409 1910 5478 expectatione

397 5522 448 5575 qu.
469 5503 577 5556 b:V.
600 5507 648 5555 lou
666 5499 684 5553 f.
704 5506 738 5553 94
756 5516 782 5552 u.
802 5505 860 5554 tob.
892 5530 912 5536 -
935 5501 953 5561 ¹)
973 5497 1138 5566 supplicavit
1164 5514 1214 5565 pro
1243 5498 1340 5551 eodem
1363 5497 1450 5585 etiam
1477 5497 1600 5562 Carolus,
1626 5494 1746 5548 marchio
1765 5495 1906 5549 Moravise

399 5591 465 5645 vide
484 5606 558 5643 num.
580 5594 636 5640 119.
657 5618 688 5625 -
709 5589 729 5652 ¹)
748 5603 822 5639 num.
843 5593 891 5639 110
909 5585 993 5639 habet
1011 5585 1165 5651 ,Kressicz‘.
1198 5584 1328 5639 Fortasse
1349 5584 1464 5650 ,Redicn‘
1484 5583 1556 5652 (vide
1575 5581 1680 5636 Tomek
1699 5581 1747 5648 lll,
1768 5585 1821 5647 to).
