5184 7050
1899 816 1963 883 449

563 1023 645 1088 Item
668 1042 725 1106 pro
747 1023 894 1104 Pezoldo‚
919 1030 991 1089 nato
1015 1024 1172 1107 quondam
1194 1023 1325 1090 Henrici
1342 1024 1381 1089 (16
1396 1024 1567 1104 Horawitz,
1588 1025 1780 1092 subdiacono
1797 1026 1968 1109 Pragensis

455 1128 607 1208 (11666616,
632 1128 672 1194 (16
694 1128 848 1194 beneficio
872 1130 1090 1196 ecclesiastico
1113 1147 1183 1195 cnm
1207 1149 1284 1195 cura
1308 1130 1358 1195 vel
1381 1131 1450 1195 sine
1474 1150 1559 1210 cura,
1595 1135 1758 1213 spectante
1781 1132 1822 1196 ad
1845 1130 1971 1197 collaci-

457 1252 552 1299 onem
576 1237 636 1298 etc.
661 1234 803 1316 episcopi
826 1233 1084 1315 Olomucensis⁹)

566 1338 648 1402 Item
672 1357 729 1420 pro
752 1337 932 1419 Francisco,
949 1344 1024 1404 nato
1043 1339 1231 1404 Theoderici
1247 1339 1287 1403 (16
1302 1338 1487 1417 Ozaslania,
1499 1338 1613 1404 clerico
1629 1341 1798 1422 Pragensis
1822 1341 1970 1420 diocesis,

458 1443 501 1507 (16
523 1442 677 1507 beneficio
700 1442 917 1508 ecclesiastico
941 1463 1012 1509 cnm
1035 1463 1111 1509 cura
1132 1444 1184 1509 vel
1207 1445 1276 1509 sine
1300 1463 1386 1523 cura,
1418 1448 1584 1527 spectante
1617 1446 1823 1511 communiter
1848 1445 1899 1511 vel
1923 1445 1970 1511 di·

456 1548 552 1612 visim
574 1547 615 1613 ad
638 1547 842 1613 collacionem
873 1555 932 1613 616.
964 1549 1088 1615 6116116
1119 1555 1152 1614 61
1182 1554 1356 1615 conventus
1386 1549 1567 1614 monasterii
1599 1549 1818 1630 Trebecensis,
1849 1550 1969 1616 ordinis

458 1653 562 1718 sancti
585 1653 762 1731 Benedicti,
787 1651 1006 1718 Olomucensis
1031 1652 1219 1735 (1161661611)

564 1757 646 1823 Item
668 1776 726 1840 pro
750 1759 845 1823 Petro
869 1758 1029 1841 quondam
1059 1758 1226 1824 Michaelis
1257 1759 1297 1823 (16
1328 1758 1446 1838 1116616,
1479 1758 1593 1823 clerico
1624 1759 1795 1842 Pragensis
1822 1760 1968 1838 (11666616,

457 1862 500 1926 (16
522 1859 676 1928 beneficio
699 1861 918 1928 ecclesiastico
935 1883 1006 1928 cum
1022 1882 1098 1928 cura
1113 1863 1163 1928 vel
1179 1864 1248 1929 sine
1264 1882 1349 1941 cura,
1367 1867 1531 1945 spectante
1555 1864 1763 1929 communiter
1777 1863 1828 1928 vel
1845 1864 1969 1929 divisim

458 1967 501 2032 ad
525 1964 729 2031 collacionem
753 1972 812 2033 616.
838 1968 1002 2033 abbatisse
1025 1973 1058 2034 et
1081 1973 1253 2035 conventus
1284 1966 1466 2033 monialium
1496 1968 1528 2032 in
1559 1968 1696 2051 Teplioz,
1725 1970 1844 2034 ordinis
1868 1971 1968 2035 666611

457 2070 637 2149 Benedicti,
662 2069 747 2137 dicte
774 2071 964 2158 (1166661611)
1549 2115 1552 2122 -

564 2175 646 2240 Item
669 2195 727 2258 pro
750 2175 920 2243 Francisco
952 2178 1110 2261 quondam
1141 2175 1278 2243 oonradi
1309 2177 1348 2241 de
1378 2176 1471 2242 Nona
1502 2175 1642 2256 Colonia,
1674 2176 1867 2243 subdiacono
1894 2179 1970 2244 Pra-

456 2280 566 2363 366616
601 2279 747 2360 diocesia,
782 2282 822 2347 (16
855 2282 1009 2348 beneficio
1044 2283 1260 2348 eeclesiastico
1295 2300 1366 2346 cum
1401 2300 1476 2346 cura
1505 2280 1557 2346 vel
1588 2282 1665 2360 6166,
1696 2287 1862 2365 spectante
1885 2304 1968 2349 com·

457 2385 599 2449 munitor
620 2384 671 2449 vel
695 2386 821 2452 divisim
843 2386 884 2453 ad
908 2386 1111 2453 collacionem
1134 2393 1193 2453 etc.
1210 2387 1334 2453 abbatis
1349 2390 1383 2451 et
1399 2391 1572 2453 conventus
1595 2388 1779 2453 monasterii
1802 2388 1835 2453 in
1857 2388 1966 2470 Sohar,

459 2489 580 2555 ordinis
605 2487 838 2571 cisterciensis
863 2492 947 2556 dicte
970 2491 1160 2573 (1166661611)

564 2594 645 2659 Item
669 2613 725 2676 pro
748 2582 1041 2661 16166661116611
1066 2598 1105 2662 de
1128 2596 1318 2676 Heoravvitz,
1337 2596 1451 2661 clerico
1471 2597 1639 2679 Propensis
1656 2597 1801 2677 diocesis,
1819 2599 1859 2664 de
1874 2599 1969 2665 bene-

457 2697 531 2763 licio
555 2699 773 2765 ecclesiastico
796 2719 867 2765 cum
891 2720 967 2766 cura
990 2701 1040 2766 vel
1064 2703 1133 2766 sine
1156 2721 1242 2781 cura,
1267 2705 1432 2783 spectante
1463 2703 1670 2765 communiter·
1698 2702 1748 2766 vel
1780 2703 1905 2769 divisim
1928 2705 1969 2770 ad

457 2802 666 2869 collacionem
690 2810 750 2869 616.
774 2805 898 2871 6116116
930 2811 964 2871 61
987 2811 1159 2871 conventus
1189 2806 1374 2871 monasterii
1405 2805 1569 2884 Lucensis,
1600 2806 1720 2872 ordinis
1752 2808 1970 2873 Premonstra-v

456 2909 569 2988 tensis,
594 2908 847 2993 Olomucensis‘)
872 2910 1066 2994 diocesis¹³l

564 3032 646 3097 Item
669 3051 726 3114 pro
749 3031 893 3098 Iohanne
916 3033 1030 3098 Jacobi
1053 3035 1092 3099 de
1116 3031 1277 3113 11166161)
1301 3032 1416 3097 clerico
1439 3032 1608 3115 Pregensis
1632 3033 1777 3114 diocesis,
1810 3034 1849 3099 de
1873 3035 1968 3099 bene·

459 3137 532 3200 licio
556 3134 774 3202 ecclesiastico
798 3157 869 3202 cum
892 3158 969 3204 cura
990 3139 1041 3203 vel
1064 3139 1133 3203 6166
1156 3157 1241 3216 cura,
1266 3142 1431 3220 spectante
1462 3138 1670 3202 communiter
1701 3138 1751 3204 vel
1779 3138 1904 3203 divishn
1928 3139 1968 3203 ad

458 3238 664 3305 collacionem
687 3247 748 3305 etc.
772 3241 898 3307 abbatis
914 3248 947 3308 61
964 3248 1136 3307 conventus
1158 3241 1343 3307 monasterii
1359 3241 1390 3306 in
1407 3240 1574 3321 Altouado,
1598 3242 1718 3309 ordinis
1736 3242 1967 3324 cisterciensis,

457 3343 604 3410 eiusdem
627 3342 817 3432 diocesis.¹⁴)

563 3466 645 3532 Item
678 3486 735 3550 pro
769 3468 900 3535 Nicolao
934 3469 1092 3551 quondam
1127 3468 1263 3535 Conradi
1294 3467 1334 3534 de
1362 3468 1520 3546 Wansou,
1555 3466 1670 3534 elerico
1693 3467 1968 3537 Wratislauiensis

457 3571 605 3650 diocesis,
630 3570 670 3635 de
692 3572 845 3638 beneficio
868 3573 1084 3638 ecclesiastico
1109 3593 1179 3638 cum
1203 3594 1279 3639 cura
1302 3575 1352 3639 vol
1376 3575 1445 3642 sine
1468 3592 1553 3652 cura,
1570 3578 1735 3655 spectante
1759 3576 1967 3640 communiter·

457 3674 511 3740 vel
534 3675 659 3740 divisim
676 3676 717 3747 sd
733 3676 939 3743 collacionem
962 3683 1022 3744 616.
1046 3673 1210 3762 prepositi,
1233 3678 1344 3744 decani
1362 3683 1394 3743 et
1411 3678 1542 3760 capituli
1565 3676 1700 3743 ecclesie
1723 3683 1832 3743 sancte
1856 3678 1968 3746 Crucis

457 3779 788 3863 Wratislauiensis¹⁵)

563 3901 645 3967 Item
667 3921 725 3983 pro
747 3902 885 3968 Martino
908 3903 1064 3986 qnondam
1084 3903 1302 3969 Weletzhonis
1318 3904 1358 3967 de
1374 3902 1478 3981 Duba,
1495 3901 1611 3968 clerico
1634 3904 1803 3986 Pragensis
1820 3905 1965 3986 diocesis

457 4006 498 4070 de
521 4006 675 4072 beneficio
698 4006 915 4073 ecclesiastico
940 4026 1010 4073 cnm
1034 4026 1110 4073 cura
1131 4008 1182 4072 vel
1206 4008 1274 4072 sine
1298 4027 1383 4086 cura,
1415 4013 1579 4090 spectante
1614 4008 1820 4074 communiter
1846 4007 1896 4073 vel
1920 4009 1966 4074 di·

456 4111 550 4175 visim
574 4110 614 4175 ad
638 4111 841 4176 collacionem
873 4118 933 4176 616.
957 4113 1082 4177 6116116
1113 4117 1146 4176 61
1176 4118 1349 4177 conventus
1373 4112 1556 4177 monasterii
1587 4112 1619 4175 in
1642 4111 1816 4192 Wilem0w‚
1847 4113 1967 4179 ordinis

457 4215 559 4279 sancti
582 4214 760 4294 Benedicti,
785 4217 927 4280 eiusdem
958 4215 1103 4291 (11666616,
1135 4235 1197 4280 666
1227 4217 1385 4294 61616616,
1417 4216 1500 4298 quod
1531 4235 1628 4298 super
1654 4215 1780 4282 deiectu
1804 4217 1966 4296 natalium,

458 4337 554 4399 quem
577 4319 660 4382 idem
684 4318 842 4383 Martinus
866 4321 995 4399 patitur,
1020 4319 1059 4382 de
1083 4317 1186 4384 soluto
1209 4321 1336 4401 genitus
1360 4327 1393 4385 61
1415 4320 1530 4401 661616,
1547 4321 1738 4386 auctoritate
1753 4327 1862 4387 vestra
1885 4322 1967 4387 alias

457 4441 567 4487 secum
590 4424 697 4487 extitit
719 4423 969 4487 misericorditer
992 4422 1264 4505 ‹lispensatum.¹⁶)

562 4544 644 4609 Item
668 4562 725 4625 pro
748 4543 903 4624 Johanne,
927 4550 1002 4609 nato
1026 4545 1112 4609 Petri
1140 4544 1179 4608 de
1202 4546 1303 4623 Luna,
1334 4545 1520 4628 presbytero
1552 4547 1722 4629 Prcgensis
1753 4546 1899 4624 diocesis,
1924 4547 1963 4612 de

456 4645 612 4713 beneficio
636 4648 853 4713 ecclesiastico
877 4668 947 4713 cum
971 4668 1047 4713 cura
1070 4649 1121 4713 vel
1143 4650 1212 4712 sine
1235 4668 1322 4727 cura,
1350 4654 1515 4731 spectante
1539 4651 1745 4715 communiter
1766 4649 1817 4715 vel
1841 4650 1967 4716 divisim

454 4752 497 4817 ad
521 4751 725 4816 collacionem
748 4756 808 4815 616.
833 4752 957 4816 6116116
981 4758 1013 4817 61
1036 4759 1209 4817 conventus
1241 4754 1427 4819 monasterii
1457 4755 1489 4818 in
1514 4753 1686 4835 Cladruna,
1718 4754 1839 4819 ordinis
1862 4756 1963 4820 666611

455 4856 635 4935 Benedicti,
660 4856 743 4920 (11616
768 4855 958 4935 (1166661611)

563 4979 643 5043 1166
668 4998 725 5061 pro
749 4978 953 5058 Theoderico,
978 4983 1051 5044 nato
1074 4979 1229 5045 Iohannis
1245 4978 1284 5042 de
1301 4977 1482 5059 Glathouia,
1500 4979 1615 5044 clerico
1635 4979 1804 5062 Progensis
1820 4980 1965 5061 diocesis,

454 5083 498 5148 de
520 5082 673 5148 beneficio
697 5084 916 5148 ecclesiastico
948 5103 1019 5148 cnm
1043 5103 1118 5148 cura
1140 5084 1190 5148 vel
1214 5084 1283 5147 sine
1307 5102 1393 5162 curu,
1428 5090 1595 5166 spectante
1618 5085 1825 5148 communiter
1847 5083 1897 5148 vel
1920 5085 1967 5150 di·

454 5188 551 5251 visim
575 5185 615 5251 ad
638 5187 843 5252 collacionem
868 5194 928 5252 616.
952 5188 1107 5270 prepositi
1130 5193 1163 5251 et
1186 5192 1359 5252 conventus
1383 5187 1566 5251 monialium
1590 5190 1621 5253 in
1645 5187 1830 5267 Chotissaw,
1847 5186 1967 5254 ordinis

453 5292 773 5370 Premonstratensis,
799 5292 882 5357 dicte
905 5292 1096 5375 diocesia¹⁸l

560 5416 642 5480 Item
667 5432 723 5496 pro
746 5414 902 5493 Iohanne,
926 5423 999 5481 nato
1023 5415 1180 5498 quondam
1211 5414 1373 5494 Fridelini‚
1405 5414 1519 5481 clerico
1551 5416 1720 5498 Progensis
1752 5415 1898 5494 diocesis,
1923 5414 1962 5478 (16

453 5518 610 5586 beneficio
635 5518 853 5585 ecclesiastico
878 5540 947 5584 cum
971 5541 1048 5586 cura
1071 5520 1121 5585 vel
1145 5521 1212 5585 sino
1236 5539 1322 5600 cura,
1346 5524 1512 5602 spectante
1536 5520 1744 5586 conrmuniter·
1766 5520 1816 5584 vel
1841 5519 1966 5585 divisim

452 5626 496 5692 ad
520 5623 726 5690 collacionem
741 5630 801 5691 etc.
818 5625 962 5708 rrragistri
979 5632 1012 5690 61
1027 5633 1200 5691 conventus
1223 5626 1408 5690 monasterii
1425 5626 1526 5690 sancti
1543 5626 1704 5691 Francisci
1729 5624 1965 5691 cruciferorum
2027 5650 2034 5666 ·

453 5729 659 5798 stellatorum
685 5729 717 5792 in
739 5729 821 5812 pede
845 5730 951 5812 pontis
974 5731 1155 5813 Pragensis,
1179 5731 1299 5796 ordinis
1322 5730 1423 5797 sancti
1447 5729 1672 5817 Augustini.¹⁹)

1826 5854 1859 5904 es
