5184 7050
1987 860 2051 928 287

536 1047 632 1115 48⁰.
654 1051 808 1141 Jolronm]
825 1069 893 1148 7095
907 1069 1088 1148 Romania&
1108 1066 1138 1125 el
1156 1058 1257 1126 simil-i
1278 1059 1369 1123 arado
1386 1058 1506 1139 Corelo,
1522 1062 1699 1128 rnercbioai
1714 1066 1888 1146 Morociae,
1904 1066 2049 1145 Anasta,

537 1164 776 1252 archiepiscopo
808 1172 974 1252 Processi,
1006 1176 1036 1236 ct
1065 1166 1218 1241 Johoaui,
1249 1167 1392 1248 episcopo
1418 1164 1623 1243 olomucensi,
1654 1170 1891 1235 eorumeadotor
1920 1174 2050 1237 acatius

988 1272 1179 1357 enumera,
1204 1271 1433 1354 ordriepiscopi
1455 1271 1613 1352 Ripensis.

1487 1444 1650 1522 Aoiaioac,
1673 1449 1760 1513 1345
1782 1448 1954 1517 Februarii
1974 1454 2006 1518 6.

642 1663 678 1729 Ο.
702 1665 735 1728 in
759 1665 815 1730 ch.
838 1666 860 1732 I.
883 1666 1032 1745 Iohanni,
1056 1665 1123 1745 regi
1146 1664 1275 1728 Boemie
1299 1661 1425 1727 illustri.
1451 1661 1530 1727 Cum
1552 1683 1581 1727 v.
1605 1664 1626 1728 f.
1651 1685 1681 1729 ιι.
1698 1665 1920 1748 Engelbertus
1942 1669 2046 1734 archi-

535 1768 710 1850 episcopus
743 1771 900 1854 Rigensis,
930 1771 971 1837 ad
1005 1772 1116 1836 utilem
1146 1768 1466 1845 administracionem,
1500 1769 1766 1849 gubernacionem
1800 1776 1833 1835 et
1870 1772 2045 1838 custodiam

532 1871 701 1951 bonorum,
735 1874 889 1940 honorum
923 1882 956 1940 et
989 1873 1293 1952 iurInur,adsna1n
1327 1872 1494 1937 ecclosimu
1517 1872 1686 1954 RIgeusem
1709 1879 1937 1956 spectantium,
1962 1878 2048 1942 sicut

532 1980 666 2042 tenetur
695 1981 828 2061 cupiens
858 1980 1023 2046 intendere
1053 1978 1191 2043 fideliter
1220 1982 1253 2041 et
1283 1976 1428 2053 solerter,
1460 1997 1516 2057 pro
1546 1979 1774 2059 recuperandis
1798 1984 1830 2044 et
1852 1980 2006 2046 habendis
2018 1994 2045 2062 ¹)

533 2081 728 2161 quibusdam
751 2090 855 2149 castro
877 2091 912 2150 et
934 2084 1017 2149 villis
1041 2083 1176 2165 aliisque
1200 2083 1303 2159 benIs,
1325 2081 1502 2147 redditibus
1526 2088 1559 2146 et
1582 2085 1797 2164 proventibus
1820 2086 1853 2149 iu
1870 2105 1965 2167 regno
1988 2093 2043 2151 tuo

531 2186 792 2279 consistentibus
817 2208 873 2271 per
894 2190 924 2254 b.
948 2209 988 2252 ιιι.
1015 2189 1217 2253 Fredericnm
1240 2187 1420 2268 Rigensem,
1444 2187 1704 2267 predecessorem
1727 2208 1828 2267 sunm,
1846 2190 1991 2255 debonis
2011 2197 2044 2255 et

534 2291 682 2371 pecuniis
711 2292 859 2374 Rigensis
889 2293 1023 2358 ecclesie
1054 2295 1138 2357 sicut
1161 2292 1317 2356 asseritur
1339 2292 1514 2372 acquisitis,
1539 2311 1630 2357 snum
1653 2294 1811 2372 nuncium,
1836 2295 2045 2360 exhibitorem

533 2395 749 2479 presencium,
780 2397 821 2461 ad
852 2403 939 2462 tuam
971 2399 1166 2480 presencIam
1197 2402 1230 2461 et
1260 2402 1368 2477 partes
1398 2394 1469 2460 illas
1501 2396 1694 2461 ordinaverit
1725 2399 1809 2462 slent
1830 2398 2044 2464 intelleximus

533 2498 768 2577 destinandmn,
791 2503 910 2584 regiam
933 2502 1158 2567 excellenciam
1181 2502 1338 2566 attencius
1362 2500 1578 2582 deprecamur,
1602 2507 1759 2581 quatenus
1776 2504 1923 2568 nuncium
1940 2505 2043 2585 ipsum

536 2603 674 2685 henirgne
696 2605 855 2686 recipiens
877 2611 911 2669 et
932 2612 1096 2688 gratanter
1115 2624 1211 2685 snper
1227 2605 1452 2686 recuperandis
1468 2610 1501 2669 et
1515 2606 1669 2670 habendis
1685 2610 1799 2684 castro,
1815 2607 1901 2670 villis
1916 2613 1950 2672 et
1972 2609 2044 2672 aliis

534 2707 626 2771 bonis
643 2712 677 2771 et
692 2709 824 2786 iuribus
840 2710 880 2773 ad
905 2711 989 2792 ipsos
1014 2711 1285 2790 arehiepiscopum
1302 2712 1335 2772 et
1350 2708 1518 2774 ecelesiam
1542 2710 1711 2791 Rigensem
1734 2711 1963 2792 spectantibus,
1985 2731 2042 2793 pro

534 2810 643 2874 divina
674 2817 707 2876 et
735 2813 909 2894 apostolice
940 2815 1026 2878 sedis
1048 2815 1233 2878 reverencia
1255 2814 1301 2877 sic
1323 2812 1448 2877 favores
1471 2814 1622 2878 exhibeas
1646 2821 1827 2897 oportunus,
1851 2815 1933 2897 quod
1957 2816 2042 2895 aliud

534 2915 628 2979 deum
652 2919 799 2998 augearis
822 2919 943 2982 meritis
967 2924 999 2982 et
1022 2919 1115 2999 iligna
1138 2917 1241 2982 landis
1265 2918 1476 2982 connnendari
1501 2925 1670 3000 propterea
1691 2920 1850 3001 preconiis
1879 2921 2040 2985 merearis.

534 3020 572 3083 I).
596 3019 756 3087 Aninione
780 3020 858 3086 VIII
882 3021 923 3085 id.
948 3022 1113 3087 Februarii
1136 3042 1164 3086 a.
1188 3023 1297 3086 tercIo.

637 3161 720 3225 Item
743 3160 775 3223 iu
798 3179 825 3226 e.
849 3180 889 3224 vn.
914 3161 942 3225 d.
967 3161 988 3225 f.
1013 3181 1043 3224 ιι.
1066 3180 1096 3224 v.
1121 3161 1244 3239 Cvrrolo,
1267 3162 1477 3243 primogenito
1501 3183 1526 3227 c.
1552 3163 1583 3226 in
1607 3161 1664 3227 Ch.
1688 3162 1709 3226 l.
1725 3182 1755 3227 n.
1773 3162 1938 3242 Iohannis
1955 3165 2039 3247 regis

533 3263 663 3328 Boe-mie
686 3263 830 3344 illustris
853 3265 1027 3331 marchioni
1051 3265 1206 3344 hloranie,
1230 3266 1336 3330 verbis
1360 3270 1575 3349 competenter
1597 3269 1739 3332 mutatis.
1788 3269 1826 3332 D.
1851 3272 1887 3332 nt
1910 3287 1933 3333 s.

637 3404 719 3468 Item
752 3404 784 3467 in
815 3423 842 3468 e.
872 3424 913 3469 m.
936 3423 966 3468 v.
990 3405 1011 3469 f.
1035 3405 1181 3484 Amesto,
1216 3406 1456 3488 archiepiscopo
1490 3406 1652 3488 l’ragensi,
1684 3408 1791 3472 verbis
1825 3414 2040 3491 competenter

532 3511 677 3576 mutatis.
722 3510 762 3575 D.
788 3514 823 3573 ut
846 3529 870 3575 s.

637 3649 717 3714 Item
742 3649 774 3713 in
796 3668 823 3714 c.
847 3669 888 3715 m.
911 3670 940 3715 v.
964 3651 985 3716 l.
1010 3650 1158 3729 Iohanni,
1182 3651 1333 3733 episcope
1358 3650 1571 3717 Olomncensi.
1618 3653 1656 3716 I).
1680 3657 1717 3716 ut
1739 3668 1764 3716 s.

636 3890 786 3945 ClementIs
803 3890 842 3944 VI
859 3888 890 3945 V.
912 3896 960 3945 138
978 3896 1058 3958 (secr.
1076 3910 1100 3947 a.
1118 3893 1169 3958 III)
1195 3893 1510 3959 f.1os'n.var-vav;
1534 3909 1560 3945 n.
1580 3898 1629 3945 727
1658 3892 1700 3947 ed.
1729 3891 1814 3946 CDM.
1843 3892 1894 3946 VH
1920 3909 1947 3945 n.
1977 3900 2036 3961 586,

529 3977 618 4032 ΚΒΜ,
639 3977 678 4030 lv
697 3995 723 4031 n.
743 3982 820 4031 1510.
837 4008 871 4018 -
898 3982 922 4044 ¹)
940 3986 977 4045 ,et
995 3979 1139 4034 hahendis‘
1157 3979 1303 4048 repetitum
1323 3979 1354 4032 V.

523 4647 619 4713 481.
652 4646 808 4725 Julianus,
830 4648 897 4727 rep-i
933 4649 1109 4725 Bolia-orrico,
1140 4651 1347 4732 respondetur
1368 4672 1463 4733 srcper
1485 4657 1580 4732 facto
1604 4651 1755 4715 ladorici
1777 4652 1814 4715 de
1840 4654 1984 4717 Bouario
2005 4658 2036 4717 ct

526 4749 693 4824 llosimiri,
728 4751 811 4831 repis
846 4752 1003 4831 Pelori-oc,
1037 4775 1075 4817 oe
1105 4776 1200 4838 sopior
1230 4754 1464 4838 ‹lispoasotioac
1485 4757 1681 4820 acetrimoaii
1703 4756 1822 4821 dorrcior'
1844 4758 1881 4821 dc
1903 4758 2032 4840 Lippio.

1320 4945 1418 5027 Apral
1448 4946 1684 5021 Villomaoeoru,
1712 4950 1798 5013 1345
1819 4949 1936 5013 Marco
1958 4953 1989 5013 9.

633 5131 668 5196 C.
703 5131 735 5194 in
771 5132 827 5196 Ch.
862 5133 883 5197 l.
918 5133 1064 5212 Jolmuni,
1101 5138 1166 5216 regi
1201 5138 1332 5202 ltvvevnie
1366 5138 1491 5203 illustri.
1538 5140 1723 5219 Intellectis
1757 5160 1819 5223 que
1851 5142 1942 5206 nobis
1976 5163 2032 5223 pro

525 5242 618 5317 parte
640 5240 695 5299 tue
719 5236 916 5302 celsitudinis
941 5239 969 5303 d.
994 5239 1015 5303 f.
1040 5241 1153 5304 Petrus
1178 5242 1216 5305 de
1237 5242 1358 5319 Wrdon,
1382 5248 1457 5307 tnus
1480 5246 1622 5322 rumeins
1644 5247 1822 5328 explicavit,
1839 5245 1914 5311 lieet
1936 5265 2032 5327 super

524 5339 717 5421 quibusdam
749 5358 856 5405 comm
889 5344 1155 5424 responderimus,
1187 5346 1258 5411 aliis
1288 5352 1393 5411 tamen
1421 5349 1673 5429 respondendnm
1697 5369 1757 5415 non
1782 5350 1937 5429 duximus,
1962 5371 2031 5415 cum

524 5462 580 5524 per
605 5442 634 5507 d.
658 5444 680 5508 f.
704 5446 889 5526 magistrum
921 5447 1094 5513 Geraldnm
1125 5450 1164 5513 de
1195 5451 1358 5533 hlagnaeo,
1390 5453 1588 5534 capellanum
1618 5461 1769 5535 nostrum,
1793 5456 2030 5537 quampridem

522 5549 561 5612 ad
596 5554 685 5613 tuam
719 5552 915 5629 presenciam
950 5552 1188 5632 destirravimus,
1224 5558 1460 5637 responsionem
1494 5562 1548 5623 tur
1583 5557 1818 5642 magmficencie
1852 5560 2030 5625 miserimus

522 5672 620 5735 super
642 5654 700 5718 eis.
725 5654 823 5718 Porro
847 5674 943 5736 super
965 5657 1048 5720 facto
1072 5659 1227 5724 Ludouici
1251 5661 1289 5725 do
1313 5663 1454 5726 Ilavvaria
1476 5664 1599 5728 noviter
1629 5663 1816 5744 andivimus,
1847 5665 1931 5746 qnod
1962 5666 2030 5730 eius

522 5758 638 5837 nuncii,
670 5756 821 5822 videlicet
851 5760 964 5824 nobilis
997 5763 1100 5827 vir..
1125 5781 1230 5828 comes
1261 5765 1300 5829 de
1332 5764 1483 5848 Ottiugcn
1513 5771 1547 5834 et
1576 5768 1727 5852 magister
1756 5768 1908 5848 Wlaicns,
1942 5770 2031 5852 circa
