5184 7050
646 1046 720 1112 Fiat
742 1046 780 1124 R,
804 1047 860 1111 sed
883 1046 966 1130 quod
989 1065 1050 1112 non
1078 1048 1120 1113 sit
1143 1047 1183 1111 de
1210 1053 1316 1112 cetero
1340 1053 1451 1112 eontra
1474 1048 1561 1113 illam
1586 1049 1763 1115 eeclesiam.
1801 1051 1845 1115 m
1868 1071 1898 1134 q.
1920 1057 1944 1117 t.
1969 1071 1995 1118 s.
2019 1072 2046 1118 a.

543 1153 564 1216 l.
587 1152 661 1217 Fiat
683 1152 720 1217 R.
766 1153 885 1216 Datum
908 1156 943 1215 ut
966 1168 1073 1233 supra,
1098 1150 1317 1236 [Aninione]·)
1340 1152 1370 1216 X
1393 1150 1456 1215 kal.
1480 1151 1568 1216 Junii
1591 1152 1634 1237 [a.
1658 1153 1816 1238 primo].·)
1956 1149 1961 1161 '

648 1356 794 1412 Clementis
812 1357 850 1411 VI
868 1356 886 1410 S
905 1356 946 1428 Ill
966 1357 1004 1425 (1)
1022 1355 1041 1409 f.
1060 1361 1084 1409 8.
1103 1386 1136 1396 -
1158 1359 1181 1421 1·)
1201 1356 1357 1427 suppletum
1376 1356 1410 1411 ab
1430 1356 1543 1411 editore.
1564 1388 1595 1397 -
1617 1358 1636 1423 ¹)
1657 1354 1690 1410 el.
1712 1364 1776 1411 1341
1796 1358 1892 1413 Maiis
1907 1360 2003 1431 (Gamo
2018 1378 2045 1430 p.

542 1447 605 1511 264)
625 1443 673 1498 cir.
693 1443 858 1512 Werunalry,
877 1443 975 1498 Gesch.
995 1444 1028 1497 Κ.
1048 1443 1116 1498 liarl
1134 1444 1181 1511 lv,
1199 1444 1221 1512 I,
1240 1450 1386 1498 302-309.

1194 1692 1282 1699 -.-⁴...
1304 1692 1312 1699 v

543 1988 581 2052 4.
613 1985 786 2050 Laurentio
809 1984 955 2049 Harllieb
979 1984 1165 2068 providetur
1194 1984 1232 2048 de
1255 1974 1444 2048 cuucumrtu
1465 1988 1495 2047 et
1512 1983 1694 2067 praebenda
1718 1985 1752 2049 ia
1783 1985 1914 2050 caua-lc
1946 1985 2050 2049 Vruti-

1121 2086 1273 2153 aleranni
1296 2085 1490 2155 uocantibus.

664 2154 671 2225 Ι
1967 2218 1971 2223 ,

588 2219 636 2419 ὲ
651 2246 698 2417 ξ
1550 2297 1713 2372 rasarone,
1736 2300 1822 2362 1342
1846 2300 1931 2364 uara
1952 2301 2006 2363 23.

649 2525 686 2589 D.
711 2525 731 2587 l.
755 2524 929 2587 Laurentio
952 2522 1091 2604 Hartlip,
1116 2524 1267 2588 canonico
1291 2524 1562 2599 Wratislauiensi,
1587 2543 1610 2589 s,
1636 2530 1696 2589 etc.
1721 2523 1823 2588 Grata
1855 2530 1888 2588 et
1919 2533 2054 2607 accepta

546 2628 665 2693 dudum
688 2647 745 2710 per
767 2635 801 2692 te
824 2628 914 2691 nobis
937 2628 1082 2708 impensa
1105 2628 1258 2708 obsequia
1281 2627 1525 2707 litterarumque
1548 2628 1722 2708 sciencia·)
1739 2621 1776 2692 'ot
1798 2634 1856 2692 alia
1879 2636 1944 2710 tibi,
1978 2637 2056 2694 sicut

546 2737 692 2810 iidedlgno
726 2738 894 2797 testimonio
927 2739 1119 2811 percepimus,
1154 2737 1348 2810 suffragancia
1381 2738 1485 2795 merita
1519 2739 1675 2810 probitatis
1709 2755 1763 2796 nos
1794 2739 1925 2797 excitant
1955 2745 1987 2798 et
2009 2742 2054 2797 in·

547 2844 666 2917 educunt,
690 2848 722 2899 ut
745 2842 799 2900 tibi
822 2842 978 2900 reddamur
1000 2842 1038 2899 ad
1060 2842 1188 2914 graciam
1210 2841 1357 2900 liberales.
1382 2833 1461 2898 Cum
1484 2835 1595 2916 itaque
1619 2836 1825 2900 canonicatus
1841 2842 1874 2899 ct
1888 2837 2054 2917 prebenda

546 2941 681 3006 ecclesie
703 2939 988 3017 Wratislauiensis,
1011 2957 1091 3020 quos
1113 2959 1142 3004 v.
1166 2939 1187 3003 f.
1210 2958 1241 3003 n.
1264 2939 1448 3015 Predzlaus,
1473 2939 1641 3020 episcopus
1664 2938 1951 3017 Wratislauiensia
1976 2940 2052 3005 olim

547 3044 688 3109 eiusdem
723 3044 858 3108 ecclesie
890 3043 1165 3108 Wratislauiensis
1200 3045 1371 3109 canonicus
1404 3043 1631 3124 prebendatuS,
1665 3050 1808 3124 ternpore
1842 3045 2057 3123 promocionis

547 3151 587 3214 (le
602 3149 672 3229 ipso
687 3167 745 3229 per
761 3148 781 3212 f.
795 3167 821 3212 r.
834 3147 1043 3212 Benedictuur
1058 3165 1175 3229 papam
1190 3147 1264 3226 XII,
1281 3148 1539 3229 predecessorem
1556 3153 1708 3225 nostrum,
1726 3147 1766 3211 ad
1783 3146 1916 3211 eandem
1929 3148 2058 3224 ¹Wrati·

547 3253 740 3323 slauiensom
752 3251 920 3316 ecclesiam
931 3257 1007 3316 tnnc
1019 3256 1186 3315 iracantem
1199 3252 1283 3317 lacte
1292 3249 1318 3332 ιι)
1335 3252 1509 3329 obtinebat,
1522 3272 1579 3333 per
1590 3252 1772 3316 huiusmodi
1788 3252 2057 3333 promocionem)

547 3362 580 3421 et
610 3356 863 3421 consecracionis
894 3374 1017 3432 munna,
1048 3355 1088 3419 do
1118 3355 1268 3419 mandato
1299 3356 1400 3438 ipsius
1430 3356 1677 3436 predecessoris
1700 3362 1776 3420 tunc
1808 3355 1918 3420 eodem
1940 3356 2057 3437 prede·

548 3479 674 3526 cessone
705 3460 737 3524 in
769 3459 915 3524 burnonis
947 3465 1071 3541 agente,
1105 3460 1191 3541 alind
1225 3460 1331 3524 sedem
1356 3460 1563 3542 apostolicam
1587 3460 1763 3542 impensum
1787 3460 1899 3538 eiclcnr,
1913 3459 1938 3540 ¹)
1961 3479 2058 3525 raca·

547 3566 650 3628 rerint
674 3570 706 3627 et
729 3581 845 3627 vacare
868 3567 1040 3627 noscantur
1063 3564 1104 3627 ad
1127 3582 1276 3645 presens:
1301 3583 1358 3628 nos
1382 3564 1595 3640 attendentes,
1619 3564 1703 3645 quod
1726 3565 1832 3629 nullus
1865 3571 1975 3645 proter
1997 3584 2056 3630 nos

547 3669 607 3733 liae
629 3669 699 3732 rice
722 3668 761 3731 de
784 3668 863 3748 ipsis
887 3668 1074 3731 canonicatu
1099 3673 1131 3731 et
1154 3666 1327 3748 prebenda,
1348 3667 1387 3730 clo
1410 3668 1526 3747 quibus
1549 3667 1631 3731 idem
1655 3668 1862 3749 predecessor
1884 3687 1946 3733 non
1970 3668 2056 3732 ordi-

548 3773 647 3849 narit,
686 3771 856 3853 disponere
888 3771 991 3852 possit
1024 3790 1082 3851 pro
1116 3789 1163 3847 eo,
1200 3770 1284 3850 quod
1318 3769 1401 3834 idem
1436 3771 1642 3852 prodecessor
1676 3771 1730 3836 diu
1755 3778 1829 3836 ante
1852 3772 2056 3835 vacationem

547 3875 727 3939 huiusmodi
751 3893 859 3938 onmes
883 3876 1088 3939 canonicatus
1112 3880 1144 3938 et
1166 3874 1347 3954 prebendas
1370 3880 1541 3954 ceteraque
1564 3873 1718 3939 beneficia
1741 3875 1962 3940 ecclesiastica
1977 3881 2057 3941 tuno

548 3979 633 4060 apud
656 3979 774 4043 dictam
798 3977 904 4041 sedem
928 3978 1080 4041 racancia
1104 3983 1135 4041 et
1158 3978 1289 4041 inantea
1314 3983 1466 4041 vacatura
1498 3977 1663 4042 collacioni
1696 3985 1727 4043 ct
1759 3978 1964 4065 disposicioni
1997 3998 2056 4044 sne

549 4083 734 4165 specialiter
756 4101 924 4147 reservans
948 4081 1088 4145 decrerit
1111 4087 1227 4146 extunc
1251 4080 1375 4145 irrituin
1399 4087 1431 4145 et
1454 4083 1558 4159 inane,
1583 4083 1609 4145 si
1633 4101 1726 4146 secus
1749 4101 1846 4163 super
1864 4081 1926 4146 hiis
1942 4101 1961 4145 a
1978 4099 2057 4163 quo·

549 4206 644 4268 quam
667 4187 781 4268 quavis
805 4186 999 4249 auctoritate
1022 4186 1161 4248 scienter
1184 4184 1234 4247 vel
1258 4186 1441 4263 ignoranter
1457 4187 1654 4267 reintingeret
1670 4187 1865 4267 attemptari,
1882 4204 1919 4250 ac
1942 4185 2059 4250 deinde

549 4292 633 4356 (licto
656 4291 892 4373 predecessore,
916 4290 999 4353 sicut
1022 4288 1146 4352 ‹loniino
1169 4289 1301 4369 placuit,
1315 4290 1409 4353 rebus
1432 4289 1578 4353 liunranis
1601 4296 1748 4370 exempto
1772 4309 1838 4367 nos,
1856 4290 1911 4371 qui
1933 4290 2053 4355 luimus

549 4394 589 4457 ad
621 4395 743 4475 apicem
774 4394 886 4458 suncini
918 4393 1116 4473 apostolatus
1147 4393 1312 4473 assumpti,
1337 4412 1356 4455 a
1380 4394 1470 4456 cuius
1501 4391 1667 4474 quideml)
1701 4400 1809 4456 nostre
1842 4394 2057 4474 promocionis

549 4499 687 4564 exordiis
721 4517 803 4562 unus
835 4497 953 4561 mensis
987 4496 1124 4560 nondum
1155 4495 1284 4577 elapsus
1315 4497 1433 4574 existit,
1458 4515 1565 4560 ornnes
1588 4496 1768 4561 huiusmodi
1792 4498 2000 4560 canonicatus
2024 4504 2057 4561 ct

549 4602 728 4685 prebendas
752 4622 789 4666 ac
811 4600 967 4665 beneficia
990 4600 1174 4681 supradicta
1198 4619 1268 4664 (ηηη
1292 4600 1405 4663 similis
1427 4601 1673 4681 interposieione
1697 4600 1816 4665 ‹lecreti
1838 4600 2004 4664 collacioni
2022 4606 2055 4665 ot

548 4707 752 4788 disposicioni
776 4713 884 4769 nostre
907 4704 1053 4769 duximus
1076 4705 1223 4768 similiter
1245 4703 1447 4781 reservanda,
1465 4704 1662 4768 accolentes
1682 4705 1751 4781 tibi,
1769 4704 1933 4768 clemcoet
1956 4705 2056 4768 serri-

549 4813 612 4876 tori
643 4815 752 4875 nostro
776 4810 969 4890 iurisperito,
993 4809 1217 4890 premissorum
1248 4809 1433 4872 rrieritorum
1466 4814 1591 4872 tuorum
1626 4808 1743 4872 intuitu
1778 4809 1917 4888 graciam
1951 4808 2059 4871 facere

550 4915 731 4996 specialem,
767 4914 988 4977 canonicatum
1023 4918 1055 4977 et
1088 4912 1282 4994 prebendam
1316 4912 1477 4993 predictos
1511 4913 1556 4977 sic
1587 4918 1739 4977 vacantes
1763 4930 1832 4975 cnm
1855 4912 2058 4993 plenitudine

550 5020 628 5084 iuris
652 5019 794 5084 canonici
818 5036 855 5081 ac
879 5018 1023 5082 omnibus
1046 5018 1169 5082 iuribus
1192 5023 1224 5080 ct
1247 5017 1454 5097 pertinenciis
1478 5017 1544 5080 suis
1568 5016 1744 5097 apostoliea
1774 5016 1832 5079 tibi
1864 5015 2058 5078 auctoritate

550 5124 741 5189 conferimus
773 5128 805 5186 ct
835 5121 875 5185 de
906 5122 971 5186 illis
1001 5122 1102 5186 eciam
1129 5121 1340 5203 providemus,
1365 5122 1522 5201 [claruere
1546 5124 1684 5193 ,decretu
1708 5129 1741 5178 ut
1767 5126 1798 5179 in
1823 5142 1852 5178 a.
1878 5120 1943 5199 6.l,·
1966 5119 2057 5198 [aaa

549 5233 743 5290 obstantibus
766 5231 994 5304 quibuscunque
1014 5231 1143 5285 statiua
1167 5235 1194 5285 ct
1217 5230 1494 5286 consuctudinibus
1517 5261 1557 5269 —
1578 5231 1710 5300 prarlcs‘
1735 5231 1768 5282 ut
1790 5230 1820 5282 iu
1839 5246 1868 5282 η.
1886 5223 1944 5303 6.],
1960 5240 2018 5285 Seu
2032 5225 2058 5301 ⁰)

550 5333 635 5414 quod
651 5333 734 5397 sicut
750 5333 868 5395 asseris
885 5348 981 5412 super
1014 5331 1203 5395 canonicatu
1238 5336 1271 5393 ot
1304 5329 1466 5410 prebenda
1500 5328 1635 5392 ecclesie
1670 5333 1780 5391 sancte
1804 5326 1916 5391 Crucis
1939 5325 2059 5390 Wrati·

550 5436 720 5501 sianiensis
736 5436 877 5499 nosceris
893 5435 1029 5515 litigare.
1053 5434 1207 5499 Volumus
1224 5432 1448 5512 actamquae,
1465 5439 1633 5514 postquam
1649 5431 1757 5511 rigore
1772 5429 1931 5511 presentis
1951 5431 2060 5510 gracie

551 5540 707 5603 dictorum
724 5538 929 5601 canonicatus
946 5544 978 5601 et
993 5537 1155 5618 prebendo
1171 5536 1255 5600 dicte
1271 5536 1407 5600 ecclesie
1419 5535 1696 5599 Wratislauiensis
1712 5534 1811 5597 lucris
1826 5534 2059 5614 possessionem

550 5640 716 5726 pacificam
739 5646 916 5718 assecutus,
941 5642 967 5704 si
991 5640 1117 5704 eosdem
1149 5640 1371 5704 canonicatum
1402 5645 1434 5702 ot
1465 5638 1658 5720 prebendam
1682 5637 1768 5702 dicte
1791 5636 1925 5700 ecclesie
1949 5643 2060 5700 sancte

551 5746 664 5812 Crucis
676 5747 802 5810 interim
818 5746 964 5810 evincere
978 5749 1012 5808 te
1028 5745 1201 5825 contingat,
1216 5743 1298 5821 illos,
1314 5748 1409 5824 prout
1424 5742 1466 5807 ad
1481 5742 1514 5807 id
1528 5749 1562 5807 te
1578 5747 1691 5823 sponte
1709 5740 1866 5818 obtulisti,
1886 5738 2059 5818 dimittere,
