5184 7050
1860 833 1925 899 497

409 1040 479 1105 site
500 1045 535 1105 et
557 1059 678 1106 morum
700 1039 851 1106 honestas
874 1045 908 1105 ιι
929 1040 994 1106 alia
1015 1039 1170 1106 virtutum
1189 1039 1359 1122 probitatis
1374 1039 1489 1106 merita
1510 1039 1735 1122 suffragantur,
1751 1040 1927 1123 specialem

410 1145 551 1227 graciam
574 1145 739 1223 facientes,
763 1146 793 1210 ei
817 1145 857 1210 de
879 1145 1067 1211 canonicatu
1090 1144 1226 1211 ecclesie
1243 1144 1410 1227 dystensis
1432 1145 1530 1228 [sict]
1553 1144 1725 1227 dignemini
1748 1144 1926 1227 providere,

411 1250 610 1332 prebendam
632 1250 665 1315 iu
687 1250 774 1315 dicta
797 1249 934 1315 ecclesia
956 1254 1122 1316 vacantem
1145 1248 1196 1315 sel
1218 1254 1402 1314 vacaturam
1425 1249 1486 1314 sibi
1509 1248 1734 1315 conferendam
1757 1248 1924 1315 donaciani

412 1353 589 1437 apostolica
611 1357 824 1434 reservantes,
848 1372 918 1419 cum
941 1354 1164 1436 acceptaciono
1187 1359 1258 1432 etc,
1281 1353 1524 1432 nonobstante,
1555 1353 1640 1435 qnod
1662 1353 1695 1418 in
1718 1353 1923 1436 Wysenstaig

412 1463 448 1523 ιι
469 1457 666 1536 Herridensi,
691 1456 949 1526 Constanciensis
979 1463 1012 1523 ιι
1041 1458 1210 1541 Eystensis
1242 1458 1425 1536 diocesium,
1458 1458 1662 1523 canonicatus
1690 1463 1723 1522 et
1744 1458 1926 1540 prebendas

414 1580 452 1627 ac
475 1561 578 1627 altare
599 1563 695 1627 beato
716 1562 856 1645 Virginis
879 1562 912 1628 in
932 1562 1196 1642 Grauenburhen,
1212 1563 1425 1645 augustensis
1448 1560 1594 1641 diocesis,
1610 1562 1752 1627 noscitur
1771 1562 1925 1642 obtinere,

413 1684 472 1731 seu
496 1665 580 1748 quod
602 1667 635 1731 in
657 1665 785 1747 prefata
807 1667 959 1749 Eystensi
982 1666 1120 1732 ecclesia
1144 1671 1298 1732 statutum
1321 1667 1500 1732 luramento
1522 1664 1681 1731 firmatum
1703 1667 1823 1747 existit,
1842 1665 1926 1748 quod

413 1769 521 1834 nullus
544 1770 685 1835 existens
709 1769 741 1834 in
763 1771 890 1853 prelata
912 1769 1100 1836 Herridensi
1138 1769 1276 1836 ecclesia
1306 1770 1478 1836 canonicus
1507 1767 1724 1852 prebendatus
1740 1770 1927 1853 ‚recipiatur

415 1873 448 1939 in
472 1872 558 1939 dicta
580 1874 732 1956 Eysteusi
755 1873 891 1941 ccclesia
913 1875 945 1939 in
969 1874 1155 1940 canonicum
1179 1879 1212 1938 et
1234 1874 1267 1939 in
1288 1873 1429 1952 hatrem,
1460 1878 1493 1938 et
1524 1891 1595 1937 cum
1618 1872 1689 1938 aliis
1712 1892 1775 1939 non
1797 1874 1926 1939 obstan·

413 1978 501 2044 tibus
525 1983 559 2043 et
581 1978 734 2045 clausulis
757 1979 922 2062 oportunis
945 1984 980 2043 et
1001 1979 1235 2045 executoribus.

521 2082 596 2147 Fiat
617 2083 656 2147 R.
667 2081 693 2166 ¹)

519 2187 603 2253 Item
626 2186 794 2270 supplicat,
818 2191 975 2270 quatenus
998 2187 1133 2252 similem
1148 2192 1296 2269 utsupra
1318 2186 1457 2270 graciam
1480 2185 1585 2251 Iacere
1608 2185 1781 2268 dignemini
1802 2185 1926 2251 Raboni

414 2291 502 2358 dicto
525 2292 676 2358 Kochner
699 2293 739 2358 da
761 2293 973 2376 Bopphingen
996 2292 1036 2357 de
1051 2292 1238 2357 canonicatu
1261 2295 1295 2356 et
1316 2291 1477 2373 prebenda
1491 2290 1524 2355 in
1540 2289 1676 2356 ecclesia
1694 2290 1925 2370 Fuhtwacensi‚

412 2396 630 2480 angustensis
661 2396 808 2476 diocesis,
845 2416 916 2462 cum
951 2397 1176 2479 acceptaciono
1207 2401 1241 2462 ot
1272 2414 1336 2462 non
1368 2395 1570 2462 obstantibus
1603 2399 1637 2459 et
1668 2393 1820 2461 clausulis
1853 2394 1926 2461 aliis
1965 2453 1966 2457 ,

413 2505 450 2566 ut
472 2517 582 2583 supra.

519 2605 595 2670 Fiat
616 2604 691 2688 ΙΝ)

519 2709 601 2775 Item
624 2709 785 2792 supplicat
807 2715 844 2774 ιιι
866 2728 962 2793 supra
985 2709 1127 2791 proximo
1150 2727 1208 2791 pro
1230 2709 1378 2774 lohanno
1393 2708 1478 2774 dicto
1494 2709 1534 2774 de
1551 2708 1728 2790 Nemingsn
1749 2726 1809 2791 pro
1831 2727 1924 2775 cano·

410 2813 524 2879 nicatu
547 2820 582 2879 ιι
602 2815 766 2897 prebenda
796 2815 828 2880 in
859 2814 996 2879 ecclesia
1029 2814 1132 2880 sancti
1162 2813 1311 2879 Mauricii
1339 2813 1562 2896 augustensis,
1597 2832 1667 2877 cum
1701 2812 1924 2895 acceptacione

410 2923 487 2997 etc,
504 2937 566 2984 non
589 2919 747 2999 obstante,
771 2920 855 3001 quod
878 2919 1047 2985 ecclesiam
1069 2917 1300 3001 parrochialem
1316 2918 1348 2982 in
1363 2918 1478 2996 asche,
1496 2916 1753 2983 constanciensis
1776 2916 1923 2995 diocesis,

410 3023 559 3089 noscitur
581 3023 734 3103 obtinere,
758 3029 792 3088 et
814 3042 885 3088 cum
907 3023 979 3089 aliis
1001 3042 1064 3089 nou
1086 3022 1287 3089 obstantibus
1310 3027 1344 3087 et
1365 3021 1517 3087 clausulis
1539 3027 1576 3088 ιιι
1597 3039 1704 3104 supra.

519 3127 595 3192 Fiat
616 3126 691 3210 It.⁸)

520 3231 603 3297 Item
627 3232 794 3314 supplicat,
811 3237 967 3314 quatenus
990 3231 1125 3296 similem
1148 3236 1184 3297 ut
1207 3249 1305 3314 supra
1327 3233 1467 3313 graciam
1490 3231 1595 3296 iacere
1619 3229 1790 3312 dignemini
1817 3228 1923 3295 Vlrico

411 3335 501 3401 dicto
524 3336 650 3416 Vetaor,
674 3337 817 3402 studenti
840 3336 873 3401 in
895 3337 964 3401 iure
986 3337 1146 3415 canonico,
1164 3336 1203 3400 de
1219 3336 1407 3402 canonicatu
1431 3340 1464 3400 et
1484 3335 1647 3418 prebenda
1665 3334 1801 3399 ecclesie
1815 3334 1924 3415 augu-

409 3441 543 3518 stensis
579 3460 649 3506 cum
680 3442 905 3523 acceptacione
935 3446 1007 3520 etc,
1037 3459 1099 3505 non
1129 3441 1285 3519 abstante,
1317 3440 1401 3523 quod
1435 3440 1602 3504 ecclesiam
1630 3437 1860 3523 parrochialem
1891 3437 1923 3502 in

411 3546 599 3630 Staynhem,
624 3546 836 3630 augustensis
859 3545 1006 3626 diocesis,
1029 3546 1174 3611 noscitur
1204 3546 1358 3626 obtinere,
1390 3551 1422 3610 et
1453 3564 1524 3610 oum
1546 3543 1618 3610 aliis
1640 3563 1704 3609 non
1726 3543 1926 3610 obstantibus

411 3655 447 3715 ot
472 3650 628 3716 clausulis
650 3655 687 3714 ιιι
709 3669 816 3734 supra.

519 3755 592 3820 Fiat
613 3755 688 3839 R.⁴)

518 3860 600 3925 Item
621 3860 791 3944 supplicat,
808 3866 964 3943 quatenus
984 3860 1088 3926 tribus
1110 3860 1295 3926 absentibus
1318 3864 1449 3942 propter
1470 3858 1593 3924 viarum
1616 3856 1799 3923 discrImina
1821 3856 1922 3922 beati·

409 3966 494 4032 tudo
517 3965 662 4048 predicta
682 3967 847 4031 remittere
870 3965 1019 4050 dIgnetur
1041 3984 1183 4031 examen.

516 4069 592 4135 Fiat
612 4070 650 4136 Il.

517 4174 600 4240 Item
629 4174 797 4258 significat,
828 4175 913 4258 quod
942 4175 1168 4241 monasterium
1198 4175 1231 4240 in
1265 4172 1544 4255 Herbrebitingen,
1578 4172 1611 4237 in
1644 4190 1706 4254 quo
1739 4171 1923 4254 prepositus

412 4283 448 4345 at
472 4278 616 4343 canonici
639 4279 803 4361 regulares
826 4279 944 4344 ordinis
968 4280 1072 4344 sancti
1095 4278 1265 4361 Augustini
1289 4278 1439 4357 existunt,
1462 4276 1674 4359 augustensis
1697 4276 1843 4355 diocesis,
1867 4294 1924 4358 per

410 4385 559 4450 fautores
582 4382 745 4464 dampnati
767 4382 921 4448 Ludouici
937 4383 977 4447 do
992 4383 1131 4448 Bauaria
1153 4382 1291 4447 inbonis
1314 4383 1381 4448 suis
1400 4383 1433 4447 in
1448 4380 1586 4446 maxima
1606 4384 1699 4463 parte
1722 4380 1923 4446 devastatum

411 4492 466 4553 est
490 4492 524 4551 ιι
546 4487 760 4564 destructum
785 4505 885 4568 quare
907 4488 1076 4570 supplicat,
1101 4492 1259 4568 quatenus
1281 4488 1360 4568 ipsis
1383 4490 1548 4551 eteorum
1569 4472 1761 4550 monasterio
1788 4491 1922 4567 paterno

412 4591 651 4673 compatientes
674 4590 790 4656 affectu
824 4590 976 4655 ecclesias
998 4590 1213 4673 parrochiales
1247 4591 1279 4655 in
1308 4589 1596 4672 NyderstotzIngen
1626 4594 1659 4656 et
1688 4590 1720 4654 in
1743 4588 1922 4671 Sctzingen,

412 4697 503 4762 dicte
528 4694 673 4775 diocesis,
696 4695 737 4760 de
759 4701 928 4776 patronatu
952 4713 1060 4759 aarum
1090 4695 1275 4773 existentes,
1306 4712 1439 4775 quarum
1469 4693 1600 4774 fruetus,
1630 4693 1774 4759 redditus
1797 4698 1830 4758 et
1850 4711 1923 4776 pro-

413 4806 535 4866 ventus
557 4800 697 4865 valorem
721 4819 859 4864 annuum
881 4800 993 4866 XVIII
1015 4800 1213 4864 marcharum
1242 4798 1366 4882 argenti
1389 4796 1562 4863 secundnm
1584 4798 1780 4863 taxacionem
1804 4797 1924 4863 decime

412 4925 481 4971 non
503 4905 671 4984 excedunt,
687 4904 766 4986 ipsis
789 4910 822 4969 ot
845 4924 953 4969 aarum
975 4904 1168 4969 manasterio
1191 4923 1248 4986 pro
1265 4904 1332 4969 suis
1347 4902 1591 4968 necessitatibus
1613 4901 1793 4967 relevandis
1815 4902 1924 4985 digne·

411 5010 494 5075 mini
517 5010 751 5090 imperpetuum
774 5009 987 5091 incorporare,
1010 5013 1180 5074 annectere
1203 5013 1236 5072 ιι
1258 5009 1359 5088 unire,
1375 5007 1421 5074 ita
1443 5007 1528 5088 quod
1551 5006 1737 5071 cedentibus
1759 5005 1810 5071 vel
1830 5006 1923 5071 deae·

412 5114 567 5180 dentibus
590 5113 745 5178 dictarum
768 5112 973 5178 ecclesiarum
996 5114 1173 5179 rectoribus
1196 5118 1267 5200 etc,
1291 5117 1455 5177 reservata
1481 5116 1552 5191 etc,
1577 5110 1826 5176 contradictores
1850 5116 1922 5191 etc,

413 5227 449 5286 et
473 5237 546 5283 curn
568 5217 640 5282 aliis
662 5237 724 5282 non
747 5218 947 5283 obstantibus
971 5224 1004 5283 et
1027 5217 1179 5283 clausulis
1201 5218 1376 5300 oportunis.

518 5322 594 5387 Fiat
617 5322 656 5387 de
679 5322 792 5402 altera,
816 5340 910 5404 quam
933 5322 1052 5406 eligant
1074 5323 1105 5387 in
1130 5322 1321 5387 cancellaria
1342 5321 1409 5402 It.⁶)
1443 5322 1524 5386 Item
1547 5339 1577 5402 q.
1593 5325 1616 5384 t.
1633 5338 1658 5385 s.
1683 5339 1710 5384 a.
1736 5318 1756 5383 l.
1790 5318 1862 5384 Fiat
1884 5318 1921 5383 R.

412 5430 455 5494 D.
480 5426 640 5493 auinione
662 5426 707 5493 VI
728 5427 793 5491 kal.
817 5427 983 5493 Februarii
1007 5446 1036 5492 a.
1060 5427 1180 5509 quinto.

522 5616 672 5671 clementis
690 5617 728 5670 Vl
746 5616 772 5671 S.
792 5616 844 5687 Vsl
865 5620 920 5687 (10)
939 5617 958 5671 f.
977 5623 1019 5670 ⁸26.
1039 5647 1069 5658 -
1092 5618 1112 5684 ¹)
1131 5615 1192 5670 vide
1210 5631 1236 5668 n.
1257 5620 1315 5668 847.
1336 5617 1356 5680 ⁴²)
1375 5613 1436 5671 vide
1455 5629 1482 5669 n.
1501 5578 1559 5668 aab.
1579 5615 1599 5676 ⁸)
1618 5579 1679 5667 side
1698 5629 1724 5666 n.
1743 5616 1803 5668 849.
1821 5613 1842 5679 ⁴)
1860 5612 1922 5676 sida

413 5702 767 5773 affibfflnm

1069 5829 1272 5841 Μ

1785 5864 1820 5916 82
