<?xml version="1.0" encoding="UTF-8"?>
<!DOCTYPE html PUBLIC "-//W3C//DTD XHTML 1.0 Transitional//EN"
    "http://www.w3.org/TR/xhtml1/DTD/xhtml1-transitional.dtd">
<html xmlns="http://www.w3.org/1999/xhtml" xml:lang="en" lang="en">
 <head>
  <title>
</title>
<meta http-equiv="Content-Type" content="text/html;charset=utf-8" />
  <meta name='ocr-system' content='tesseract 3.04.00' />
  <meta name='ocr-capabilities' content='ocr_page ocr_carea ocr_par ocr_line ocrx_word'/>
</head>
<body>
  <div class='ocr_page' id='page_1' title='image "./monumentavatica01vatigoog_0075.png"; bbox 0 0 5184 7050; ppageno 0'>
   <div class='ocr_carea' id='block_1_1' title="bbox 1885 883 1926 947">
    <p class='ocr_par' dir='ltr' id='par_1_1' title="bbox 1885 883 1926 947">
     <span class='ocr_line' id='line_1_1' title="bbox 1885 883 1926 947; baseline -0.024 0"><span class='ocrx_word' id='word_1_1' title='bbox 1885 883 1926 947; x_wconf 88' lang='grc'><strong>51</strong></span> 
     </span>
    </p>
   </div>
   <div class='ocr_carea' id='block_1_2' title="bbox 417 1028 1928 1478">
    <p class='ocr_par' dir='ltr' id='par_1_2' title="bbox 713 1028 727 1051">
     <span class='ocr_line' id='line_1_2' title="bbox 713 1028 727 1051; baseline 0 0"><span class='ocrx_word' id='word_1_2' title='bbox 713 1028 727 1051; x_wconf 70' lang='grc'><strong><em>,</em></strong></span> 
     </span>
    </p>

    <p class='ocr_par' dir='ltr' id='par_1_3' title="bbox 417 1083 1928 1478">
     <span class='ocr_line' id='line_1_3' title="bbox 520 1083 1928 1167; baseline 0.004 -19"><span class='ocrx_word' id='word_1_3' title='bbox 520 1084 602 1148; x_wconf 91' lang='lat' dir='ltr'><strong>ltem</strong></span> <span class='ocrx_word' id='word_1_4' title='bbox 625 1083 795 1166; x_wconf 77' lang='lat' dir='ltr'>supplicat,</span> <span class='ocrx_word' id='word_1_5' title='bbox 820 1090 979 1165; x_wconf 89' lang='lat' dir='ltr'><strong>quatenus</strong></span> <span class='ocrx_word' id='word_1_6' title='bbox 1002 1086 1097 1149; x_wconf 90' lang='lat' dir='ltr'><strong>Petro</strong></span> <span class='ocrx_word' id='word_1_7' title='bbox 1121 1085 1161 1148; x_wconf 94' lang='lat' dir='ltr'><strong>de</strong></span> <span class='ocrx_word' id='word_1_8' title='bbox 1184 1084 1331 1163; x_wconf 88' lang='lat' dir='ltr'><strong>llacbiis,</strong></span> <span class='ocrx_word' id='word_1_9' title='bbox 1355 1087 1469 1150; x_wconf 90' lang='lat' dir='ltr'><strong>clerico</strong></span> <span class='ocrx_word' id='word_1_10' title='bbox 1493 1091 1526 1150; x_wconf 90' lang='lat' dir='ltr'><strong>et</strong></span> <span class='ocrx_word' id='word_1_11' title='bbox 1548 1086 1698 1153; x_wconf 81' lang='lat' dir='ltr'><strong>familiari</strong></span> <span class='ocrx_word' id='word_1_12' title='bbox 1722 1107 1789 1167; x_wconf 84' lang='lat' dir='ltr'><strong>suo,</strong></span> <span class='ocrx_word' id='word_1_13' title='bbox 1813 1090 1853 1154; x_wconf 94' lang='lat' dir='ltr'><strong>de</strong></span> <span class='ocrx_word' id='word_1_14' title='bbox 1876 1107 1928 1153; x_wconf 90' lang='lat' dir='ltr'><strong>ca-</strong></span> 
     </span>
     <span class='ocr_line' id='line_1_4' title="bbox 417 1187 1927 1275; baseline 0.005 -25"><span class='ocrx_word' id='word_1_15' title='bbox 417 1187 569 1251; x_wconf 91' lang='lat' dir='ltr'><strong>nonicatu</strong></span> <span class='ocrx_word' id='word_1_16' title='bbox 593 1187 729 1252; x_wconf 78' lang='lat' dir='ltr'><strong>ecclesie</strong></span> <span class='ocrx_word' id='word_1_17' title='bbox 752 1190 863 1251; x_wconf 87' lang='lat' dir='ltr'><strong>sancte</strong></span> <span class='ocrx_word' id='word_1_18' title='bbox 886 1187 1070 1269; x_wconf 85' lang='lat' dir='ltr'><strong>Walburgis</strong></span> <span class='ocrx_word' id='word_1_19' title='bbox 1093 1188 1277 1267; x_wconf 88' lang='lat' dir='ltr'><strong>Furnensis,</strong></span> <span class='ocrx_word' id='word_1_20' title='bbox 1308 1189 1500 1255; x_wconf 88' lang='lat' dir='ltr'><strong>Morinensis</strong></span> <span class='ocrx_word' id='word_1_21' title='bbox 1524 1191 1669 1272; x_wconf 90' lang='lat' dir='ltr'><strong>diocesis,</strong></span> <span class='ocrx_word' id='word_1_22' title='bbox 1706 1213 1743 1258; x_wconf 89' lang='lat' dir='ltr'><strong>ac</strong></span> <span class='ocrx_word' id='word_1_23' title='bbox 1765 1194 1927 1275; x_wconf 88' lang='lat' dir='ltr'><strong>prebendo</strong></span> 
     </span>
     <span class='ocr_line' id='line_1_5' title="bbox 418 1291 1924 1374; baseline 0.005 -20"><span class='ocrx_word' id='word_1_24' title='bbox 418 1291 450 1355; x_wconf 93' lang='lat' dir='ltr'><strong>in</strong></span> <span class='ocrx_word' id='word_1_25' title='bbox 472 1291 560 1355; x_wconf 89' lang='lat' dir='ltr'><strong>dicto</strong></span> <span class='ocrx_word' id='word_1_26' title='bbox 591 1291 730 1355; x_wconf 88' lang='lat' dir='ltr'><strong>ecclesia</strong></span> <span class='ocrx_word' id='word_1_27' title='bbox 752 1295 887 1356; x_wconf 89' lang='lat' dir='ltr'><strong>vacante</strong></span> <span class='ocrx_word' id='word_1_28' title='bbox 917 1291 970 1356; x_wconf 88' lang='lat' dir='ltr'><strong>vel</strong></span> <span class='ocrx_word' id='word_1_29' title='bbox 999 1292 1141 1374; x_wconf 83' lang='lat' dir='ltr'><strong>proxime</strong></span> <span class='ocrx_word' id='word_1_30' title='bbox 1171 1295 1326 1357; x_wconf 87' lang='lat' dir='ltr'><strong>vacatura</strong></span> <span class='ocrx_word' id='word_1_31' title='bbox 1356 1311 1427 1357; x_wconf 91' lang='lat' dir='ltr'><strong>cum</strong></span> <span class='ocrx_word' id='word_1_32' title='bbox 1450 1314 1479 1358; x_wconf 91' lang='lat' dir='ltr'><strong>a.</strong></span> <span class='ocrx_word' id='word_1_33' title='bbox 1508 1315 1533 1360; x_wconf 91' lang='lat' dir='ltr'><strong>r.</strong></span> <span class='ocrx_word' id='word_1_34' title='bbox 1557 1297 1577 1359; x_wconf 87' lang='lat' dir='ltr'><strong>i.</strong></span> <span class='ocrx_word' id='word_1_35' title='bbox 1602 1296 1631 1360; x_wconf 93' lang='lat' dir='ltr'><strong>d.</strong></span> <span class='ocrx_word' id='word_1_36' title='bbox 1664 1301 1697 1361; x_wconf 93' lang='lat' dir='ltr'><strong>et</strong></span> <span class='ocrx_word' id='word_1_37' title='bbox 1720 1298 1758 1362; x_wconf 90' lang='lat' dir='ltr'><strong>cl.</strong></span> <span class='ocrx_word' id='word_1_38' title='bbox 1783 1315 1811 1362; x_wconf 88' lang='lat' dir='ltr'><strong>a.</strong></span> <span class='ocrx_word' id='word_1_39' title='bbox 1836 1315 1873 1361; x_wconf 87' lang='lat' dir='ltr'><strong>oc</strong></span> <span class='ocrx_word' id='word_1_40' title='bbox 1897 1316 1924 1362; x_wconf 90' lang='lat' dir='ltr'><strong>a.</strong></span> 
     </span>
     <span class='ocr_line' id='line_1_6' title="bbox 418 1394 1211 1478; baseline 0.001 -19"><span class='ocrx_word' id='word_1_41' title='bbox 418 1412 479 1459; x_wconf 92' lang='lat' dir='ltr'><strong>non</strong></span> <span class='ocrx_word' id='word_1_42' title='bbox 503 1414 532 1459; x_wconf 95' lang='lat' dir='ltr'><strong>o.</strong></span> <span class='ocrx_word' id='word_1_43' title='bbox 557 1399 591 1459; x_wconf 91' lang='lat' dir='ltr'><strong>et</strong></span> <span class='ocrx_word' id='word_1_44' title='bbox 613 1394 652 1458; x_wconf 91' lang='lat' dir='ltr'><strong>cl.</strong></span> <span class='ocrx_word' id='word_1_45' title='bbox 676 1414 704 1460; x_wconf 93' lang='lat' dir='ltr'><strong>o.</strong></span> <span class='ocrx_word' id='word_1_46' title='bbox 729 1400 763 1461; x_wconf 92' lang='lat' dir='ltr'><strong>et</strong></span> <span class='ocrx_word' id='word_1_47' title='bbox 785 1413 813 1460; x_wconf 91' lang='lat' dir='ltr'><strong>e.</strong></span> <span class='ocrx_word' id='word_1_48' title='bbox 837 1395 1010 1478; x_wconf 84' lang='lat' dir='ltr'><strong>dignemini</strong></span> <span class='ocrx_word' id='word_1_49' title='bbox 1032 1396 1211 1478; x_wconf 91' lang='lat' dir='ltr'><strong>providere.</strong></span> 
     </span>
    </p>
   </div>
   <div class='ocr_carea' id='block_1_3' title="bbox 519 1525 654 1590">
    <p class='ocr_par' dir='ltr' id='par_1_4' title="bbox 519 1525 654 1590">
     <span class='ocr_line' id='line_1_7' title="bbox 519 1525 654 1590; baseline -0.007 0"><span class='ocrx_word' id='word_1_50' title='bbox 519 1525 594 1590; x_wconf 85' lang='lat' dir='ltr'><strong>Fiat</strong></span> <span class='ocrx_word' id='word_1_51' title='bbox 616 1525 654 1590; x_wconf 90' lang='lat' dir='ltr'><strong>R.</strong></span> 
     </span>
    </p>
   </div>
   <div class='ocr_carea' id='block_1_4' title="bbox 418 1654 1928 2137">
    <p class='ocr_par' dir='ltr' id='par_1_5' title="bbox 418 1654 1928 2137">
     <span class='ocr_line' id='line_1_8' title="bbox 520 1654 1928 1738; baseline 0.004 -17"><span class='ocrx_word' id='word_1_52' title='bbox 520 1657 602 1721; x_wconf 89' lang='lat' dir='ltr'><strong>Item</strong></span> <span class='ocrx_word' id='word_1_53' title='bbox 626 1656 796 1738; x_wconf 88' lang='lat' dir='ltr'><strong>supplicat,</strong></span> <span class='ocrx_word' id='word_1_54' title='bbox 831 1658 990 1737; x_wconf 87' lang='lat' dir='ltr'><strong>quatenus</strong></span> <span class='ocrx_word' id='word_1_55' title='bbox 1021 1654 1137 1720; x_wconf 90' lang='lat' dir='ltr'><strong>dilecto</strong></span> <span class='ocrx_word' id='word_1_56' title='bbox 1169 1655 1283 1721; x_wconf 90' lang='lat' dir='ltr'><strong>clerico</strong></span> <span class='ocrx_word' id='word_1_57' title='bbox 1314 1660 1348 1721; x_wconf 90' lang='lat' dir='ltr'><strong>et</strong></span> <span class='ocrx_word' id='word_1_58' title='bbox 1376 1655 1527 1723; x_wconf 86' lang='lat' dir='ltr'><strong>familiari</strong></span> <span class='ocrx_word' id='word_1_59' title='bbox 1558 1676 1615 1724; x_wconf 92' lang='lat' dir='ltr'><strong>suo</strong></span> <span class='ocrx_word' id='word_1_60' title='bbox 1648 1659 1777 1726; x_wconf 88' lang='lat' dir='ltr'><strong>Hemeo</strong></span> <span class='ocrx_word' id='word_1_61' title='bbox 1807 1662 1928 1727; x_wconf 88' lang='lat' dir='ltr'><strong>Hemei</strong></span> 
     </span>
     <span class='ocr_line' id='line_1_9' title="bbox 419 1759 1927 1845; baseline 0.005 -21"><span class='ocrx_word' id='word_1_62' title='bbox 419 1760 456 1824; x_wconf 93' lang='lat' dir='ltr'><strong>de</strong></span> <span class='ocrx_word' id='word_1_63' title='bbox 478 1760 592 1838; x_wconf 85' lang='lat' dir='ltr'><strong>Fossa,</strong></span> <span class='ocrx_word' id='word_1_64' title='bbox 617 1761 792 1826; x_wconf 87' lang='lat' dir='ltr'><strong>Leonensis</strong></span> <span class='ocrx_word' id='word_1_65' title='bbox 816 1760 962 1838; x_wconf 87' lang='lat' dir='ltr'><strong>diocesis,</strong></span> <span class='ocrx_word' id='word_1_66' title='bbox 986 1760 1026 1824; x_wconf 94' lang='lat' dir='ltr'><strong>de</strong></span> <span class='ocrx_word' id='word_1_67' title='bbox 1048 1759 1202 1825; x_wconf 92' lang='lat' dir='ltr'><strong>beneficio</strong></span> <span class='ocrx_word' id='word_1_68' title='bbox 1232 1760 1451 1826; x_wconf 90' lang='lat' dir='ltr'><strong>ecclesiastico</strong></span> <span class='ocrx_word' id='word_1_69' title='bbox 1477 1780 1546 1826; x_wconf 88' lang='lat' dir='ltr'><strong>curn</strong></span> <span class='ocrx_word' id='word_1_70' title='bbox 1578 1782 1655 1828; x_wconf 89' lang='lat' dir='ltr'><strong>cura</strong></span> <span class='ocrx_word' id='word_1_71' title='bbox 1676 1764 1727 1829; x_wconf 90' lang='lat' dir='ltr'><strong>vel</strong></span> <span class='ocrx_word' id='word_1_72' title='bbox 1750 1765 1818 1830; x_wconf 91' lang='lat' dir='ltr'><strong>siue</strong></span> <span class='ocrx_word' id='word_1_73' title='bbox 1841 1785 1927 1845; x_wconf 88' lang='lat' dir='ltr'><strong>cura,</strong></span> 
     </span>
     <span class='ocr_line' id='line_1_10' title="bbox 418 1863 1928 1949; baseline 0.005 -21"><span class='ocrx_word' id='word_1_74' title='bbox 418 1868 586 1946; x_wconf 80' lang='lat' dir='ltr'><strong>spectante</strong></span> <span class='ocrx_word' id='word_1_75' title='bbox 609 1865 651 1930; x_wconf 89' lang='lat' dir='ltr'><strong>ad</strong></span> <span class='ocrx_word' id='word_1_76' title='bbox 674 1863 888 1943; x_wconf 89' lang='lat' dir='ltr'><strong>collacionem,</strong></span> <span class='ocrx_word' id='word_1_77' title='bbox 912 1881 994 1946; x_wconf 84' lang='lat' dir='ltr'><strong>pres</strong></span> <span class='ocrx_word' id='word_1_78' title='bbox 1020 1881 1076 1928; x_wconf 92' lang='lat' dir='ltr'><strong>seu</strong></span> <span class='ocrx_word' id='word_1_79' title='bbox 1100 1883 1129 1945; x_wconf 92' lang='lat' dir='ltr'><strong>q.</strong></span> <span class='ocrx_word' id='word_1_80' title='bbox 1153 1882 1181 1927; x_wconf 86' lang='lat' dir='ltr'><strong>a.</strong></span> <span class='ocrx_word' id='word_1_81' title='bbox 1206 1863 1278 1928; x_wconf 88' lang='lat' dir='ltr'><strong>d...</strong></span> <span class='ocrx_word' id='word_1_82' title='bbox 1304 1865 1446 1947; x_wconf 87' lang='lat' dir='ltr'><strong>episcopi</strong></span> <span class='ocrx_word' id='word_1_83' title='bbox 1467 1866 1652 1946; x_wconf 90' lang='lat' dir='ltr'><strong>Leonensis,</strong></span> <span class='ocrx_word' id='word_1_84' title='bbox 1676 1868 1703 1932; x_wconf 93' lang='lat' dir='ltr'><strong>si</strong></span> <span class='ocrx_word' id='word_1_85' title='bbox 1726 1868 1811 1949; x_wconf 93' lang='lat' dir='ltr'><strong>qnod</strong></span> <span class='ocrx_word' id='word_1_86' title='bbox 1832 1875 1928 1935; x_wconf 88' lang='lat' dir='ltr'><strong>vacat</strong></span> 
     </span>
     <span class='ocr_line' id='line_1_11' title="bbox 418 1966 1927 2051; baseline 0.005 -19"><span class='ocrx_word' id='word_1_87' title='bbox 418 1968 457 2032; x_wconf 92' lang='lat' dir='ltr'><strong>ad</strong></span> <span class='ocrx_word' id='word_1_88' title='bbox 480 1985 626 2051; x_wconf 86' lang='lat' dir='ltr'><strong>presens,</strong></span> <span class='ocrx_word' id='word_1_89' title='bbox 648 1968 700 2033; x_wconf 87' lang='lat' dir='ltr'><strong>vel</strong></span> <span class='ocrx_word' id='word_1_90' title='bbox 723 1986 793 2032; x_wconf 90' lang='lat' dir='ltr'><strong>cum</strong></span> <span class='ocrx_word' id='word_1_91' title='bbox 816 1967 987 2045; x_wconf 85' lang='lat' dir='ltr'><strong>vacaverit,</strong></span> <span class='ocrx_word' id='word_1_92' title='bbox 1020 1966 1194 2049; x_wconf 83' lang='lat' dir='ltr'><strong>dignemini</strong></span> <span class='ocrx_word' id='word_1_93' title='bbox 1223 1968 1401 2049; x_wconf 83' lang='lat' dir='ltr'><strong>providere,</strong></span> <span class='ocrx_word' id='word_1_94' title='bbox 1425 1987 1496 2033; x_wconf 89' lang='lat' dir='ltr'><strong>cum</strong></span> <span class='ocrx_word' id='word_1_95' title='bbox 1519 1988 1548 2034; x_wconf 86' lang='lat' dir='ltr'><strong>a.</strong></span> <span class='ocrx_word' id='word_1_96' title='bbox 1570 1989 1597 2034; x_wconf 89' lang='lat' dir='ltr'><strong>r.</strong></span> <span class='ocrx_word' id='word_1_97' title='bbox 1620 1972 1640 2035; x_wconf 92' lang='lat' dir='ltr'><strong>i.</strong></span> <span class='ocrx_word' id='word_1_98' title='bbox 1665 1971 1695 2035; x_wconf 89' lang='lat' dir='ltr'><strong>d.</strong></span> <span class='ocrx_word' id='word_1_99' title='bbox 1718 1975 1752 2037; x_wconf 92' lang='lat' dir='ltr'><strong>et</strong></span> <span class='ocrx_word' id='word_1_100' title='bbox 1774 1972 1812 2037; x_wconf 92' lang='lat' dir='ltr'><strong>cl.</strong></span> <span class='ocrx_word' id='word_1_101' title='bbox 1837 1992 1865 2038; x_wconf 89' lang='lat' dir='ltr'><strong>a.</strong></span> <span class='ocrx_word' id='word_1_102' title='bbox 1890 1994 1927 2040; x_wconf 88' lang='lat' dir='ltr'><strong>ac</strong></span> 
     </span>
     <span class='ocr_line' id='line_1_12' title="bbox 419 2072 864 2137; baseline 0 -1"><span class='ocrx_word' id='word_1_103' title='bbox 419 2091 445 2136; x_wconf 89' lang='lat' dir='ltr'><strong>a.</strong></span> <span class='ocrx_word' id='word_1_104' title='bbox 469 2091 534 2137; x_wconf 93' lang='lat' dir='ltr'><strong>non</strong></span> <span class='ocrx_word' id='word_1_105' title='bbox 558 2091 586 2136; x_wconf 92' lang='lat' dir='ltr'><strong>o.</strong></span> <span class='ocrx_word' id='word_1_106' title='bbox 610 2076 644 2136; x_wconf 93' lang='lat' dir='ltr'><strong>et</strong></span> <span class='ocrx_word' id='word_1_107' title='bbox 667 2072 705 2136; x_wconf 92' lang='lat' dir='ltr'><strong>cl.</strong></span> <span class='ocrx_word' id='word_1_108' title='bbox 729 2092 757 2136; x_wconf 91' lang='lat' dir='ltr'><strong>o.</strong></span> <span class='ocrx_word' id='word_1_109' title='bbox 781 2075 815 2137; x_wconf 90' lang='lat' dir='ltr'><strong>et</strong></span> <span class='ocrx_word' id='word_1_110' title='bbox 837 2092 864 2136; x_wconf 91' lang='lat' dir='ltr'><strong>e.</strong></span> 
     </span>
    </p>
   </div>
   <div class='ocr_carea' id='block_1_5' title="bbox 418 2202 1925 2390">
    <p class='ocr_par' dir='ltr' id='par_1_6' title="bbox 418 2202 1925 2390">
     <span class='ocr_line' id='line_1_13' title="bbox 518 2202 1925 2291; baseline 0.006 -25"><span class='ocrx_word' id='word_1_111' title='bbox 518 2202 596 2266; x_wconf 86' lang='lat' dir='ltr'><strong>Fiat</strong></span> <span class='ocrx_word' id='word_1_112' title='bbox 617 2220 719 2284; x_wconf 90' lang='lat' dir='ltr'><strong>usque</strong></span> <span class='ocrx_word' id='word_1_113' title='bbox 743 2202 783 2266; x_wconf 91' lang='lat' dir='ltr'><strong>ad</strong></span> <span class='ocrx_word' id='word_1_114' title='bbox 807 2220 961 2267; x_wconf 88' lang='lat' dir='ltr'><strong>summam</strong></span> <span class='ocrx_word' id='word_1_115' title='bbox 984 2207 1020 2267; x_wconf 93' lang='lat' dir='ltr'><strong>ut</strong></span> <span class='ocrx_word' id='word_1_116' title='bbox 1043 2220 1141 2284; x_wconf 88' lang='lat' dir='ltr'><strong>supra</strong></span> <span class='ocrx_word' id='word_1_117' title='bbox 1163 2202 1201 2267; x_wconf 88' lang='lat' dir='ltr'><strong>R.</strong></span> <span class='ocrx_word' id='word_1_118' title='bbox 1224 2203 1307 2268; x_wconf 92' lang='lat' dir='ltr'><strong>Item</strong></span> <span class='ocrx_word' id='word_1_119' title='bbox 1330 2223 1358 2286; x_wconf 88' lang='lat' dir='ltr'><strong>q.</strong></span> <span class='ocrx_word' id='word_1_120' title='bbox 1382 2207 1405 2268; x_wconf 91' lang='lat' dir='ltr'><strong>t.</strong></span> <span class='ocrx_word' id='word_1_121' title='bbox 1429 2223 1454 2269; x_wconf 89' lang='lat' dir='ltr'><strong>s.</strong></span> <span class='ocrx_word' id='word_1_122' title='bbox 1479 2224 1507 2269; x_wconf 92' lang='lat' dir='ltr'><strong>a.</strong></span> <span class='ocrx_word' id='word_1_123' title='bbox 1531 2206 1552 2270; x_wconf 92' lang='lat' dir='ltr'><strong>l.</strong></span> <span class='ocrx_word' id='word_1_124' title='bbox 1582 2205 1657 2270; x_wconf 86' lang='lat' dir='ltr'><strong>Fiat</strong></span> <span class='ocrx_word' id='word_1_125' title='bbox 1679 2205 1746 2288; x_wconf 86' lang='lat' dir='ltr'><strong>R.¹)</strong></span> <span class='ocrx_word' id='word_1_126' title='bbox 1777 2209 1815 2273; x_wconf 88' lang='grc' dir='ltr'><strong>Ι).</strong></span> <span class='ocrx_word' id='word_1_127' title='bbox 1840 2209 1925 2291; x_wconf 91' lang='lat' dir='ltr'><strong>apud</strong></span> 
     </span>
     <span class='ocr_line' id='line_1_14' title="bbox 418 2306 1401 2390; baseline 0.001 -19"><span class='ocrx_word' id='word_1_128' title='bbox 418 2306 664 2384; x_wconf 87' lang='lat' dir='ltr'><strong>Villamnouam,</strong></span> <span class='ocrx_word' id='word_1_129' title='bbox 688 2307 726 2371; x_wconf 88' lang='grc' dir='ltr'><strong>Α.</strong></span> <span class='ocrx_word' id='word_1_130' title='bbox 751 2306 791 2384; x_wconf 89' lang='lat' dir='ltr'><strong>d.,</strong></span> <span class='ocrx_word' id='word_1_131' title='bbox 814 2307 907 2372; x_wconf 83' lang='lat' dir='ltr'>XVII</span> <span class='ocrx_word' id='word_1_132' title='bbox 931 2306 994 2371; x_wconf 89' lang='lat' dir='ltr'><strong>kal.</strong></span> <span class='ocrx_word' id='word_1_133' title='bbox 1019 2307 1215 2388; x_wconf 85' lang='lat' dir='ltr'><strong>Septembris</strong></span> <span class='ocrx_word' id='word_1_134' title='bbox 1237 2327 1266 2372; x_wconf 89' lang='lat' dir='ltr'><strong>a.</strong></span> <span class='ocrx_word' id='word_1_135' title='bbox 1290 2309 1401 2390; x_wconf 91' lang='lat' dir='ltr'><strong>primo.</strong></span> 
     </span>
    </p>
   </div>
   <div class='ocr_carea' id='block_1_6' title="bbox 524 2495 1633 2568">
    <p class='ocr_par' dir='ltr' id='par_1_7' title="bbox 524 2495 1633 2568">
     <span class='ocr_line' id='line_1_15' title="bbox 524 2495 1633 2568; baseline 0.003 -19"><span class='ocrx_word' id='word_1_136' title='bbox 524 2496 675 2550; x_wconf 81' lang='lat' dir='ltr'><strong>Clementis</strong></span> <span class='ocrx_word' id='word_1_137' title='bbox 694 2496 731 2550; x_wconf 90' lang='lat' dir='ltr'><strong>VI</strong></span> <span class='ocrx_word' id='word_1_138' title='bbox 751 2495 768 2549; x_wconf 88' lang='lat' dir='ltr'>S</span> <span class='ocrx_word' id='word_1_139' title='bbox 787 2496 828 2567; x_wconf 72' lang='lat' dir='ltr'><strong>Ill</strong></span> <span class='ocrx_word' id='word_1_140' title='bbox 849 2498 887 2564; x_wconf 93' lang='grc'><strong>(1)</strong></span> <span class='ocrx_word' id='word_1_141' title='bbox 907 2495 926 2551; x_wconf 93' lang='lat' dir='ltr'><strong>f.</strong></span> <span class='ocrx_word' id='word_1_142' title='bbox 946 2498 1013 2550; x_wconf 75' lang='lat'>127¹.</span> <span class='ocrx_word' id='word_1_143' title='bbox 1033 2527 1066 2535; x_wconf 97' lang='lat'>—</span> <span class='ocrx_word' id='word_1_144' title='bbox 1087 2498 1106 2564; x_wconf 91' lang='lat'><strong>¹)</strong></span> <span class='ocrx_word' id='word_1_145' title='bbox 1126 2496 1234 2551; x_wconf 78' lang='lat' dir='ltr'><strong>litterae</strong></span> <span class='ocrx_word' id='word_1_146' title='bbox 1252 2495 1324 2552; x_wconf 87' lang='lat' dir='ltr'><strong>istae</strong></span> <span class='ocrx_word' id='word_1_147' title='bbox 1342 2513 1397 2552; x_wconf 91' lang='lat' dir='ltr'><strong>non</strong></span> <span class='ocrx_word' id='word_1_148' title='bbox 1416 2504 1481 2552; x_wconf 90' lang='lat' dir='ltr'><strong>sunt</strong></span> <span class='ocrx_word' id='word_1_149' title='bbox 1497 2504 1633 2568; x_wconf 83' lang='lat' dir='ltr'><strong>repertae.</strong></span> 
     </span>
    </p>
   </div>
   <div class='ocr_carea' id='block_1_7' title="bbox 420 2994 1928 3185">
    <p class='ocr_par' dir='ltr' id='par_1_8' title="bbox 420 2994 1928 3185">
     <span class='ocr_line' id='line_1_16' title="bbox 420 2994 1928 3077; baseline 0.001 -13"><span class='ocrx_word' id='word_1_150' title='bbox 420 2996 483 3063; x_wconf 83' lang='lat'><strong>9⁰.</strong></span> <span class='ocrx_word' id='word_1_151' title='bbox 517 2996 687 3063; x_wconf 83' lang='lat' dir='ltr'><strong>Judicr&#39;dus</strong></span> <span class='ocrx_word' id='word_1_152' title='bbox 721 2996 905 3070; x_wconf 80' lang='lat' dir='ltr'><strong>mandator,</strong></span> <span class='ocrx_word' id='word_1_153' title='bbox 939 3000 1095 3077; x_wconf 67' lang='lat' dir='ltr'><strong>quaterem</strong></span> <span class='ocrx_word' id='word_1_154' title='bbox 1128 2997 1318 3072; x_wconf 81' lang='lat' dir='ltr'><strong>Becfriccm,</strong></span> <span class='ocrx_word' id='word_1_155' title='bbox 1343 2994 1454 3077; x_wconf 84' lang='lat' dir='ltr'><strong>filiam</strong></span> <span class='ocrx_word' id='word_1_156' title='bbox 1486 2996 1653 3073; x_wconf 79' lang='lat' dir='ltr'><strong>Locducii,</strong></span> <span class='ocrx_word' id='word_1_157' title='bbox 1675 2999 1710 3061; x_wconf 78' lang='lat' dir='ltr'><strong>irs</strong></span> <span class='ocrx_word' id='word_1_158' title='bbox 1738 3000 1928 3065; x_wconf 81' lang='lat' dir='ltr'><strong>monasterio</strong></span> 
     </span>
     <span class='ocr_line' id='line_1_17' title="bbox 629 3098 1724 3185; baseline 0.003 -22"><span class='ocrx_word' id='word_1_159' title='bbox 629 3100 734 3166; x_wconf 71' lang='lat' dir='ltr'><strong>sandi</strong></span> <span class='ocrx_word' id='word_1_160' title='bbox 755 3099 890 3165; x_wconf 76' lang='lat' dir='ltr'><strong>Antonii</strong></span> <span class='ocrx_word' id='word_1_161' title='bbox 906 3119 1008 3185; x_wconf 81' lang='lat' dir='ltr'><strong>prope</strong></span> <span class='ocrx_word' id='word_1_162' title='bbox 1030 3100 1179 3164; x_wconf 82' lang='lat' dir='ltr'><strong>Parisios</strong></span> <span class='ocrx_word' id='word_1_163' title='bbox 1202 3100 1238 3163; x_wconf 85' lang='lat' dir='ltr'><strong>io</strong></span> <span class='ocrx_word' id='word_1_164' title='bbox 1257 3098 1447 3165; x_wconf 75' lang='lat' dir='ltr'><strong>monacham</strong></span> <span class='ocrx_word' id='word_1_165' title='bbox 1468 3101 1568 3183; x_wconf 83' lang='lat' dir='ltr'><strong>recipi</strong></span> <span class='ocrx_word' id='word_1_166' title='bbox 1582 3102 1724 3179; x_wconf 69' lang='lat' dir='ltr'><strong>famant.</strong></span> 
     </span>
    </p>
   </div>
   <div class='ocr_carea' id='block_1_8' title="bbox 1171 3289 1882 3374">
    <p class='ocr_par' dir='ltr' id='par_1_9' title="bbox 1171 3289 1882 3374">
     <span class='ocr_line' id='line_1_18' title="bbox 1171 3289 1882 3374; baseline 0.008 -20"><span class='ocrx_word' id='word_1_167' title='bbox 1171 3289 1270 3373; x_wconf 79' lang='lat' dir='ltr'><strong>Apud</strong></span> <span class='ocrx_word' id='word_1_168' title='bbox 1300 3289 1539 3367; x_wconf 75' lang='lat' dir='ltr'><strong>Wllomacccm,</strong></span> <span class='ocrx_word' id='word_1_169' title='bbox 1563 3293 1648 3358; x_wconf 80' lang='lat'><strong><em>1342</em></strong></span> <span class='ocrx_word' id='word_1_170' title='bbox 1670 3290 1809 3374; x_wconf 69' lang='lat' dir='ltr'><strong>Augusti</strong></span> <span class='ocrx_word' id='word_1_171' title='bbox 1830 3298 1882 3360; x_wconf 82' lang='lat'><strong>22.</strong></span> 
     </span>
    </p>
   </div>
   <div class='ocr_carea' id='block_1_9' title="bbox 414 3498 1930 5772">
    <p class='ocr_par' dir='ltr' id='par_1_10' title="bbox 414 3498 1930 5772">
     <span class='ocr_line' id='line_1_19' title="bbox 524 3498 1928 3569; baseline 0.002 -4"><span class='ocrx_word' id='word_1_172' title='bbox 524 3499 587 3565; x_wconf 90' lang='lat' dir='ltr'><strong>Dd.</strong></span> <span class='ocrx_word' id='word_1_173' title='bbox 618 3499 650 3566; x_wconf 88' lang='lat' dir='ltr'><strong>ff.</strong></span> <span class='ocrx_word' id='word_1_174' title='bbox 667 3551 700 3565; x_wconf 93' lang='lat'><strong>..</strong></span> <span class='ocrx_word' id='word_1_175' title='bbox 732 3499 852 3565; x_wconf 87' lang='lat' dir='ltr'><strong>decano</strong></span> <span class='ocrx_word' id='word_1_176' title='bbox 888 3500 1077 3565; x_wconf 90' lang='lat' dir='ltr'><strong>Parisiensis</strong></span> <span class='ocrx_word' id='word_1_177' title='bbox 1110 3505 1189 3564; x_wconf 89' lang='lat' dir='ltr'><strong>et..</strong></span> <span class='ocrx_word' id='word_1_178' title='bbox 1222 3498 1445 3565; x_wconf 90' lang='lat' dir='ltr'><strong>archidiacono</strong></span> <span class='ocrx_word' id='word_1_179' title='bbox 1479 3500 1685 3567; x_wconf 83' lang='lat' dir='ltr'><strong>Abrincensis</strong></span> <span class='ocrx_word' id='word_1_180' title='bbox 1720 3501 1928 3569; x_wconf 90' lang='lat' dir='ltr'><strong>ecclesiamm</strong></span> 
     </span>
     <span class='ocr_line' id='line_1_20' title="bbox 423 3602 1927 3687; baseline 0.002 -18"><span class='ocrx_word' id='word_1_181' title='bbox 423 3624 505 3669; x_wconf 88' lang='lat' dir='ltr'><strong>ac..</strong></span> <span class='ocrx_word' id='word_1_182' title='bbox 531 3602 665 3670; x_wconf 88' lang='lat' dir='ltr'><strong>officiali</strong></span> <span class='ocrx_word' id='word_1_183' title='bbox 698 3604 872 3670; x_wconf 90' lang='lat' dir='ltr'><strong>Parisiensi</strong></span> <span class='ocrx_word' id='word_1_184' title='bbox 907 3624 931 3670; x_wconf 90' lang='lat' dir='ltr'><strong>s.</strong></span> <span class='ocrx_word' id='word_1_185' title='bbox 967 3609 1028 3668; x_wconf 92' lang='lat' dir='ltr'><strong>etc.</strong></span> <span class='ocrx_word' id='word_1_186' title='bbox 1074 3605 1270 3670; x_wconf 77' lang='lat' dir='ltr'><strong>Prudentem</strong></span> <span class='ocrx_word' id='word_1_187' title='bbox 1296 3605 1453 3686; x_wconf 89' lang='lat' dir='ltr'><strong>virginum</strong></span> <span class='ocrx_word' id='word_1_188' title='bbox 1475 3606 1568 3684; x_wconf 86' lang='lat' dir='ltr'><strong>votis,</strong></span> <span class='ocrx_word' id='word_1_189' title='bbox 1592 3630 1648 3685; x_wconf 89' lang='lat' dir='ltr'><strong>qne</strong></span> <span class='ocrx_word' id='word_1_190' title='bbox 1671 3618 1771 3687; x_wconf 88' lang='lat' dir='ltr'><strong>spreto</strong></span> <span class='ocrx_word' id='word_1_191' title='bbox 1795 3614 1927 3674; x_wconf 82' lang='lat' dir='ltr'><strong>mortalis</strong></span> 
     </span>
     <span class='ocr_line' id='line_1_21' title="bbox 422 3713 1928 3793; baseline 0.002 -21"><span class='ocrx_word' id='word_1_192' title='bbox 422 3715 474 3774; x_wconf 80' lang='lat' dir='ltr'><strong>viri</strong></span> <span class='ocrx_word' id='word_1_193' title='bbox 498 3716 588 3775; x_wconf 88' lang='lat' dir='ltr'><strong>thoro</strong></span> <span class='ocrx_word' id='word_1_194' title='bbox 612 3716 649 3789; x_wconf 89' lang='lat' dir='ltr'><strong>ei,</strong></span> <span class='ocrx_word' id='word_1_195' title='bbox 673 3716 723 3788; x_wconf 89' lang='lat' dir='ltr'><strong>qui</strong></span> <span class='ocrx_word' id='word_1_196' title='bbox 746 3716 896 3788; x_wconf 89' lang='lat' dir='ltr'><strong>speciosus</strong></span> <span class='ocrx_word' id='word_1_197' title='bbox 919 3720 965 3773; x_wconf 89' lang='lat' dir='ltr'><strong>est</strong></span> <span class='ocrx_word' id='word_1_198' title='bbox 987 3732 1039 3788; x_wconf 92' lang='lat' dir='ltr'><strong>pre</strong></span> <span class='ocrx_word' id='word_1_199' title='bbox 1062 3713 1131 3773; x_wconf 89' lang='lat' dir='ltr'><strong>filiis</strong></span> <span class='ocrx_word' id='word_1_200' title='bbox 1154 3716 1311 3788; x_wconf 90' lang='lat' dir='ltr'><strong>hominnm,</strong></span> <span class='ocrx_word' id='word_1_201' title='bbox 1335 3714 1507 3788; x_wconf 88' lang='lat' dir='ltr'><strong>desponsari</strong></span> <span class='ocrx_word' id='word_1_202' title='bbox 1534 3715 1713 3793; x_wconf 88' lang='lat' dir='ltr'><strong>desiderant,</strong></span> <span class='ocrx_word' id='word_1_203' title='bbox 1737 3717 1874 3775; x_wconf 89' lang='lat' dir='ltr'><strong>debemus</strong></span> <span class='ocrx_word' id='word_1_204' title='bbox 1898 3723 1928 3775; x_wconf 89' lang='lat' dir='ltr'><strong>et</strong></span> 
     </span>
     <span class='ocr_line' id='line_1_22' title="bbox 421 3812 1926 3895; baseline 0.002 -17"><span class='ocrx_word' id='word_1_205' title='bbox 421 3821 553 3878; x_wconf 80' lang='lat' dir='ltr'><strong>volumus</strong></span> <span class='ocrx_word' id='word_1_206' title='bbox 576 3818 753 3878; x_wconf 80' lang='lat' dir='ltr'><strong>favorabiles</strong></span> <span class='ocrx_word' id='word_1_207' title='bbox 776 3820 911 3878; x_wconf 90' lang='lat' dir='ltr'><strong>inveniri.</strong></span> <span class='ocrx_word' id='word_1_208' title='bbox 936 3812 1015 3877; x_wconf 83' lang='lat' dir='ltr'><strong>Cum</strong></span> <span class='ocrx_word' id='word_1_209' title='bbox 1038 3813 1148 3895; x_wconf 82' lang='lat' dir='ltr'><strong>itaque</strong></span> <span class='ocrx_word' id='word_1_210' title='bbox 1171 3812 1200 3877; x_wconf 84' lang='grc' dir='ltr'><strong>(Ι.</strong></span> <span class='ocrx_word' id='word_1_211' title='bbox 1225 3813 1258 3877; x_wconf 88' lang='lat' dir='ltr'><strong>in</strong></span> <span class='ocrx_word' id='word_1_212' title='bbox 1282 3812 1339 3877; x_wconf 83' lang='lat' dir='ltr'><strong>Ob.</strong></span> <span class='ocrx_word' id='word_1_213' title='bbox 1363 3813 1384 3877; x_wconf 86' lang='lat' dir='ltr'><strong>f.</strong></span> <span class='ocrx_word' id='word_1_214' title='bbox 1407 3812 1550 3891; x_wconf 80' lang='lat' dir='ltr'><strong>Beatrix,</strong></span> <span class='ocrx_word' id='word_1_215' title='bbox 1573 3817 1651 3877; x_wconf 83' lang='lat' dir='ltr'><strong>nata</strong></span> <span class='ocrx_word' id='word_1_216' title='bbox 1674 3814 1703 3878; x_wconf 90' lang='lat' dir='ltr'><strong>d.</strong></span> <span class='ocrx_word' id='word_1_217' title='bbox 1720 3814 1742 3880; x_wconf 83' lang='lat' dir='ltr'><strong>f.</strong></span> <span class='ocrx_word' id='word_1_218' title='bbox 1758 3815 1926 3894; x_wconf 86' lang='lat' dir='ltr'><strong>Lauducii,</strong></span> 
     </span>
     <span class='ocr_line' id='line_1_23' title="bbox 420 3916 1927 3999; baseline 0.002 -18"><span class='ocrx_word' id='word_1_219' title='bbox 420 3916 568 3983; x_wconf 86' lang='lat' dir='ltr'><strong>hostiarii</strong></span> <span class='ocrx_word' id='word_1_220' title='bbox 586 3937 612 3982; x_wconf 87' lang='lat' dir='ltr'><strong>c.</strong></span> <span class='ocrx_word' id='word_1_221' title='bbox 629 3918 662 3981; x_wconf 93' lang='lat' dir='ltr'><strong>in</strong></span> <span class='ocrx_word' id='word_1_222' title='bbox 679 3916 736 3981; x_wconf 76' lang='lat' dir='ltr'><strong>(ib.</strong></span> <span class='ocrx_word' id='word_1_223' title='bbox 753 3916 774 3982; x_wconf 86' lang='lat' dir='ltr'><strong>f.</strong></span> <span class='ocrx_word' id='word_1_224' title='bbox 791 3935 821 3981; x_wconf 92' lang='lat' dir='ltr'><strong>n.</strong></span> <span class='ocrx_word' id='word_1_225' title='bbox 839 3916 859 3981; x_wconf 87' lang='lat' dir='ltr'><strong>J</strong></span> <span class='ocrx_word' id='word_1_226' title='bbox 861 3916 1004 3995; x_wconf 88' lang='lat' dir='ltr'><strong>ohannis,</strong></span> <span class='ocrx_word' id='word_1_227' title='bbox 1021 3918 1105 3998; x_wconf 89' lang='lat' dir='ltr'><strong>regis</strong></span> <span class='ocrx_word' id='word_1_228' title='bbox 1128 3917 1258 3981; x_wconf 91' lang='lat' dir='ltr'><strong>Boemie</strong></span> <span class='ocrx_word' id='word_1_229' title='bbox 1281 3916 1426 3995; x_wconf 89' lang='lat' dir='ltr'><strong>illustris,</strong></span> <span class='ocrx_word' id='word_1_230' title='bbox 1442 3916 1551 3999; x_wconf 89' lang='lat' dir='ltr'><strong>puella</strong></span> <span class='ocrx_word' id='word_1_231' title='bbox 1566 3916 1711 3982; x_wconf 90' lang='lat' dir='ltr'><strong>litterata</strong></span> <span class='ocrx_word' id='word_1_232' title='bbox 1726 3918 1927 3998; x_wconf 89' lang='lat' dir='ltr'><strong>Parisiensis,</strong></span> 
     </span>
     <span class='ocr_line' id='line_1_24' title="bbox 419 4019 1927 4105; baseline 0.001 -19"><span class='ocrx_word' id='word_1_233' title='bbox 419 4023 531 4105; x_wconf 91' lang='lat' dir='ltr'><strong>cupiat</strong></span> <span class='ocrx_word' id='word_1_234' title='bbox 554 4022 638 4086; x_wconf 91' lang='lat' dir='ltr'><strong>sicut</strong></span> <span class='ocrx_word' id='word_1_235' title='bbox 660 4022 841 4104; x_wconf 89' lang='lat' dir='ltr'><strong>accepimus</strong></span> <span class='ocrx_word' id='word_1_236' title='bbox 862 4040 928 4086; x_wconf 90' lang='lat' dir='ltr'><strong>una</strong></span> <span class='ocrx_word' id='word_1_237' title='bbox 951 4040 1021 4086; x_wconf 92' lang='lat' dir='ltr'><strong>cum</strong></span> <span class='ocrx_word' id='word_1_238' title='bbox 1038 4021 1088 4086; x_wconf 93' lang='lat' dir='ltr'><strong>dd.</strong></span> <span class='ocrx_word' id='word_1_239' title='bbox 1106 4022 1138 4085; x_wconf 94' lang='lat' dir='ltr'><strong>in</strong></span> <span class='ocrx_word' id='word_1_240' title='bbox 1155 4019 1211 4085; x_wconf 85' lang='lat' dir='ltr'><strong>ch.</strong></span> <span class='ocrx_word' id='word_1_241' title='bbox 1228 4020 1259 4087; x_wconf 82' lang='lat' dir='ltr'><strong>ff.</strong></span> <span class='ocrx_word' id='word_1_242' title='bbox 1277 4071 1307 4085; x_wconf 93' lang='lat'><strong>..</strong></span> <span class='ocrx_word' id='word_1_243' title='bbox 1333 4021 1498 4087; x_wconf 88' lang='lat' dir='ltr'><strong>abbatissa</strong></span> <span class='ocrx_word' id='word_1_244' title='bbox 1514 4025 1548 4084; x_wconf 92' lang='lat' dir='ltr'><strong>et</strong></span> <span class='ocrx_word' id='word_1_245' title='bbox 1563 4027 1719 4086; x_wconf 87' lang='lat' dir='ltr'><strong>conventu</strong></span> <span class='ocrx_word' id='word_1_246' title='bbox 1741 4024 1927 4088; x_wconf 87' lang='lat' dir='ltr'><strong>monasterii</strong></span> 
     </span>
     <span class='ocr_line' id='line_1_25' title="bbox 418 4124 1926 4207; baseline 0.001 -18"><span class='ocrx_word' id='word_1_247' title='bbox 418 4127 524 4191; x_wconf 88' lang='lat' dir='ltr'><strong>sancti</strong></span> <span class='ocrx_word' id='word_1_248' title='bbox 549 4126 681 4190; x_wconf 82' lang='lat' dir='ltr'><strong>Antonii</strong></span> <span class='ocrx_word' id='word_1_249' title='bbox 710 4144 809 4207; x_wconf 91' lang='lat' dir='ltr'><strong>prope</strong></span> <span class='ocrx_word' id='word_1_250' title='bbox 832 4126 985 4203; x_wconf 84' lang='lat' dir='ltr'><strong>Parisios,</strong></span> <span class='ocrx_word' id='word_1_251' title='bbox 1009 4126 1129 4190; x_wconf 90' lang='lat' dir='ltr'><strong>ordinis</strong></span> <span class='ocrx_word' id='word_1_252' title='bbox 1153 4124 1385 4203; x_wconf 74' lang='lat' dir='ltr'><strong>cisterciensis</strong></span> <span class='ocrx_word' id='word_1_253' title='bbox 1417 4125 1450 4189; x_wconf 93' lang='lat' dir='ltr'><strong>in</strong></span> <span class='ocrx_word' id='word_1_254' title='bbox 1482 4126 1552 4207; x_wconf 91' lang='lat' dir='ltr'><strong>ipso</strong></span> <span class='ocrx_word' id='word_1_255' title='bbox 1582 4128 1785 4204; x_wconf 89' lang='lat' dir='ltr'><strong>monasterio,</strong></span> <span class='ocrx_word' id='word_1_256' title='bbox 1809 4127 1841 4190; x_wconf 91' lang='lat' dir='ltr'><strong>io</strong></span> <span class='ocrx_word' id='word_1_257' title='bbox 1864 4146 1926 4207; x_wconf 93' lang='lat' dir='ltr'><strong>quo</strong></span> 
     </span>
     <span class='ocr_line' id='line_1_26' title="bbox 418 4228 1928 4311; baseline 0.001 -18"><span class='ocrx_word' id='word_1_258' title='bbox 418 4236 529 4295; x_wconf 87' lang='lat' dir='ltr'><strong>certus</strong></span> <span class='ocrx_word' id='word_1_259' title='bbox 551 4229 737 4294; x_wconf 88' lang='lat' dir='ltr'><strong>monialium</strong></span> <span class='ocrx_word' id='word_1_260' title='bbox 759 4247 909 4294; x_wconf 88' lang='lat' dir='ltr'><strong>numerus</strong></span> <span class='ocrx_word' id='word_1_261' title='bbox 932 4247 1005 4294; x_wconf 89' lang='lat' dir='ltr'><strong>esse</strong></span> <span class='ocrx_word' id='word_1_262' title='bbox 1021 4229 1174 4309; x_wconf 59' lang='lat' dir='ltr'><strong>(licitum)</strong></span> <span class='ocrx_word' id='word_1_263' title='bbox 1198 4230 1399 4307; x_wconf 87' lang='lat' dir='ltr'><strong>constitutus,</strong></span> <span class='ocrx_word' id='word_1_264' title='bbox 1419 4230 1477 4294; x_wconf 90' lang='lat' dir='ltr'><strong>sub</strong></span> <span class='ocrx_word' id='word_1_265' title='bbox 1492 4228 1632 4311; x_wconf 90' lang='lat' dir='ltr'><strong>regulari</strong></span> <span class='ocrx_word' id='word_1_266' title='bbox 1647 4228 1759 4294; x_wconf 91' lang='lat' dir='ltr'><strong>habitu</strong></span> <span class='ocrx_word' id='word_1_267' title='bbox 1775 4230 1928 4295; x_wconf 86' lang='lat' dir='ltr'><strong>virtutum</strong></span> 
     </span>
     <span class='ocr_line' id='line_1_27' title="bbox 417 4331 1929 4414; baseline -0.001 -15"><span class='ocrx_word' id='word_1_268' title='bbox 417 4336 550 4400; x_wconf 92' lang='lat' dir='ltr'><strong>domino</strong></span> <span class='ocrx_word' id='word_1_269' title='bbox 574 4333 742 4398; x_wconf 86' lang='lat' dir='ltr'><strong>famulari:</strong></span> <span class='ocrx_word' id='word_1_270' title='bbox 766 4351 823 4397; x_wconf 92' lang='lat' dir='ltr'><strong>nos</strong></span> <span class='ocrx_word' id='word_1_271' title='bbox 846 4333 990 4396; x_wconf 86' lang='lat' dir='ltr'><strong>volentes</strong></span> <span class='ocrx_word' id='word_1_272' title='bbox 1013 4333 1115 4413; x_wconf 86' lang='lat' dir='ltr'><strong>ipsam</strong></span> <span class='ocrx_word' id='word_1_273' title='bbox 1146 4334 1178 4397; x_wconf 94' lang='lat' dir='ltr'><strong>in</strong></span> <span class='ocrx_word' id='word_1_274' title='bbox 1201 4332 1383 4397; x_wconf 88' lang='lat' dir='ltr'><strong>huiusmodi</strong></span> <span class='ocrx_word' id='word_1_275' title='bbox 1406 4350 1463 4396; x_wconf 91' lang='lat' dir='ltr'><strong>suo</strong></span> <span class='ocrx_word' id='word_1_276' title='bbox 1486 4331 1640 4397; x_wconf 90' lang='lat' dir='ltr'><strong>laudabili</strong></span> <span class='ocrx_word' id='word_1_277' title='bbox 1670 4334 1832 4414; x_wconf 89' lang='lat' dir='ltr'><strong>proposito</strong></span> <span class='ocrx_word' id='word_1_278' title='bbox 1856 4352 1929 4399; x_wconf 92' lang='lat' dir='ltr'><strong>con·</strong></span> 
     </span>
     <span class='ocr_line' id='line_1_28' title="bbox 415 4437 1928 4519; baseline -0.003 -14"><span class='ocrx_word' id='word_1_279' title='bbox 415 4440 540 4508; x_wconf 79' lang='lat' dir='ltr'><strong>fovere,</strong></span> <span class='ocrx_word' id='word_1_280' title='bbox 576 4437 765 4502; x_wconf 84' lang='lat' dir='ltr'><strong>discrecioni</strong></span> <span class='ocrx_word' id='word_1_281' title='bbox 800 4443 906 4501; x_wconf 86' lang='lat' dir='ltr'><strong>vestre</strong></span> <span class='ocrx_word' id='word_1_282' title='bbox 939 4455 998 4518; x_wconf 92' lang='lat' dir='ltr'><strong>por</strong></span> <span class='ocrx_word' id='word_1_283' title='bbox 1031 4437 1208 4519; x_wconf 90' lang='lat' dir='ltr'><strong>apostolica</strong></span> <span class='ocrx_word' id='word_1_284' title='bbox 1238 4437 1358 4517; x_wconf 89' lang='lat' dir='ltr'><strong>scripta</strong></span> <span class='ocrx_word' id='word_1_285' title='bbox 1389 4437 1586 4515; x_wconf 88' lang='lat' dir='ltr'><strong>mandamus,</strong></span> <span class='ocrx_word' id='word_1_286' title='bbox 1617 4441 1775 4519; x_wconf 87' lang='lat' dir='ltr'><strong>quatenus</strong></span> <span class='ocrx_word' id='word_1_287' title='bbox 1798 4455 1855 4502; x_wconf 91' lang='lat' dir='ltr'><strong>vos</strong></span> <span class='ocrx_word' id='word_1_288' title='bbox 1877 4438 1928 4502; x_wconf 91' lang='lat' dir='ltr'><strong>vel</strong></span> 
     </span>
     <span class='ocr_line' id='line_1_29' title="bbox 414 4535 1929 4620; baseline -0.001 -13"><span class='ocrx_word' id='word_1_289' title='bbox 414 4544 482 4608; x_wconf 92' lang='lat' dir='ltr'><strong>duo</strong></span> <span class='ocrx_word' id='word_1_290' title='bbox 518 4549 577 4606; x_wconf 89' lang='lat' dir='ltr'><strong>aut</strong></span> <span class='ocrx_word' id='word_1_291' title='bbox 610 4559 693 4605; x_wconf 91' lang='lat' dir='ltr'><strong>nnus</strong></span> <span class='ocrx_word' id='word_1_292' title='bbox 726 4545 866 4604; x_wconf 87' lang='lat' dir='ltr'><strong>vestrum</strong></span> <span class='ocrx_word' id='word_1_293' title='bbox 901 4540 1034 4604; x_wconf 88' lang='lat' dir='ltr'><strong>eandem</strong></span> <span class='ocrx_word' id='word_1_294' title='bbox 1065 4535 1290 4620; x_wconf 43' lang='lat' dir='ltr'><strong>beatricem&amp;</strong></span> <span class='ocrx_word' id='word_1_295' title='bbox 1322 4540 1349 4604; x_wconf 92' lang='lat' dir='ltr'><strong>si</strong></span> <span class='ocrx_word' id='word_1_296' title='bbox 1373 4541 1416 4604; x_wconf 89' lang='lat' dir='ltr'><strong>sit</strong></span> <span class='ocrx_word' id='word_1_297' title='bbox 1436 4540 1552 4605; x_wconf 88' lang='lat' dir='ltr'><strong>idonea</strong></span> <span class='ocrx_word' id='word_1_298' title='bbox 1575 4544 1608 4604; x_wconf 88' lang='lat' dir='ltr'><strong>et</strong></span> <span class='ocrx_word' id='word_1_299' title='bbox 1630 4539 1719 4605; x_wconf 91' lang='lat' dir='ltr'><strong>aliud</strong></span> <span class='ocrx_word' id='word_1_300' title='bbox 1742 4542 1929 4606; x_wconf 90' lang='lat' dir='ltr'><strong>canonicum</strong></span> 
     </span>
     <span class='ocr_line' id='line_1_30' title="bbox 414 4643 1929 4732; baseline -0.003 -20"><span class='ocrx_word' id='word_1_301' title='bbox 414 4643 709 4732; x_wconf 87' lang='lat' dir='ltr'><strong>[impedimentum]</strong></span> <span class='ocrx_word' id='word_1_302' title='bbox 719 4646 743 4724; x_wconf 83' lang='lat' dir='ltr'><strong>e)</strong></span> <span class='ocrx_word' id='word_1_303' title='bbox 773 4663 834 4708; x_wconf 92' lang='lat' dir='ltr'><strong>non</strong></span> <span class='ocrx_word' id='word_1_304' title='bbox 866 4645 1012 4723; x_wconf 89' lang='lat' dir='ltr'><strong>obsistat,</strong></span> <span class='ocrx_word' id='word_1_305' title='bbox 1043 4645 1172 4708; x_wconf 85' lang='lat' dir='ltr'><strong>faciatis</strong></span> <span class='ocrx_word' id='word_1_306' title='bbox 1203 4645 1396 4708; x_wconf 85' lang='lat' dir='ltr'><strong>auctoritate</strong></span> <span class='ocrx_word' id='word_1_307' title='bbox 1425 4649 1535 4708; x_wconf 88' lang='lat' dir='ltr'><strong>nostra</strong></span> <span class='ocrx_word' id='word_1_308' title='bbox 1558 4643 1655 4727; x_wconf 67' lang='lat' dir='ltr'><strong>perd)</strong></span> <span class='ocrx_word' id='word_1_309' title='bbox 1679 4663 1734 4710; x_wconf 90' lang='lat' dir='ltr'><strong>vos</strong></span> <span class='ocrx_word' id='word_1_310' title='bbox 1758 4645 1808 4710; x_wconf 90' lang='lat' dir='ltr'><strong>vel</strong></span> <span class='ocrx_word' id='word_1_311' title='bbox 1832 4645 1929 4709; x_wconf 88' lang='lat' dir='ltr'><strong>alium</strong></span> 
     </span>
     <span class='ocr_line' id='line_1_31' title="bbox 416 4747 1927 4830; baseline -0.002 -14"><span class='ocrx_word' id='word_1_312' title='bbox 416 4771 478 4816; x_wconf 88' lang='lat' dir='ltr'><strong>seu</strong></span> <span class='ocrx_word' id='word_1_313' title='bbox 512 4750 595 4814; x_wconf 89' lang='lat' dir='ltr'><strong>alios</strong></span> <span class='ocrx_word' id='word_1_314' title='bbox 628 4750 660 4813; x_wconf 93' lang='lat' dir='ltr'><strong>in</strong></span> <span class='ocrx_word' id='word_1_315' title='bbox 697 4747 782 4813; x_wconf 88' lang='lat' dir='ltr'><strong>dicto</strong></span> <span class='ocrx_word' id='word_1_316' title='bbox 805 4750 1007 4827; x_wconf 85' lang='lat' dir='ltr'><strong>monasterio,</strong></span> <span class='ocrx_word' id='word_1_317' title='bbox 1032 4749 1059 4812; x_wconf 88' lang='lat' dir='ltr'><strong>si</strong></span> <span class='ocrx_word' id='word_1_318' title='bbox 1083 4749 1191 4829; x_wconf 88' lang='lat' dir='ltr'><strong>aliqua</strong></span> <span class='ocrx_word' id='word_1_319' title='bbox 1214 4748 1253 4812; x_wconf 93' lang='lat' dir='ltr'><strong>de</strong></span> <span class='ocrx_word' id='word_1_320' title='bbox 1277 4749 1363 4814; x_wconf 92' lang='lat' dir='ltr'><strong>dicto</strong></span> <span class='ocrx_word' id='word_1_321' title='bbox 1394 4749 1557 4829; x_wconf 73' lang='lat' dir='ltr'><strong>numero⁶)</strong></span> <span class='ocrx_word' id='word_1_322' title='bbox 1592 4748 1683 4814; x_wconf 88' lang='lat' dir='ltr'><strong>deest</strong></span> <span class='ocrx_word' id='word_1_323' title='bbox 1714 4749 1756 4813; x_wconf 90' lang='lat' dir='ltr'><strong>ad</strong></span> <span class='ocrx_word' id='word_1_324' title='bbox 1785 4767 1927 4830; x_wconf 86' lang='lat' dir='ltr'><strong>presens,</strong></span> 
     </span>
     <span class='ocr_line' id='line_1_32' title="bbox 416 4853 1928 4936; baseline -0.003 -17"><span class='ocrx_word' id='word_1_325' title='bbox 416 4856 470 4921; x_wconf 86' lang='lat' dir='ltr'><strong>vel</strong></span> <span class='ocrx_word' id='word_1_326' title='bbox 502 4856 735 4936; x_wconf 89' lang='lat' dir='ltr'><strong>quamprimum</strong></span> <span class='ocrx_word' id='word_1_327' title='bbox 769 4854 916 4931; x_wconf 89' lang='lat' dir='ltr'><strong>defuerit,</strong></span> <span class='ocrx_word' id='word_1_328' title='bbox 952 4854 983 4917; x_wconf 94' lang='lat' dir='ltr'><strong>in</strong></span> <span class='ocrx_word' id='word_1_329' title='bbox 1017 4853 1186 4917; x_wconf 84' lang='lat' dir='ltr'><strong>monialem</strong></span> <span class='ocrx_word' id='word_1_330' title='bbox 1220 4854 1320 4935; x_wconf 92' lang='lat' dir='ltr'><strong>recipi</strong></span> <span class='ocrx_word' id='word_1_331' title='bbox 1355 4858 1387 4917; x_wconf 91' lang='lat' dir='ltr'><strong>et</strong></span> <span class='ocrx_word' id='word_1_332' title='bbox 1421 4870 1561 4916; x_wconf 90' lang='lat' dir='ltr'><strong>sororem</strong></span> <span class='ocrx_word' id='word_1_333' title='bbox 1596 4853 1720 4934; x_wconf 90' lang='lat' dir='ltr'><strong>sibique</strong></span> <span class='ocrx_word' id='word_1_334' title='bbox 1749 4853 1928 4935; x_wconf 79' lang='lat' dir='ltr'><strong>regularem</strong></span> 
     </span>
     <span class='ocr_line' id='line_1_33' title="bbox 417 4955 1928 5039; baseline -0.004 -14"><span class='ocrx_word' id='word_1_335' title='bbox 417 4960 566 5025; x_wconf 88' lang='lat' dir='ltr'><strong>habitum</strong></span> <span class='ocrx_word' id='word_1_336' title='bbox 589 4960 680 5023; x_wconf 80' lang='lat' dir='ltr'><strong>iuxta</strong></span> <span class='ocrx_word' id='word_1_337' title='bbox 702 4959 804 5039; x_wconf 92' lang='lat' dir='ltr'><strong>ipsius</strong></span> <span class='ocrx_word' id='word_1_338' title='bbox 826 4958 1012 5021; x_wconf 88' lang='lat' dir='ltr'><strong>monasterii</strong></span> <span class='ocrx_word' id='word_1_339' title='bbox 1043 4956 1304 5022; x_wconf 92' lang='lat' dir='ltr'><strong>consuetudinem</strong></span> <span class='ocrx_word' id='word_1_340' title='bbox 1339 4955 1481 5021; x_wconf 86' lang='lat' dir='ltr'><strong>exbiberi</strong></span> <span class='ocrx_word' id='word_1_341' title='bbox 1512 4974 1549 5020; x_wconf 91' lang='lat' dir='ltr'><strong>ac</strong></span> <span class='ocrx_word' id='word_1_342' title='bbox 1580 4958 1610 5020; x_wconf 92' lang='lat' dir='ltr'><strong>ei</strong></span> <span class='ocrx_word' id='word_1_343' title='bbox 1641 4958 1681 5021; x_wconf 94' lang='lat' dir='ltr'><strong>de</strong></span> <span class='ocrx_word' id='word_1_344' title='bbox 1711 4956 1928 5022; x_wconf 91' lang='lat' dir='ltr'><strong>communibus</strong></span> 
     </span>
     <span class='ocr_line' id='line_1_34' title="bbox 418 5058 1929 5142; baseline -0.003 -13"><span class='ocrx_word' id='word_1_345' title='bbox 418 5062 565 5129; x_wconf 88' lang='lat' dir='ltr'><strong>eiusdem</strong></span> <span class='ocrx_word' id='word_1_346' title='bbox 600 5063 786 5127; x_wconf 86' lang='lat' dir='ltr'><strong>monasterii</strong></span> <span class='ocrx_word' id='word_1_347' title='bbox 819 5061 1026 5142; x_wconf 85' lang='lat' dir='ltr'><strong>proventibus</strong></span> <span class='ocrx_word' id='word_1_348' title='bbox 1059 5061 1143 5124; x_wconf 88' lang='lat' dir='ltr'><strong>sicut</strong></span> <span class='ocrx_word' id='word_1_349' title='bbox 1177 5062 1231 5125; x_wconf 91' lang='lat' dir='ltr'><strong>nni</strong></span> <span class='ocrx_word' id='word_1_350' title='bbox 1266 5079 1306 5124; x_wconf 80' lang='lat' dir='ltr'><strong>er</strong></span> <span class='ocrx_word' id='word_1_351' title='bbox 1336 5060 1409 5124; x_wconf 90' lang='lat' dir='ltr'><strong>aliis</strong></span> <span class='ocrx_word' id='word_1_352' title='bbox 1432 5060 1509 5124; x_wconf 88' lang='lat' dir='ltr'><strong>dicti</strong></span> <span class='ocrx_word' id='word_1_353' title='bbox 1532 5061 1715 5125; x_wconf 83' lang='lat' dir='ltr'><strong>monasterii</strong></span> <span class='ocrx_word' id='word_1_354' title='bbox 1738 5058 1929 5125; x_wconf 87' lang='lat' dir='ltr'><strong>monialibus</strong></span> 
     </span>
     <span class='ocr_line' id='line_1_35' title="bbox 417 5165 1930 5250; baseline -0.003 -18"><span class='ocrx_word' id='word_1_355' title='bbox 417 5169 546 5249; x_wconf 87' lang='lat' dir='ltr'><strong>integre</strong></span> <span class='ocrx_word' id='word_1_356' title='bbox 568 5166 728 5250; x_wconf 90' lang='lat' dir='ltr'><strong>provideri</strong></span> <span class='ocrx_word' id='word_1_357' title='bbox 751 5167 918 5247; x_wconf 88' lang='lat' dir='ltr'><strong>ipsamque</strong></span> <span class='ocrx_word' id='word_1_358' title='bbox 945 5165 1063 5230; x_wconf 92' lang='lat' dir='ltr'><strong>ibidem</strong></span> <span class='ocrx_word' id='word_1_359' title='bbox 1086 5166 1210 5229; x_wconf 89' lang='lat' dir='ltr'><strong>sincera</strong></span> <span class='ocrx_word' id='word_1_360' title='bbox 1233 5165 1265 5228; x_wconf 93' lang='lat' dir='ltr'><strong>in</strong></span> <span class='ocrx_word' id='word_1_361' title='bbox 1289 5165 1414 5230; x_wconf 81' lang='lat' dir='ltr'><strong>donnno</strong></span> <span class='ocrx_word' id='word_1_362' title='bbox 1438 5166 1573 5229; x_wconf 86' lang='lat' dir='ltr'><strong>caritate</strong></span> <span class='ocrx_word' id='word_1_363' title='bbox 1606 5166 1756 5243; x_wconf 83' lang='lat' dir='ltr'><strong>tractari3</strong></span> <span class='ocrx_word' id='word_1_364' title='bbox 1788 5187 1845 5228; x_wconf 88' lang='lat' dir='ltr'><strong>non</strong></span> <span class='ocrx_word' id='word_1_365' title='bbox 1876 5169 1930 5227; x_wconf 92' lang='lat' dir='ltr'><strong>ob·</strong></span> 
     </span>
     <span class='ocr_line' id='line_1_36' title="bbox 418 5273 1929 5360; baseline -0.006 -21"><span class='ocrx_word' id='word_1_366' title='bbox 418 5280 568 5339; x_wconf 89' lang='lat' dir='ltr'><strong>stantibus</strong></span> <span class='ocrx_word' id='word_1_367' title='bbox 591 5278 813 5351; x_wconf 87' lang='lat' dir='ltr'><strong>quibuscunque</strong></span> <span class='ocrx_word' id='word_1_368' title='bbox 836 5276 956 5334; x_wconf 89' lang='lat' dir='ltr'><strong>statutis</strong></span> <span class='ocrx_word' id='word_1_369' title='bbox 978 5282 1008 5333; x_wconf 90' lang='lat' dir='ltr'><strong>ct</strong></span> <span class='ocrx_word' id='word_1_370' title='bbox 1031 5275 1291 5360; x_wconf 89' lang='lat' dir='ltr'><strong>consuetudinibus</strong></span> <span class='ocrx_word' id='word_1_371' title='bbox 1325 5275 1497 5333; x_wconf 90' lang='lat' dir='ltr'><strong>monasterii</strong></span> <span class='ocrx_word' id='word_1_372' title='bbox 1532 5281 1562 5333; x_wconf 93' lang='lat' dir='ltr'><strong>et</strong></span> <span class='ocrx_word' id='word_1_373' title='bbox 1595 5274 1707 5335; x_wconf 87' lang='lat' dir='ltr'><strong>ordinis</strong></span> <span class='ocrx_word' id='word_1_374' title='bbox 1729 5273 1929 5347; x_wconf 89' lang='lat' dir='ltr'><strong>predictorum</strong></span> 
     </span>
     <span class='ocr_line' id='line_1_37' title="bbox 418 5377 1929 5456; baseline -0.007 -11"><span class='ocrx_word' id='word_1_375' title='bbox 418 5384 590 5456; x_wconf 86' lang='lat' dir='ltr'><strong>contrariis,</strong></span> <span class='ocrx_word' id='word_1_376' title='bbox 613 5383 788 5456; x_wconf 89' lang='lat' dir='ltr'><strong>iuramento,</strong></span> <span class='ocrx_word' id='word_1_377' title='bbox 812 5379 1036 5440; x_wconf 87' lang='lat' dir='ltr'><strong>confirmacione</strong></span> <span class='ocrx_word' id='word_1_378' title='bbox 1059 5380 1222 5452; x_wconf 91' lang='lat' dir='ltr'><strong>apostolica</strong></span> <span class='ocrx_word' id='word_1_379' title='bbox 1245 5396 1296 5437; x_wconf 87' lang='lat' dir='ltr'><strong>seu</strong></span> <span class='ocrx_word' id='word_1_380' title='bbox 1320 5395 1491 5451; x_wconf 90' lang='lat' dir='ltr'><strong>quacunque</strong></span> <span class='ocrx_word' id='word_1_381' title='bbox 1515 5377 1653 5437; x_wconf 89' lang='lat' dir='ltr'><strong>firmitate</strong></span> <span class='ocrx_word' id='word_1_382' title='bbox 1675 5379 1734 5436; x_wconf 89' lang='lat' dir='ltr'><strong>alia</strong></span> <span class='ocrx_word' id='word_1_383' title='bbox 1769 5377 1929 5453; x_wconf 87' lang='lat' dir='ltr'><strong>roboratis,</strong></span> 
     </span>
     <span class='ocr_line' id='line_1_38' title="bbox 419 5481 1930 5560; baseline -0.004 -13"><span class='ocrx_word' id='word_1_384' title='bbox 419 5506 472 5547; x_wconf 88' lang='lat' dir='ltr'><strong>sen</strong></span> <span class='ocrx_word' id='word_1_385' title='bbox 488 5488 515 5546; x_wconf 93' lang='lat' dir='ltr'><strong>si</strong></span> <span class='ocrx_word' id='word_1_386' title='bbox 531 5503 587 5560; x_wconf 92' lang='lat' dir='ltr'><strong>pro</strong></span> <span class='ocrx_word' id='word_1_387' title='bbox 606 5487 673 5543; x_wconf 89' lang='lat' dir='ltr'><strong>aliis</strong></span> <span class='ocrx_word' id='word_1_388' title='bbox 696 5485 805 5544; x_wconf 87' lang='lat' dir='ltr'><strong>ibidem</strong></span> <span class='ocrx_word' id='word_1_389' title='bbox 828 5486 939 5559; x_wconf 85' lang='lat' dir='ltr'><strong>scripta</strong></span> <span class='ocrx_word' id='word_1_390' title='bbox 958 5484 1058 5543; x_wconf 88' lang='lat' dir='ltr'><strong>forsan</strong></span> <span class='ocrx_word' id='word_1_391' title='bbox 1082 5483 1245 5557; x_wconf 89' lang='lat' dir='ltr'><strong>apostolica</strong></span> <span class='ocrx_word' id='word_1_392' title='bbox 1274 5483 1334 5541; x_wconf 89' lang='lat' dir='ltr'><strong>sint</strong></span> <span class='ocrx_word' id='word_1_393' title='bbox 1365 5484 1487 5557; x_wconf 90' lang='lat' dir='ltr'><strong>directa,</strong></span> <span class='ocrx_word' id='word_1_394' title='bbox 1518 5487 1570 5541; x_wconf 91' lang='lat' dir='ltr'><strong>aut</strong></span> <span class='ocrx_word' id='word_1_395' title='bbox 1599 5483 1625 5541; x_wconf 91' lang='lat' dir='ltr'><strong>si</strong></span> <span class='ocrx_word' id='word_1_396' title='bbox 1649 5482 1756 5540; x_wconf 91' lang='lat' dir='ltr'><strong>eisdem</strong></span> <span class='ocrx_word' id='word_1_397' title='bbox 1779 5481 1930 5541; x_wconf 89' lang='lat' dir='ltr'><strong>abbatisse</strong></span> 
     </span>
     <span class='ocr_line' id='line_1_39' title="bbox 419 5585 1926 5663; baseline -0.006 -11"><span class='ocrx_word' id='word_1_398' title='bbox 419 5599 449 5652; x_wconf 89' lang='lat' dir='ltr'><strong>et</strong></span> <span class='ocrx_word' id='word_1_399' title='bbox 472 5590 632 5651; x_wconf 89' lang='lat' dir='ltr'><strong>conventui</strong></span> <span class='ocrx_word' id='word_1_400' title='bbox 652 5591 699 5649; x_wconf 92' lang='lat' dir='ltr'><strong>vel</strong></span> <span class='ocrx_word' id='word_1_401' title='bbox 722 5590 873 5663; x_wconf 81' lang='lat' dir='ltr'><strong>quibusvis</strong></span> <span class='ocrx_word' id='word_1_402' title='bbox 895 5590 962 5648; x_wconf 91' lang='lat' dir='ltr'><strong>aliis</strong></span> <span class='ocrx_word' id='word_1_403' title='bbox 986 5588 1177 5646; x_wconf 88' lang='lat' dir='ltr'><strong>communiter</strong></span> <span class='ocrx_word' id='word_1_404' title='bbox 1199 5589 1244 5646; x_wconf 91' lang='lat' dir='ltr'><strong>vel</strong></span> <span class='ocrx_word' id='word_1_405' title='bbox 1268 5588 1384 5646; x_wconf 84' lang='lat' dir='ltr'><strong>divisim</strong></span> <span class='ocrx_word' id='word_1_406' title='bbox 1399 5603 1417 5645; x_wconf 86' lang='lat' dir='ltr'><strong>a</strong></span> <span class='ocrx_word' id='word_1_407' title='bbox 1433 5586 1501 5645; x_wconf 92' lang='lat' dir='ltr'><strong>sede</strong></span> <span class='ocrx_word' id='word_1_408' title='bbox 1524 5586 1687 5660; x_wconf 85' lang='lat' dir='ltr'><strong>apostolica</strong></span> <span class='ocrx_word' id='word_1_409' title='bbox 1710 5586 1750 5643; x_wconf 91' lang='lat' dir='ltr'><strong>sit</strong></span> <span class='ocrx_word' id='word_1_410' title='bbox 1771 5585 1926 5661; x_wconf 89' lang='lat' dir='ltr'><strong>indultum,</strong></span> 
     </span>
     <span class='ocr_line' id='line_1_40' title="bbox 418 5690 1930 5772; baseline -0.006 -16"><span class='ocrx_word' id='word_1_411' title='bbox 418 5698 498 5772; x_wconf 91' lang='lat' dir='ltr'><strong>qnod</strong></span> <span class='ocrx_word' id='word_1_412' title='bbox 518 5696 556 5753; x_wconf 91' lang='lat' dir='ltr'><strong>ad</strong></span> <span class='ocrx_word' id='word_1_413' title='bbox 581 5696 783 5767; x_wconf 85' lang='lat' dir='ltr'><strong>recepcionem</strong></span> <span class='ocrx_word' id='word_1_414' title='bbox 803 5694 850 5752; x_wconf 94' lang='lat' dir='ltr'><strong>vel</strong></span> <span class='ocrx_word' id='word_1_415' title='bbox 872 5693 1067 5766; x_wconf 89' lang='lat' dir='ltr'><strong>provisionem</strong></span> <span class='ocrx_word' id='word_1_416' title='bbox 1090 5692 1215 5750; x_wconf 90' lang='lat' dir='ltr'><strong>alicuius</strong></span> <span class='ocrx_word' id='word_1_417' title='bbox 1238 5692 1354 5749; x_wconf 91' lang='lat' dir='ltr'><strong>minime</strong></span> <span class='ocrx_word' id='word_1_418' title='bbox 1377 5695 1533 5750; x_wconf 88' lang='lat' dir='ltr'><strong>teneantur</strong></span> <span class='ocrx_word' id='word_1_419' title='bbox 1556 5695 1586 5748; x_wconf 93' lang='lat' dir='ltr'><strong>et</strong></span> <span class='ocrx_word' id='word_1_420' title='bbox 1608 5690 1645 5748; x_wconf 92' lang='lat' dir='ltr'><strong>ad</strong></span> <span class='ocrx_word' id='word_1_421' title='bbox 1668 5690 1699 5748; x_wconf 93' lang='lat' dir='ltr'><strong>id</strong></span> <span class='ocrx_word' id='word_1_422' title='bbox 1719 5690 1862 5764; x_wconf 89' lang='lat' dir='ltr'><strong>compelli,</strong></span> <span class='ocrx_word' id='word_1_423' title='bbox 1877 5694 1930 5747; x_wconf 86' lang='lat' dir='ltr'><strong>aut</strong></span> 
     </span>
    </p>
   </div>
   <div class='ocr_carea' id='block_1_10' title="bbox 417 5793 1929 5941">
    <p class='ocr_par' dir='ltr' id='par_1_11' title="bbox 417 5793 1929 5941">
     <span class='ocr_line' id='line_1_41' title="bbox 417 5793 1929 5878; baseline -0.005 -18"><span class='ocrx_word' id='word_1_424' title='bbox 417 5803 497 5878; x_wconf 93' lang='lat' dir='ltr'><strong>quod</strong></span> <span class='ocrx_word' id='word_1_425' title='bbox 521 5800 670 5874; x_wconf 89' lang='lat' dir='ltr'><strong>interdici,</strong></span> <span class='ocrx_word' id='word_1_426' title='bbox 701 5799 840 5871; x_wconf 88' lang='lat' dir='ltr'><strong>suspendi</strong></span> <span class='ocrx_word' id='word_1_427' title='bbox 873 5799 919 5856; x_wconf 94' lang='lat' dir='ltr'><strong>vel</strong></span> <span class='ocrx_word' id='word_1_428' title='bbox 949 5796 1195 5857; x_wconf 81' lang='lat' dir='ltr'><strong>excommunicari</strong></span> <span class='ocrx_word' id='word_1_429' title='bbox 1229 5813 1287 5856; x_wconf 92' lang='lat' dir='ltr'><strong>non</strong></span> <span class='ocrx_word' id='word_1_430' title='bbox 1321 5795 1436 5868; x_wconf 86' lang='lat' dir='ltr'><strong>possint</strong></span> <span class='ocrx_word' id='word_1_431' title='bbox 1457 5811 1511 5867; x_wconf 90' lang='lat' dir='ltr'><strong>per</strong></span> <span class='ocrx_word' id='word_1_432' title='bbox 1532 5793 1648 5852; x_wconf 89' lang='lat' dir='ltr'><strong>litteras</strong></span> <span class='ocrx_word' id='word_1_433' title='bbox 1671 5794 1849 5866; x_wconf 86' lang='lat' dir='ltr'><strong>apostolicas</strong></span> <span class='ocrx_word' id='word_1_434' title='bbox 1870 5810 1929 5852; x_wconf 92' lang='lat' dir='ltr'><strong>non</strong></span> 
     </span>
     <span class='ocr_line' id='line_1_42' title="bbox 530 5889 1825 5941; baseline -0.006 -25"><span class='ocrx_word' id='word_1_435' title='bbox 530 5906 536 5916; x_wconf 89' lang='lat'><em>.</em></span> <span class='ocrx_word' id='word_1_436' title='bbox 1793 5889 1825 5941; x_wconf 77' lang='lat'><strong>4*</strong></span> 
     </span>
    </p>
   </div>
   <div class='ocr_carea' id='block_1_11' title="bbox 0 0 2596 7045">
    <p class='ocr_par' dir='ltr' id='par_1_12' title="bbox 0 0 2596 7045">
     <span class='ocr_line' id='line_1_43' title="bbox 0 0 2596 7045; baseline 0 0"><span class='ocrx_word' id='word_1_437' title='bbox 0 0 2596 7045; x_wconf 95' lang='lat' dir='ltr'><strong> </strong></span> 
     </span>
    </p>
   </div>
  </div>
 </body>
</html>
