5184 7050
673 1069 745 1134 Fiat
767 1069 803 1132 R.

670 1200 751 1266 Item
774 1196 932 1283 significat
954 1198 985 1265 S.
1010 1198 1058 1276 V,
1075 1198 1159 1280 quod
1178 1199 1208 1262 b.
1225 1217 1264 1262 m.
1281 1197 1303 1263 J
1305 1197 1454 1278 ohannes
1471 1200 1640 1282 episcopus
1655 1199 1835 1281 PragensiS,
1852 1200 1926 1265 dum
1944 1202 2075 1280 viveret,

562 1304 599 1370 in
621 1304 820 1381 honoremur
844 1307 877 1367 et
899 1303 958 1367 sub
981 1302 1136 1368 vocabulo
1159 1303 1254 1368 beate
1277 1301 1380 1368 Maria
1411 1302 1450 1368 do
1480 1302 1606 1383 bonisr)
1634 1302 1674 1367 ad
1697 1321 1770 1367 oum
1792 1303 1919 1369 racione
1941 1323 2076 1388 persone

564 1427 627 1475 sue
651 1406 869 1490 spectantibus
891 1405 1038 1471 fundavit
1061 1412 1094 1471 et
1117 1405 1239 1471 dotavit
1261 1407 1292 1471 in
1309 1406 1426 1489 oppido
1442 1406 1482 1471 de
1498 1406 1659 1490 Rndnycz,
1683 1407 1850 1490 Progensis
1873 1409 2018 1488 diocesis,
2035 1410 2075 1474 ad

563 1512 878 1595 archiepiscopatum
893 1510 1084 1592 Pragensem
1101 1514 1275 1592 spectante,
1292 1509 1451 1591 quoddam
1466 1511 1693 1575 monasterium
1709 1511 1828 1576 ordinis
1851 1513 1951 1578 sancti
1968 1514 2076 1597 Augu-

562 1617 653 1696 stini,
676 1617 709 1681 in
732 1633 793 1698 quo
817 1615 999 1698 prepositus
1029 1619 1062 1678 et
1092 1615 1235 1679 canonici
1266 1613 1429 1696 regulares
1463 1613 1613 1692 existunt,
1648 1619 1682 1678 et
1711 1613 1861 1679 nonnulla
1891 1621 2013 1682 statuta
2043 1617 2076 1682 in

563 1721 679 1788 eodem
702 1719 894 1785 monasterio
918 1716 1059 1784 condidit
1080 1718 1207 1801 ipsique
1228 1719 1422 1783 monasterio
1453 1737 1510 1800 pro
1540 1717 1627 1782 cultu
1659 1718 1764 1783 divino
1789 1719 2073 1804 ibidemaugendo

562 1831 599 1892 ot
622 1825 733 1891 maiori
757 1822 993 1889 sustentacione
1015 1840 1223 1904 personarum
1247 1823 1349 1904 ipsius
1372 1822 1554 1887 monasterii
1571 1822 1603 1886 in
1619 1822 1704 1888 dicto
1728 1823 1843 1904 oppido
1867 1824 2017 1908 Rudnycz
2040 1831 2074 1890 et

565 1931 599 1995 in
623 1929 717 1994 Palcz
736 1927 852 1993 Maiori
875 1945 912 1992 ac
934 1927 966 1992 in
983 1926 1181 1992 Chiruarecz
1198 1931 1230 1990 et
1244 1926 1353 1991 Wetla
1367 1926 1583 2009 parrochiales
1605 1926 1772 2006 ecclesias,
1786 1928 1911 2009 prelato
1927 1929 2074 2008 diocesis,

564 2034 608 2100 de
632 2051 789 2099 consensu
812 2031 942 2114 capituli
966 2032 1135 2114 Pragensis
1159 2033 1311 2096 annexuit
1333 2036 1366 2095 et
1381 2031 1491 2095 univit.
1516 2031 1622 2109 Quare
1637 2029 1801 2097 humiliter
1816 2032 1975 2115 supplicat
1991 2033 2074 2098 idem

563 2158 635 2218 rex,
660 2143 816 2221 quatenus
837 2136 1060 2202 fundacionem
1083 2140 1116 2200 et
1139 2135 1347 2215 dotacionem,
1379 2139 1501 2200 statuta
1531 2139 1564 2199 et
1593 2135 1741 2200 unionem
1764 2136 1943 2202 huiusmodi
1967 2138 2077 2220 digne-

562 2244 643 2311 mini
667 2263 704 2308 ex
728 2247 817 2307 certa
839 2243 978 2307 sciencia
1001 2239 1186 2306 confirmare
1206 2258 1393 2322 omnemque
1417 2240 1585 2318 defectum,
1603 2242 1629 2306 si
1647 2242 1717 2323 quis
1740 2241 1846 2307 forsan
1869 2243 2077 2308 interuenerit

563 2349 599 2413 in
622 2347 752 2426 eisdem,
776 2347 926 2430 supplere
945 2346 989 2410 'de
1011 2345 1209 2428 plenitudine
1232 2344 1413 2426 potestatis,
1445 2364 1515 2411 oum
1539 2346 1683 2411 omnibus
1707 2346 1858 2412 clausulis
1881 2353 1915 2412 et
1937 2366 1998 2412 non
2021 2348 2075 2412 ob·

562 2451 726 2517 stantibus
749 2450 924 2533 oportunis,
956 2449 1080 2514 litteras
1111 2448 1282 2513 eorundem
1315 2449 1454 2532 episcopi
1485 2455 1519 2514 et
1550 2450 1679 2531 capituli
1712 2468 1808 2533 super
1829 2450 1892 2515 hiis
1915 2450 2075 2517 confectas

561 2557 683 2622 restris
706 2555 822 2619 litteris
845 2555 943 2619 inseri
965 2552 1121 2632 faciendo,
1156 2553 1303 2635 dictaque
1334 2557 1455 2619 statuta
1485 2555 1516 2618 in
1546 2573 1586 2619 ea
1616 2561 1718 2636 parte,
1751 2556 1805 2620 ubi
1836 2575 1893 2639 per
1923 2573 2075 2638 personas

564 2662 670 2743 ipsius
693 2660 827 2725 ecclesie
850 2659 986 2742 quedam
1009 2656 1115 2723 officia
1137 2658 1245 2722 diviua
1266 2658 1430 2723 mandavit
1453 2663 1539 2724 certo
1571 2659 1661 2724 modo
1693 2660 1751 2723 sub
1774 2661 1986 2725 anathematis
2009 2662 2074 2726 vin·

565 2765 640 2831 culo
664 2763 830 2842 celebrari,
855 2769 888 2828 et
910 2762 1001 2841 alias,
1024 2763 1078 2826 ubi
1099 2763 1222 2841 statuit,
1239 2762 1271 2826 iu
1287 2764 1456 2828 canonicos
1472 2763 1549 2829 dicti
1565 2764 1748 2828 monasterii
1765 2765 1862 2846 recipi
1879 2782 1941 2829 uon
1957 2765 2073 2830 debera

562 2887 730 2955 personas,
754 2887 817 2951 que
840 2887 902 2933 non
925 2869 989 2933 sint
1011 2867 1051 2932 de
1073 2867 1223 2932 Boemica
1246 2867 1390 2949 linguar)
1413 2884 1469 2932 sou
1493 2869 1634 2947 nacione,
1665 2872 1701 2932 ut
1730 2868 1922 2934 huiusmodi
1941 2870 2073 2934 anathe-

564 2975 665 3042 matis
686 2992 770 3057 pena
791 2979 825 3038 et
847 2990 1053 3054 personarum
1077 2973 1226 3054 ercepcio
1250 2971 1289 3036 de
1313 2973 1444 3036 statutis
1468 2971 1685 3037 subducantur
1708 2972 1838 3052 eisdem,
1870 2973 1910 3037 de
1933 2974 2076 3056 benigni·

560 3084 632 3146 tate
655 3079 831 3162 apostolica
853 3077 1036 3160 mitigando.

669 3209 743 3274 Fiat
765 3228 823 3291 per
845 3207 1118 3290 archiepiscopum
1142 3208 1336 3289 Pragensem
1357 3209 1547 3274 auctoritate
1571 3207 1754 3291 apostolica,
1786 3209 1812 3272 si
1837 3208 1953 3273 viderit
1975 3227 2070 3291 expe·

561 3315 634 3381 dire
658 3314 695 3380 a
718 3315 761 3379 Et
783 3333 812 3397 q.
837 3318 860 3378 t.
884 3331 908 3378 s.
932 3332 960 3379 a.
983 3311 1004 3376 l.
1029 3311 1100 3377 Fiat
1123 3310 1160 3375 R.
1185 3312 1223 3377 D.
1248 3313 1406 3378 Aninione
1429 3312 1479 3378 Ill
1503 3313 1544 3377 id.
1569 3312 1714 3378 tannarii
1736 3332 1765 3378 a.
1789 3313 1934 3396 septimo.

670 3530 819 3585 Clementis
838 3529 875 3582 Vl
893 3530 920 3584 S.
933 3529 1011 3589 vlna
1031 3534 1087 3596 116)
1105 3527 1124 3582 t.
1144 3530 1211 3583 105⁴.
1233 3559 1265 3568 —
1292 3535 1315 3596 ⁸)
1334 3546 1403 3583 corr.
1417 3547 1451 3583 ex
1464 3530 1516 3596 ,ad‘
1529 3530 1554 3583 S.
1584 3529 1788 3595 edessanis,
1803 3528 1892 3597 suppl.
1909 3529 1942 3583 ab
1965 3528 2071 3583 editore

559 3625 588 3686 ο)
599 3634 671 3673 corr.
685 3632 720 3673 ex
733 3616 897 3685 ,plurilibus‘
906 3615 932 3670 S.
947 3619 971 3681 t¹)
988 3615 1125 3683 sequitur:
1144 3615 1205 3682 ,hac
1217 3615 1275 3670 vice
1288 3616 1436 3684 primaria‘,
1450 3615 1498 3670 sed
1514 3614 1626 3670 cancell.
1639 3616 1665 3669 S.
1690 3619 1713 3683 ⁰)
1728 3615 1890 3682 ,existentis‘
1903 3616 1938 3682 S,
1951 3631 2022 3669 corr.
2035 3616 2069 3669 alr

560 3705 679 3763 editore.
700 3704 720 3770 s)
739 3704 865 3773 seqnitur
882 3702 981 3771 ,dicto‘,
995 3701 1044 3757 sed
1055 3700 1205 3757 cancells.
1233 3710 1257 3766 s)
1277 3703 1368 3772 suppl.
1381 3719 1466 3771 supra
1478 3703 1504 3756 S.
1534 3703 1558 3769 ΙΙ)
1573 3703 1697 3773 sequitur
1712 3701 1886 3772 dignemini,
1902 3701 2069 3756 eliminatum

559 3789 759 3849 obeditores.
786 3796 805 3856 1)
815 3791 905 3860 suppl.
917 3806 1003 3859 supra
1019 3789 1045 3844 S.
1074 3790 1093 3855 Ι)
1105 3790 1232 3857 ,geuitns‘
1243 3791 1277 3855 S,
1290 3805 1359 3844 corr.
1374 3791 1408 3844 ab
1426 3788 1537 3843 editore.
1562 3793 1593 3855 m)
1613 3790 1650 3856 ,in
1669 3790 1810 3844 honorem‘
1830 3788 1921 3858 suppl.
1940 3805 2025 3857 supra
2047 3788 2074 3844 S.

564 3881 593 3947 ΙΙ)
614 3895 687 3935 corr.
706 3894 742 3934 ex
759 3878 875 3945 ,bonnis‘
893 3879 919 3933 S.
947 3879 971 3944 ο)
989 3876 1080 3946 ,liuga‘
1099 3875 1124 3931 S.
1144 3906 1177 3916 —
1198 3878 1217 3942 ¹)
1237 3875 1425 3945 Registratum
1445 3877 1472 3931 in
1492 3877 1598 3931 ZVGA.
1617 3875 1781 3943 Schlesiens,
1801 3874 1885 3943 XXV,
1905 3882 1963 3930 304.

1214 4097 1416 4109 ——-—

559 4369 686 4437 1053.
712 4365 789 4432 &cm
813 4364 969 4446 Cerelestl
992 4385 1063 4447 repe
1085 4367 1309 4444 Ronmanorum,
1333 4366 1546 4449 dispararetur,
1563 4371 1598 4430 ut
1621 4386 1690 4430 cere
1712 4387 1897 4449 paeanaque
1919 4365 2074 4431 cetlrolr'ce

557 4471 706 4549 mulien,
730 4469 765 4535 iu
786 4474 900 4552 quarto
922 4468 969 4534 eet
991 4470 1082 4535 tertio
1106 4470 1391 4552 cousenpuiuitetr's
1406 4470 1454 4535 uel
1469 4471 1645 4553 affinitatis
1658 4470 1811 4553 prodibam
1835 4471 1932 4536 etlam
1951 4492 1990 4535 ee
2000 4471 2074 4554 plu-

554 4576 649 4643 ritca
684 4574 837 4640 luteribus
870 4573 931 4638 sibi
971 4575 1145 4653 coniuncte,
1186 4578 1216 4638 et
1252 4574 1381 4639 etierrrsi
1419 4574 1546 4639 iustitie
1575 4575 1722 4658 publicae
1755 4575 1929 4640 laorceatetc's
1964 4573 2071 4653 obstet,

552 4666 802 4748 matrimonium
831 4678 1015 4744 contrudere
1032 4678 1147 4763 possit,
1173 4677 1280 4762 proles·
1309 4697 1428 4762 quoque
1457 4699 1495 4743 ee
1524 4679 1627 4743 eodem
1650 4679 1853 4744 matrimonio
1874 4679 2076 4763 susepueade

719 4783 861 4865 optinui
884 4783 1071 4848 decernitur.
1095 4784 1148 4858 ,D.
1171 4781 1329 4848 Auiuioee
1353 4784 1413 4848 ΙΙΙ
1431 4783 1473 4849 id.
1496 4783 1654 4851 Juuuccrti
1677 4806 1707 4849 e.
1729 4784 1883 4867 septimo!
1895 4784 1920 4866 1)ι

606 4990 669 5046 .c.
1258 4982 1260 4986 ’
1504 4974 1666 5053 Aeiuioue,
1690 4976 1776 5039 1349
1798 4974 1955 5042 Jeuuerii
1978 4977 2029 5039 ll.

671 5189 821 5245 Clementis
840 5189 878 5243 VI
896 5192 930 5243 Α.
947 5187 1026 5260 Vllle
1049 5191 1121 5258 (too)
1143 5189 1161 5244 1.
1187 5191 1244 5242 112⁹
1267 5207 1294 5242 n.
1318 5196 1373 5257 191,
1389 5189 1558 5244 diversarum
1580 5188 1728 5243 formarum
1754 5205 1799 5258 qu.
1821 5189 1922 5243 3·.:V.
1938 5195 1985 5243 191
2009 5189 2027 5243 f.
2041 5196 2073 5242 36

539 5299 573 5341 n.
598 5285 657 5334 201
680 5276 766 5348 (sict).
786 5306 817 5317 —
846 5280 870 5345 ⁸)
888 5275 1011 5345 ,llarulo⁴
1029 5274 1061 5329 V.
1081 5305 1111 5315 -
1135 5277 1154 5344 ¹)
1174 5275 1201 5328 in
1221 5275 1343 5344 margine
1363 5283 1444 5330 nota:
1463 5275 1506 5342 ,de
1524 5280 1650 5330 camora‘.
