5184 7050
548 900 607 963 198

544 1106 637 1185 p'ater
654 1102 740 1168 'suus
762 1101 962 1186 postmodum
992 1096 1159 1167 senescere
1185 1091 1350 1182 'incipiens'
1368 1107 1401 1166 et
1424 1091 1556 1183 cupiens
1579 1101 1612 1165 in
1635 1086 1776 1165 clericali
1806 1105 1893 1166 statu
1927 1087 2053 1165 domino

545 1208 694 1273 laiuulari
717 1205 812 1273 etde
835 1225 991 1271 consensu
1015 1213 1048 1270 et
1071 1207 1236 1272 voluntate
1259 1207 1345 1272 dicte
1367 1195 1480 1273 matris
1502 1225 1559 1270 sue
1582 1224 1617 1270 se
1633 1205 1746 1270 iecerit
1769 1206 1801 1270 in
1824 1205 2053 1270 subdiaconum

547 1313 696 1377 ordinari.
720 1312 769 1377 Ne
784 1309 882 1394 igitur
904 1316 1034 1393 propter
1051 1303 1287 1376 'clandestinum
1311 1303 1547 1375 matrimonium
1569 1311 1788 1391 supradictum
1810 1310 1913 1392 possit
1937 1309 2054 1392 aliquis

547 1418 607 1482 sibi
623 1416 786 1482 'maculam
810 1408 1047 1497 illegitimitatis
1063 1410 1238 1498 impingere
1248 1406 1283 1498 ·)’
1297 1404 1352 1481 vel
1365 1422 1476 1480 contra
1492 1418 1564 1480 bum
1580 1401 1790 1480 detractionis
1814 1414 1900 1478 labia
1917 1415 2053 1496 aperire,

546 1521 722 1605 [supplicat
756 1520 838 1584 idern
871 1519 1044 1598 lohannes,
1079 1517 1287 1603 quatenusP)
1318 1539 1389 1584 curn
1412 1538 1460 1598 eo,
1495 1507 1549 1602 qui
1579 1538 1614 1584 se
1645 1519 1795 1584 credebat
1826 1526 1920 1600 prout
1952 1518 2054 1583 credit

547 1626 732 1709 legitimum,
764 1631 797 1689 et
819 1625 873 1708 qui
895 1628 1058 1704 tamquam
1080 1624 1240 1706 legitimus
1271 1642 1379 1688 omnes
1410 1641 1518 1687 sacros
1547 1624 1685 1689 minores
1708 1630 1741 1687 et
1764 1623 1902 1688 maiores
1925 1623 2054 1688 ordines

548 1730 690 1811 suscepit
712 1734 745 1792 et
767 1725 921 1792 beneficia
943 1726 1171 1806 ecclesiastica,
1202 1727 1352 1791 videlieet
1382 1728 1617 1809 preposituram
1648 1727 1771 1809 capelle
1793 1727 1881 1809 regie
1905 1727 2054 1793 Omnium

548 1834 735 1900 Sanctorum
758 1833 790 1897 in
814 1837 918 1896 castro
941 1832 1092 1913 Prageusi
1116 1836 1148 1895 et
1172 1833 1378 1897 canonicatus
1402 1833 1460 1897 sub
1485 1834 1710 1914 expectaeione
1742 1832 1976 1913 prebendarum
1999 1852 2056 1915 per

547 1938 738 2003 eleccionem
768 1936 900 2017 capituli
931 1936 964 2000 in
992 1936 1145 2017 Pragensi
1177 1943 1210 2002 et
1240 1937 1270 2002 S.
1295 1936 1332 2002 V.
1357 1937 1568 2017 provisionem
1600 1936 1661 2020 [in]
1676 1928 1708 2018 ‘t'
1725 1935 1999 2002 Wratislauiensi·
2018 1956 2056 2002 ae

549 2044 768 2106 canonicatum
799 2048 831 2105 et
860 2040 1054 2123 prebendam
1085 2040 1117 2104 in
1147 2041 1346 2118 Meluieeusi,
1382 2041 1552 2123 Pragensis
1587 2040 1732 2119 diocesia,
1767 2042 1912 2105 ecelesiis
1948 2042 2056 2107 extitit

549 2150 725 2223 assecutus,
758 2163 854 2226 super
876 2144 1001 2209 delectu
1025 2145 1178 2209 natalium
1200 2146 1232 2208 iu
1255 2164 1341 2223 casu,
1373 2146 1405 2209 iu
1428 2163 1490 2226 quo
1513 2145 1663 2227 indigeat,
1695 2145 1778 2225 quod
1802 2164 1839 2209 eo
1862 2163 1901 2208 ac
1924 2145 2053 2210 defectu

550 2251 633 2314 oculi
657 2250 788 2326 sinistri,
813 2250 922 2330 inquo
939 2249 1074 2329 quedam
1095 2249 1222 2313 macula
1245 2254 1315 2313 orta
1338 2248 1408 2327 luit,
1433 2253 1466 2313 et
1481 2268 1574 2330 quem
1591 2249 1718 2330 quidam
1740 2250 1882 2313 medicus
1900 2250 2055 2326 Parisius,

551 2356 604 2437 qui
628 2356 817 2436 promiserat
847 2354 908 2417 sibi
938 2355 1093 2418 nauculam
1122 2373 1285 2418 remouere
1316 2353 1355 2418 de
1386 2354 1450 2433 illo,
1480 2354 1625 2418 totaliter
1654 2352 1819 2429 destruxit,
1854 2371 2056 2434 nequaquam

550 2460 751 2525 obstantibus
786 2458 888 2539 possit
917 2458 949 2520 iu
980 2458 1138 2539 susceptis
1172 2457 1336 2522 ordinibus
1355 2457 1550 2521 ‘ministrare
1580 2476 1617 2520 ae
1647 2456 1801 2520 beneficia
1835 2456 2057 2521 ecclesiastiea

551 2576 739 2644 quecunque
762 2581 797 2628 se
821 2562 997 2627 adinvicem
1021 2562 1264 2642 compacieneia,
1295 2562 1396 2625 eciam
1418 2561 1446 2624 si
1469 2560 1673 2625 canonicatus
1695 2566 1729 2624 et
1751 2560 1921 2641 prebende,
1953 2560 2058 2643 digni·

551 2673 645 2746 tates,
677 2672 866 2748 personatus
888 2671 923 2732 et
944 2664 1049 2731 officia
1072 2685 1142 2731 cum
1166 2685 1242 2730 cura
1264 2665 1317 2730 vel
1340 2665 1409 2730 sine
1432 2683 1508 2729 eura
1531 2669 1564 2730 et
1587 2665 1619 2729 in
1641 2665 1786 2730 eeclesiis
1817 2665 2058 2731 cathedralibus

552 2773 698 2850 existant,
722 2771 750 2835 si
773 2771 834 2835 sibi
858 2770 940 2835 alias
963 2771 1113 2836 canonice
1137 2771 1348 2847 conferantur,
1378 2769 1479 2834 libere
1501 2770 1645 2850 recipere
1667 2775 1701 2834 et
1722 2774 1796 2833 uua'
1809 2789 1879 2833 cum
1902 2770 2059 2851 predictis

551 2878 689 2942 obtentis
719 2876 807 2945 licite
836 2875 975 2939 retinere
1007 2894 1044 2938 ac
1066 2876 1198 2939 obtenta
1227 2881 1260 2940 et
1282 2873 1454 2940 obtinenda
1485 2874 1645 2938 dimittere
1676 2877 1716 2938 et'
1731 2876 1912 2954 permutare
1935 2874 1970 2939 et
1992 2876 2059 2939 alia

551 2982 694 3062 recipere
715 2981 847 3057 tociens,
872 2980 1025 3061 quociens
1048 2980 1109 3043 sibi
1132 2979 1292 3061 placuerit
1313 2980 1522 3044 et'videbitur
1544 2978 1705 3060 expedire,
1729 2985 1762 3044 et
1776 2979 1817 3043 ad
1832 2984 1940 3042 omnes
1964 2986 2060 3044 aetus

551 3084 709 3173 legitimos
724 3089 765 3171 ,οἵ
782 3090 892 3171 status
915 3083 1150 3168 ecclesiasticos
1173 3089 1206 3148 et
1228 3085 1405 3148 mundanos
1428 3083 1560 3164 perinde
1584 3083 1718 3161 admitti,
1742 3103 1778 3147 ac
1795 3085 1821 3147 si
1842 3090 1937 3162 esset,
1962 3090 2061 3163 prout

552 3190 659 3252 eciam·
676 3188 786 3267 credit,
803 3188 850 3252 de
873 3188 1015 3270 legitimo
1044 3186 1135 3252 thore
1158 3193 1261 3264 natus,
1293 3188 1577 3252 constitucionibus
1600 3194 1632 3251 et
1654 3189 1784 3252 statutis
1805 3193 1838 3252 et
1853 3188 2060 3252 consuetudi·

553 3292 645 3356 nibus
675 3292 916 3373 quibuscunque
947 3310 1004 3357 seu
1034 3310 1292 3373 quarumcunque
1323 3291 1528 3355 eeclesiarum
1552 3297 1611 3355 ete.
1636 3292 1804 3358 contrariis
1834 3310 1895 3355 uon
1926 3292 2060 3356 obstan-

552 3396 647 3472 tibus,
671 3397 862 3460 auctoritate
878 3396 1055 3477 apostolica
1077 3395 1249 3476 dignemini
1265 3395 1305 3459 de
1322 3396 1454 3476 speciali
1476 3396 1583 3477 gracia
1606 3385 1800 3478 dispensare,
1825 3415 1895 3460 eum
1911 3396 2061 3460 omnibus

553 3519 613 3564 nou
637 3501 837 3566 obstantibus
860 3505 893 3565 et
916 3500 1066 3565 clausulis
1089 3499 1263 3582 oportunis.

656 3633 730 3696 Fiat
757 3637 792 3697 ut
813 3632 934 3713 petitur
957 3632 993 3694 R.
1039 3632 1082 3695 Et
1104 3651 1133 3712 q.
1157 3635 1180 3694 t.
1205 3648 1229 3694 s
1255 3651 1282 3694 a.
1308 3631 1328 3694 l.
1375 3631 1446 3694 Fiat
1470 3631 1505 3694 ll.
1552 3631 1594 3725 D.v
1615 3631 1773 3694 Auiuioue
1804 3631 1867 3696 Xll
1891 3630 1954 3695 kal.
1980 3630 2061 3695 Maii

553 3758 581 3801 a.
606 3738 756 3801 secunde.

658 3925 806 3978 Clementis
819 3925 857 3978 Vl
869 3923 895 3977 S.
913 3923 969 3992 Hje
982 3929 1019 3988 (l)
1032 3922 1050 3977 i.
1064 3928 1122 3975 302.
1140 3953 1169 3960 -
1184 3925 1207 3988 π)
1222 3929 1373 3978 correctum
1390 3940 1424 3976 ex
1437 3924 1614 3993 ,impugnare‘
1632 3923 1657 3976 S.
1687 3923 1709 3982 b)
1723 3924 1801 3977 deest
1812 3924 1841 3977 in
1854 3924 1889 3988 S,
1900 3924 2061 3993 suppletum

554 4011 588 4065 ab
608 4011 724 4065 editore.
743 4016 768 4071 ο)
788 4011 866 4064 deest
885 4012 912 4063 iu
931 4009 966 4076 S,
986 4010 1141 4079 suppletum
1161 4010 1194 4064 ab
1215 4009 1329 4063 editore.

553 4713 647 4775 335.
687 4708 763 4773 Crura
785 4708 932 4773 ,loluuurr
962 4709 1117 4788 qruurdom
1140 4708 1302 4775 Jolrouru's
1325 4708 1361 4769 de
1383 4709 1557 4773 Kuuuuu'cz
1585 4709 1789 4790 dispensatur
1818 4729 1913 4791 super
1935 4709 2060 4789 defectu

1146 4812 1306 4874 santollum
1330 4817 1359 4874 rt
1382 4812 1472 4876 oculi.

616 4900 640 5090 Ξ
1515 4953 1677 5026 Avinione,
1704 4955 1792 5016 1344
1813 4952 1939 5035 Aprilis
1962 4956 2015 5035 20.

660 5173 697 5235 D.
723 5171 743 5234 f.
768 5170 916 5244 dolmuui,
942 5175 1015 5232 uoto
1039 5169 1235 5249 quoudaur·)
1257 5168 1414 5232 lobannis
1438 5170 1477 5232 de
1497 5169 1653 5247 Kemnitu,
1678 5171 1864 5250 presbytero
1889 5171 2059 5254 Pragensis

556 5274 757 5358 diocesiss.
782 5280 856 5356 etus
877 5273 950 5336 Vite
973 5291 1152 5336 aemorum
1176 5273 1337 5350 honestas,
1368 5273 1545 5336 litterarum
1569 5274 1706 5335 sciencia
1731 5281 1764 5337 et
1786 5274 1848 5337 ulia
1871 5274 2061 5357 multiplicia

555 5383 610 5441 tue
634 5378 803 5458 probitatis
826 5377 948 5453 rueritu,
973 5395 1069 5456 super
1091 5378 1206 5456 quibus
1230 5377 1315 5456 apud
1338 5396 1395 5441 nos
1415 5376 1582 5458 tidediguis
1606 5377 1833 5442 courmemluris
1857 5381 2059 5458 testimoniis

556 5500 613 5544 uos
637 5481 809 5557 irulucuut,
830 5487 866 5543 ut
888 5498 1057 5560 personam
1087 5486 1176 5544 tuam
1206 5483 1407 5562 prerogativa
1438 5483 1585 5561 specialis
1616 5483 1722 5560 macie
1753 5486 1982 5563 prosequentes
2006 5484 2062 5547 illa

557 5586 613 5648 tibi
638 5585 858 5648 favorabiliter·
880 5585 1098 5663 corrredamus,
1122 5602 1183 5665 que
1205 5590 1364 5665 oportuna
1387 5584 1484 5648 statui
1500 5591 1555 5649 tuo
1575 5586 1712 5649 existere
1737 5585 1952 5651 dinoscuntur.
1978 5587 2062 5652 Saue

556 5691 673 5770 peticio
697 5696 753 5752 tua
782 5707 884 5769 nuper
907 5687 1035 5765 uobisl)
1067 5688 1208 5754 exhibita
1240 5689 1430 5767 continebat,
1462 5690 1545 5770 quod
1575 5691 1733 5770 quoudam
1763 5689 1935 5768 lohannes,
1970 5697 2064 5772 pater

557 5801 641 5866 tuus,
674 5812 743 5855 rum
767 5792 923 5872 quondam
947 5798 1047 5857 matre
1069 5797 1126 5857 tua
1148 5792 1382 5857 matrimonium
1413 5792 1489 5857 licet
1512 5793 1740 5863 claurlestirre²l
1771 5795 1914 5858 noscitur
1936 5798 2062 5860 contra·
