5184 7050
539 857 603 927 536

540 1066 631 1134 93⁰.
658 1065 799 1144 Carolus,
822 1068 1034 1133 Rouaauomm
1049 1073 1079 1133 et
1096 1069 1267 1135 Bobrmiae
1282 1091 1348 1149 reu,
1365 1070 1534 1154 supplicat,
1551 1078 1704 1153 quatenus
1720 1073 1867 1139 Jobauui
1892 1072 2039 1157 quondam

539 1173 690 1236 Tassauis
711 1172 750 1237 de
777 1175 895 1238 Tassoo
917 1174 956 1237 de
977 1173 1141 1254 dipuitate,
1159 1179 1337 1258 personatu
1358 1196 1414 1240 seu
1435 1176 1543 1258 officio
1566 1198 1635 1241 eurr
1657 1177 1705 1241 rel
1727 1179 1797 1243 siue
1811 1198 1902 1254 cura,
1916 1186 2040 1243 traciae

459 1276 461 1281 ’
608 1276 656 1342 uel
678 1283 841 1357 vacaturo,
866 1277 910 1343 ad
932 1277 1128 1344 collationem
1150 1280 1288 1363 episcopi
1309 1284 1339 1343 et
1361 1280 1496 1364 capituli
1521 1282 1735 1347 (lmnruceusis
1752 1282 1974 1365 provideatur.

1463 1420 1626 1497 Aoiuioue,
1648 1424 1737 1487 1347
1758 1421 1953 1506 Septembris
1978 1425 2003 1487 i.

641 1559 808 1642 Supplicat
841 1560 872 1626 S.
907 1561 944 1625 V.
979 1561 1112 1626 devotus
1146 1561 1167 1627 i.
1202 1581 1230 1627 r.
1265 1561 1415 1637 Karalus,
1448 1561 1501 1625 dei
1535 1562 1641 1639 arecia
1676 1562 1890 1627 Romanorum
1925 1581 2041 1645 seniper

539 1670 693 1747 augustus
715 1670 748 1728 et
770 1666 900 1729 Boemie
924 1685 989 1744 rer,
1014 1672 1170 1748 quatenus
1194 1667 1254 1731 sibi
1286 1667 1317 1731 in
1348 1684 1515 1747 personam
1546 1666 1653 1731 dilecti
1688 1666 1858 1731 familiaris
1893 1665 2041 1747 capellani

539 1769 589 1833 sai
611 1768 775 1847 iohannis,
801 1771 945 1835 canonici
968 1770 1103 1836 ecclesie
1127 1770 1357 1848 Olomucensis,
1382 1772 1446 1835 nati
1479 1772 1635 1852 quirridam
1665 1770 1781 1835 nobilis
1812 1771 1872 1835 riri
1900 1771 2042 1835 Tassonis

542 1872 582 1937 de
604 1873 742 1953 Temos,
759 1875 902 1939 eiusdem
925 1876 1071 1953 diocesis,
1096 1876 1266 1958 specialem
1289 1877 1428 1957 graciam
1452 1874 1615 1951 iacientes,
1633 1874 1672 1938 dc
1688 1875 1858 1957 dignitate,
1878 1882 2041 1957 personatu

539 1975 588 2041 sel
612 1976 716 2042 officio
740 1997 811 2043 cum
834 1998 910 2044 cura
934 1979 984 2043 rel
1007 1981 1076 2044 sine
1099 1999 1184 2058 cina,
1208 1981 1309 2044 eciam
1334 1981 1361 2043 si
1386 1979 1457 2062 qais
1480 1979 1520 2043 ad
1544 1998 1623 2057 earn,
1646 1978 1686 2043 ad
1709 1997 1783 2043 eum
1808 1979 1859 2042 rel
1885 1979 1927 2043 ad
1948 1980 1980 2043 id
1995 1997 2043 2060 per

539 2082 730 2148 eleccionem
753 2085 870 2149 assumi
895 2086 1105 2163 consueverit,
1122 2090 1156 2149 et
1171 2086 1198 2150 si
1213 2086 1314 2150 maior
1337 2091 1409 2165 post
1433 2083 1644 2166 episcopalem
1662 2085 1692 2147 in
1712 2083 1851 2148 ecclesia
1875 2082 2042 2147 cathedrali

540 2191 573 2251 et
595 2188 780 2270 principalis
810 2190 842 2253 in
873 2189 1009 2254 eeclesia
1039 2189 1206 2271 collegiata
1237 2191 1365 2267 existat,
1397 2194 1545 2271 spectans
1577 2189 1617 2252 ad
1644 2187 1862 2263 collacionern,
1886 2196 2041 2271 presenta-

542 2291 672 2369 cionem,
705 2293 916 2373 provisionem
947 2312 1003 2358 sea
1035 2295 1179 2375 quamvis
1201 2294 1295 2359 aliam
1319 2293 1562 2376 disposicionem
1586 2293 1662 2356 dicti
1688 2343 1719 2356 ..
1743 2294 1901 2376 episcopi,
1925 2343 1957 2358 ..
1981 2312 2042 2375 pre·

541 2397 648 2477 positi,
685 2396 795 2461 decani
830 2402 864 2461 et
897 2398 1028 2479 capituli
1061 2397 1197 2464 ecclesie
1232 2398 1451 2463 (domucensis
1478 2398 1668 2462 coniunctim
1693 2397 1742 2460 rel
1767 2397 1906 2471 divisim,
1929 2399 2041 2478 sique.

541 2500 612 2580 quis
634 2501 685 2564 rel
709 2502 794 2582 quod
818 2503 849 2565 in
871 2502 957 2567 dicta
981 2502 1184 2568 Olomucensi
1208 2503 1345 2567 ccclesia
1367 2510 1400 2566 et
1422 2508 1513 2567 extra
1538 2506 1630 2565 vacat
1645 2501 1685 2565 ad
1701 2518 1847 2583 presens,
1868 2500 1918 2565 rel
1942 2520 2039 2582 quani-

542 2605 677 2686 primunr
700 2624 814 2670 vacare
837 2607 1014 2689 contigerit.
1039 2626 1108 2671 cum
1132 2608 1365 2689 acceptacione,
1389 2606 1588 2683 inhibicione,
1612 2606 1844 2682 resersacione,
1870 2606 1996 2669 demeto
2013 2614 2038 2667 et

543 2708 690 2772 clausula
712 2709 865 2774 anteferri
888 2710 991 2775 eidem
1014 2711 1151 2776 Jolmnni
1168 2710 1417 2777 nrisericorditer
1432 2710 1604 2792 dignemini
1619 2711 1796 2791 providere,
1813 2729 1877 2773 non
1894 2711 2038 2779 obstante,

550 2814 634 2894 quod
661 2814 744 2877 idem
767 2814 930 2880 lohannes
953 2816 1172 2880 carronicatmn
1196 2823 1226 2879 et
1251 2814 1445 2898 prebendam
1468 2814 1500 2878 in
1524 2814 1609 2878 dicta
1632 2813 1834 2878 Olomucensi
1858 2813 1991 2878 eeclesia
2010 2830 2038 2875 ac

544 2919 765 2983 canonicatum
787 2920 845 2983 sub
869 2921 1094 3002 expectacionc
1117 2920 1278 3003 prebende
1302 2921 1332 2983 in
1356 2919 1492 2984 ecclesia
1516 2920 1767 3002 vissegradensi.
1792 2918 1962 3001 Pragensis
1983 2917 2037 2981 dio

543 3022 636 3100 cesis,
660 3030 693 3088 et
716 3023 948 3104 parrochialem
972 3025 1139 3088 ecclesiam
1155 3025 1186 3088 in
1202 3024 1324 3106 Popita,
1341 3022 1561 3088 Olomucensis
1577 3025 1723 3101 diocesis,
1740 3024 1884 3087 noscitur
1899 3022 2037 3089 obtinere

544 3145 639 3207 quarn
661 3127 891 3209 parrochialem
916 3129 1085 3193 ecclesiam
1109 3130 1226 3211 adepta
1248 3128 1450 3211 possessione
1481 3128 1644 3208 dignitatis
1673 3125 1808 3210 pacifica
1840 3132 1972 3209 paratus
1997 3130 2037 3188 est

543 3230 715 3314 resignare,
747 3237 780 3296 et
809 3251 879 3296 cum
910 3231 982 3297 aliis
1012 3253 1072 3297 non
1103 3233 1304 3297 obstantibus
1331 3239 1364 3295 et
1386 3231 1538 3297 clausulis
1561 3232 1749 3297 necessariis
1773 3239 1805 3296 et
1829 3232 1994 3315 oportunis
2012 3238 2036 3292 et

543 3337 775 3402 executoribus.
811 3336 884 3402 Fiat
906 3336 945 3401 R.
976 3337 1020 3403 Et
1043 3357 1072 3420 q.
1096 3343 1119 3402 t.
1144 3358 1168 3403 s.
1192 3358 1220 3403 a.
1244 3337 1264 3402 l.
1288 3337 1362 3401 Fiat
1384 3337 1421 3400 R.
1458 3337 1496 3401 D.
1520 3338 1677 3401 Auinione
1700 3337 1762 3402 VII
1785 3337 1829 3400 id.
1854 3333 2035 3419 Septembris

545 3460 573 3505 a.
598 3447 697 3507 sexto.

650 3581 798 3636 tlementis
818 3581 900 3636 VIS.
919 3580 985 3653 Vlla
1004 3585 1060 3653 (14)
1079 3581 1097 3635 l.
1114 3583 1165 3636 43¹.

544 3967 636 4035 931.
658 3966 811 4037 Jobauui,
834 3971 909 4032 uate
933 3967 1089 4049 paucam
1116 3968 1269 4031 Tarsouis
1292 3967 1331 4031 de
1355 3967 1483 4042 Tassoo,
1507 3964 1671 4049 capellano
1693 3969 1723 4028 et
1739 3965 1913 4044 familiari
1937 3962 2037 4036 Caroli,

543 4074 626 4153 repis
645 4073 857 4135 Romanorum
881 4076 910 4134 et
925 4072 1105 4144 Bohrmiae,
1129 4071 1278 4136 caaouico
1297 4070 1503 4148 Olommeusi,
1519 4073 1701 4134 resen-atur
1722 4068 1767 4133 ad
1787 4068 2037 4153 supplicationem

543 4176 680 4242 eiusdem
712 4176 794 4257 repis
825 4176 968 4257 dipuitas
1002 4181 1059 4241 aut
1088 4179 1279 4259 personatus
1308 4174 1357 4238 cel
1379 4173 1521 4256 officium
1543 4195 1612 4238 rum
1633 4172 1681 4237 rel
1702 4173 1772 4237 siue
1793 4193 1883 4253 cura,
1907 4171 2039 4238 etiamsi

543 4281 616 4362 quis
639 4280 682 4345 ad
705 4280 762 4344 illa
782 4302 841 4363 per
863 4280 1039 4344 electionem
1062 4279 1185 4345 assumi
1206 4280 1409 4357 consueverit,
1432 4278 1596 4342 desmmodo
1619 4278 1722 4341 maior
1739 4282 1816 4360 post
1845 4275 2038 4361 episcrpalm

544 4387 578 4449 iu
600 4384 777 4449 cathedrali
799 4390 857 4448 aut
874 4384 1069 4468 principalis
1091 4386 1125 4448 iu
1147 4384 1314 4465 collepiata
1339 4383 1477 4448 ecclesiis
1500 4383 1641 4464 dipuitas
1663 4402 1725 4447 riou
1747 4383 1878 4458 existuit,
1909 4385 2040 4466 spectans

544 4489 588 4553 od
610 4488 804 4553 collationem
827 4490 964 4572 episcopi
986 4493 1016 4552 et
1033 4489 1220 4572 praepositi,
1244 4488 1356 4552 ἀααααί
1378 4491 1408 4550 et
1431 4486 1564 4570 rapitrdi
1589 4486 1813 4562 lilmrrureusis
1830 4489 1860 4551 si
1876 4489 1911 4552 iu
1926 4484 2039 4548 ecelesia

548 4594 747 4658 lllouruaeusi
768 4598 870 4672 cacat,
893 4594 941 4657 ret
964 4614 1030 4657 cura
1055 4594 1223 4669 sacareril,
1246 4612 1308 4656 uou
1330 4592 1471 4655 obstante
1493 4595 1528 4654 ut
1551 4592 1585 4655 iu
1613 4611 1697 4656 uerat.
1720 4590 1795 4668 930,
1821 4595 1964 4655 warren
1992 4588 2041 4652 lrar

544 4698 727 4778 coralitiour,
744 4704 788 4776 ut,
811 4702 1047 4781 qrrrrruprimum
1068 4699 1172 4778 ripere
1190 4697 1408 4780 praesumam
1432 4696 1618 4777 dipuitatem
1641 4700 1698 4758 (sart
1715 4700 1926 4778 personatum
1944 4694 1988 4758 rrl
2000 4713 2040 4754 ru·

544 4808 651 4867 ratum
675 4805 815 4884 orariam
834 4803 969 4886 pacifice
992 4802 1098 4882 faerit
1121 4805 1293 4879 ascematus,
1320 4799 1555 4884 parrochialem
1578 4800 1741 4864 ecclesiam
1764 4799 1804 4863 de
1829 4802 1954 4883 lbpier.
1974 4815 2041 4881 quar

544 4912 657 4970 amurca
690 4928 805 4971 rorare
837 4908 1024 4976 decernitur,
1047 4906 1204 4970 dimittere
1237 4910 1391 4970 tencatur.
1437 4905 1489 4978 J).
1513 4902 1670 4968 Auiuiouc
1700 4904 1763 4968 l'll
1793 4904 1840 4969 id.
1864 4898 2040 4987 Septi-rm

545 5033 575 5075 a.
600 5017 707 5076 sarto}
724 5050 766 5057 --
792 5014 827 5075 lu
849 5034 872 5076 e.
896 5032 938 5075 ra.
963 5010 1195 5091 Burdepateusi
1217 5013 1247 5073 et
1264 5008 1420 5090 Properas-i
1443 5007 1687 5091 arclrirpiscopis
1711 5012 1740 5070 rt
1762 5007 1886 5072 decano
1909 5006 2041 5070 ecclesiae

667 5148 673 5219 Ι
772 5115 1041 5196 lbssepradrusis,
1067 5114 1238 5194 Prapeusis
1261 5113 1401 5177 diocesis.
1449 5113 1564 5176 lbrrua
1587 5117 1623 5175 ut
1646 5113 1679 5176 iu
1701 5133 1731 5176 u.
1756 5114 1809 5176 5⁶2.

653 5238 699 5393 Ξ
1466 5287 1630 5365 Aciuiour,
1656 5288 1739 5350 1347
1763 5285 1960 5368 Septerubris
1983 5286 2006 5348 ἴ.

589 5306 636 5393 ,ii

650 5462 797 5516 Clementis
823 5462 861 5515 s'l
885 5465 917 5514 Α.
937 5461 1003 5531 vlss
1023 5461 1078 5526 (sl)
1099 5461 1117 5513 l.
1136 5467 1195 5525 451,
1213 5459 1247 5512 de
1267 5459 1399 5528 dignitate
1416 5461 1467 5512 sub
1495 5459 1688 5528 expectatione
1707 5474 1753 5524 qn.
1774 5465 1785 5510 l
1803 5457 1880 5511 zi.
1903 5464 1951 5512 179
1969 5457 1986 5510 l.
2001 5461 2041 5506 tls

546 5566 571 5602 n.
592 5555 649 5602 978.
672 5581 700 5587 --
724 5549 772 5601 lid.
793 5547 878 5601 atbar.
899 5545 947 5600 l'Il
968 5563 992 5599 n.
1014 5553 1070 5599 lul.
