5184 7050
694 838 757 903 464

691 1045 777 1114 763.
810 1042 952 1109 Jolanni
985 1042 1124 1109 Conradi
1157 1043 1236 1109 dicti
1268 1043 1376 1108 Surda
1410 1042 1447 1108 de
1482 1042 1690 1124 Ratun-tan
1714 1041 1826 1107 clerico
1850 1042 2030 1122 Propensis
2057 1041 2191 1117 diocesis,

688 1151 865 1212 reservatur
886 1147 929 1212 acl
951 1148 1214 1231 supplicationem
1238 1146 1354 1227 Caroli,
1377 1145 1461 1228 rea-is
1485 1146 1709 1221 Romanorum,
1733 1144 1918 1229 beneficium
1950 1166 2023 1211 cum
2053 1145 2102 1210 ael
2133 1148 2190 1211 sine

691 1274 777 1326 cura,
801 1251 890 1317 coins
904 1255 1037 1331 fructus
1058 1254 1101 1317 25
1124 1273 1206 1334 resp.
1230 1253 1273 1317 18
1296 1270 1480 1316 marcarum
1503 1250 1628 1330 arcesiti
1649 1270 1674 1314 s.
1699 1255 1722 1314 t.
1746 1248 1776 1316 d.
1799 1249 1939 1315 calmem
1971 1270 2118 1315 annuum
2139 1272 2190 1315 noa

689 1356 849 1432 accedant,
879 1356 909 1420 si
940 1355 1022 1438 quad
1051 1355 1095 1420 aal
1118 1355 1316 1421 collationem
1341 1354 1528 1438 praepositi,
1552 1354 1665 1421 decani
1687 1360 1716 1420 ct
1738 1354 1873 1440 capituli
1895 1353 2049 1420 ccclesiae
2071 1360 2190 1420 sanctae

692 1460 798 1528 Crucis
826 1459 1081 1525 Vratislaoicnsis
1110 1464 1214 1539 cacat,
1237 1458 1284 1524 acl
1308 1479 1378 1524 curn
1400 1458 1569 1524 vacaverit.
1615 1460 1667 1539 ,D.
1693 1460 1850 1525 Aninione
1872 1459 1907 1525 X
1925 1458 1992 1526 loal.
2019 1458 2190 1524 Decembris

690 1587 720 1630 a.
744 1563 870 1646 quinto!
893 1601 934 1611 -
958 1567 998 1630 In
1019 1586 1044 1629 σ.
1061 1585 1102 1628 m.
1125 1563 1233 1628 albati
1255 1563 1441 1629 manasterii
1462 1564 1568 1629 sancti
1588 1563 1752 1645 Vincentii,
1774 1564 2035 1629 l'ratislauiensis
2059 1564 2189 1641 diocesis,

660 1710 662 1714 .
690 1673 720 1733 et
741 1668 855 1734 decana
885 1669 990 1735 sancti
1018 1668 1177 1737 Johaunis
1208 1667 1466 1733 Vratislaoiensis
1497 1689 1536 1734 ac
1558 1670 1714 1734 sacristae
1735 1668 1961 1735 Aoinioncnsis
1984 1668 2189 1734 ecclesianam.

1267 1774 1384 1838 Forma
1406 1776 1442 1837 at
1464 1772 1499 1837 in
1521 1794 1550 1837 n.
1574 1778 1605 1838 2.

734 1885 842 1950 Gratis
865 1905 922 1968 pro
945 1886 1014 1989 dso.
1597 1885 1760 1961 Acinionc,
1785 1888 1870 1952 1346
1893 1886 2085 1951 Novembris
2107 1892 2155 1953 22.

794 2074 942 2130 Clementis
960 2075 998 2128 VI
1017 2077 1051 2129 Α.
1069 2074 1120 2144 Vll
1141 2078 1196 2145 (91)
1215 2077 1234 2130 f.
1255 2078 1313 2129 161'
1338 2094 1364 2130 n.
1385 2082 1445 2141 209,
1471 2075 1506 2130 ds
1530 2076 1670 2130 beneficiis
1697 2075 1834 2131 vacaturis
1862 2093 1907 2144 qu.
1927 2076 2032 2131 izv.
2051 2077 2191 2130 175191

690 2178 719 2215 n.
739 2167 788 2215 208
808 2163 891 2231 (sic!).
911 2194 943 2202 -
962 2163 1028 2231 Reg.
1048 2162 1076 2216 in
1095 2162 1195 2218 ZVGA
1214 2163 1371 2218 Schlssians
1386 2162 1475 2230 XXV,
1493 2168 1552 2218 2911.
1571 2193 1605 2203 -
1632 2169 1654 2230 ·)
1673 2162 1838 2230 ,tacovuik‘
1857 2166 1890 2217 Α.

697 2617 785 2684 764.
808 2616 942 2681 Nicolao
973 2617 1127 2682 Vincentii
1149 2617 1187 2681 dc
1212 2616 1435 2699 Iv'ciclrenau,·)
1459 2617 1568 2682 clerico
1592 2619 1765 2700 Praacnsis
1788 2618 1931 2697 diocesis,
1954 2626 2140 2685 reservatur
2160 2619 2197 2684 ad

691 2720 953 2804 supplicationem
977 2720 1094 2796 Caroli,
1117 2722 1200 2802 repis
1226 2723 1449 2798 Romanarum,
1473 2723 1653 2806 beneficium
1676 2743 1745 2787 oum
1768 2723 1815 2787 ael
1832 2723 1902 2788 sine
1917 2745 2009 2803 cura,
2026 2730 2197 2788 corcsrsetau

693 2824 731 2888 ab
754 2824 828 2889 olim
850 2825 971 2891 clericis
1004 2826 1222 2891 saemrlarilus
1256 2826 1430 2907 assiynari,
1465 2827 1553 2891 ouius
1586 2830 1718 2907 fructus
1751 2829 1794 2892 25
1824 2847 1906 2911 resp.
1939 2830 1986 2893 18
2020 2848 2199 2893 marcamn

694 2929 818 3010 arpenti
840 2950 866 2995 s.
889 2935 912 2994 t.
935 2931 965 2995 d.
990 2931 1127 2996 calorem
1158 2951 1299 2994 annuum
1329 2951 1391 2995 nan
1420 2931 1583 3010 excedant,
1613 2931 1643 2996 si
1673 2933 1754 3012 qnod
1783 2931 1826 2997 acl
1855 2931 2058 2996 collationem
2082 2933 2200 2997 minti

692 3039 722 3097 et
751 3040 916 3100 conventus
945 3037 1130 3101 monasterii
1159 3037 1194 3099 in
1225 3035 1348 3114 Insula,
1379 3036 1500 3101 ordinis
1530 3037 1634 3102 sancti
1656 3036 1829 3114 Benedicti,
1854 3037 2032 3117 Propensis
2066 3037 2200 3111 diocesis,

693 3143 786 3204 uacat
801 3140 845 3203 ad
863 3162 1026 3223 praesens,
1043 3141 1090 3205 ael
1112 3161 1183 3204 cam
1205 3142 1374 3205 vacaverit.
1401 3142 1452 3215 ,lt
1469 3141 1625 3205 Auiaiane
1641 3143 1675 3205 X
1692 3141 1756 3205 lcal.
1778 3138 1955 3205 Decembris
1971 3163 2005 3206 a.
2021 3143 2152 3224 quinto!
2164 3180 2199 3188 -

695 3245 735 3308 ln
766 3267 790 3310 a.
826 3266 866 3309 m.
898 3244 1014 3311 decano
1049 3245 1222 3329 Praycrsis
1256 3265 1295 3307 ac
1329 3246 1449 3309 custodi
1480 3243 1751 3325 Vysseyradensis,
1789 3244 1963 3326 Praacnsis
2000 3244 2143 3320 diooaais,
2175 3250 2202 3309 et

937 3350 1093 3415 sacristae
1115 3348 1338 3414 Aoinionensis
1361 3348 1575 3416 ecclesiarum.
1620 3350 1736 3413 Forma
1758 3348 1850 3413 utin
1871 3368 1903 3413 n.
1926 3352 1956 3413 2.

738 3506 847 3573 Gratis
870 3527 927 3591 pro
950 3506 1020 3574 deo.
1599 3504 1762 3586 Acinicnc,
1785 3508 1873 3572 1346
1897 3504 2089 3573 Novembris
2111 3511 2161 3572 22.

803 3678 951 3735 (stomensis
970 3681 1005 3734 VI
1024 3684 1057 3734 A.
1076 3679 1128 3748 Vt?
1146 3682 1202 3747 (91)
1222 3680 1240 3734 i.
1254 3685 1326 3733 5811.
1340 3677 1428 3745 atde
1446 3678 1588 3734 beneficiis
1606 3678 1744 3733 vacaturis
1757 3695 1801 3745 qu.
1815 3685 1830 3730 t
1845 3696 1877 3729 :
1889 3678 1922 3732 V.
1939 3679 2069 3733 175131
2085 3697 2110 3734 n.
2124 3686 2162 3734 st.
2172 3710 2200 3719 -

696 3768 722 3833 ι)
742 3765 900 3833 ,Reichnau‘
922 3770 955 3821 Α.

699 4134 786 4200 765.
817 4132 968 4211 Joliaaui,
1000 4138 1075 4197 nato
1104 4136 1261 4216 quondam
1285 4136 1417 4200 Hearici
1438 4135 1476 4199 de
1499 4135 1704 4215 Kasianon)
1729 4133 1919 4198 sodduvoouo
1941 4136 2120 4215 Propensis
2141 4135 2197 4197 dio·

696 4238 783 4315 ossis,
808 4241 987 4301 rescraatar
1010 4239 1054 4301 ad
1076 4240 1338 4321 supplicationem
1363 4238 1479 4314 (liroli,
1504 4240 1587 4320 repis
1612 4241 1833 4316 Bactranorum,
1857 4237 2043 4320 beneficium
2070 4260 2137 4303 acm
2157 4236 2196 4302 rol

696 4342 764 4405 siue
787 4362 874 4420 cara,
898 4342 987 4405 cuius
1002 4346 1135 4421 fructu-s
1158 4347 1200 4407 25
1223 4365 1305 4427 resp.
1332 4347 1372 4407 ts
1393 4363 1577 4407 marcarum
1600 4343 1724 4423 araertti
1745 4362 1772 4405 s.
1795 4344 1818 4405 t.
1842 4342 1872 4405 d.
1895 4341 2039 4406 valorem
2067 4363 2192 4409 anmmn

698 4467 758 4510 αοα
780 4447 941 4523 ascedant,
962 4448 992 4510 si
1013 4448 1095 4529 quod
1119 4449 1162 4512 ad
1185 4448 1381 4512 collationem
1404 4448 1550 4531 episcopi,
1569 4446 1757 4529 praepositi,
1775 4445 1887 4509 decani
1903 4449 1933 4510 ct
1950 4447 2087 4530 capitali
2100 4447 2190 4527 uuor

699 4550 859 4633 lorumque
883 4551 1104 4615 cartonicorum
1124 4553 1272 4617 ecelesiae
1288 4552 1495 4616 I’alaciousis
1517 4555 1620 4630 cacat,
1646 4551 1693 4614 acl
1717 4571 1786 4615 cum
1807 4551 1980 4626 recurarit,
2003 4553 2102 4617 ctiam
2122 4551 2148 4616 si
2165 4551 2190 4611 in

698 4655 806 4717 cadem
841 4654 969 4719 ecclesia
1005 4657 1142 4737 esistat;
1176 4677 1237 4721 raon
1269 4657 1420 4735 obstante,
1455 4656 1547 4738 ,quod
1577 4656 1696 4719 iliadum
1717 4655 1776 4718 tibi
1797 4654 1835 4719 de
1852 4654 2058 4737 parrochiali
2078 4653 2187 4738 ecclesia

700 4760 809 4842 oppidi
831 4761 869 4824 de
885 4758 1033 4841 Pardali
1057 4762 1229 4826 Misuensis
1253 4761 1394 4840 diocesis,
1413 4783 1474 4844 per
1497 4765 1623 4825 nostras
1646 4759 1771 4824 litteras
1793 4758 2019 4824 mandavimus
2035 4756 2186 4845 pastea..

698 4885 756 4946 aue
778 4863 881 4928 littero
903 4869 939 4927 ut
961 4865 1081 4928 asseris
1103 4866 1227 4929 ansuino
1249 4865 1308 4928 tibi
1331 4865 1457 4929 inutiles
1481 4866 1630 4940 esistunt,
1654 4885 1734 4945 amis
1763 4863 1889 4945 auidam
1919 4862 2049 4929 litteras
2077 4868 2106 4927 et
2125 4880 2184 4945 pro

700 4988 804 5032 cessas
834 4967 957 5033 liabitas
982 4991 1043 5050 per
1069 4970 1195 5033 easdam
1219 4973 1248 5032 et
1269 4991 1449 5052 peucemque
1471 4969 1544 5033 inde
1565 4972 1673 5034 secata
1697 4985 1818 5033 caunac
1840 4987 2018 5047 cassamus,
2042 4968 2184 5032 irritamus

701 5076 731 5135 et
753 5072 873 5137 nullius
896 5071 1037 5136 coluaacs
1059 5074 1194 5138 existere
1209 5073 1328 5138 roboris
1345 5073 1391 5139 cel
1406 5074 1554 5137 ricaruenti
1556 5123 1648 5139 .....
1663 5074 1705 5137 D.
1721 5073 1878 5138 Auirvione
1893 5072 1926 5135 X
1945 5070 2010 5136 kal.
2027 5067 2185 5137 Decembris

700 5198 729 5241 a.
755 5177 884 5258 amirato}
909 5215 949 5222 —-
974 5180 1013 5241 In
1036 5200 1060 5241 e.
1085 5199 1125 5241 ua
1151 5178 1184 5241 in
1206 5178 1361 5243 Altooaelo
1392 5182 1421 5242 ct
1450 5177 1601 5242 Lucensis
1631 5177 1894 5240 amttasteriorum
1924 5175 2099 5254 abbatibus,
2119 5175 2182 5238 aa·

697 5282 803 5363 accisis
820 5284 848 5344 et
863 5281 1076 5347 (tlorrvuccusis
1091 5282 1232 5362 diocesis,
1247 5305 1285 5347 aa
1299 5283 1456 5347 sacristae
1471 5281 1618 5346 ecclesiae
1630 5282 1859 5346 Aciuioncnsis.
1881 5282 1997 5345 boma
2012 5286 2050 5345 nt
2063 5282 2096 5345 in
2108 5302 2134 5344 n.
2146 5277 2183 5340 li.

744 5438 851 5503 Gratis
875 5459 931 5521 pro
956 5439 1025 5504 dea.
1605 5438 1768 5513 Aoinione,
1791 5440 1879 5503 1346
1902 5437 2087 5503 Novembris
2107 5440 2150 5501 22.

807 5610 955 5665 Clementis
975 5612 1012 5665 VI
1033 5614 1066 5665 A.
1085 5612 1136 5683 Vsa
1165 5620 1221 5679 (91)
1249 5618 1267 5666 t.
1296 5617 1329 5664 70
1357 5629 1382 5665 n.
1410 5616 1453 5679 85,
1478 5611 1512 5666 do
1538 5611 1677 5666 beneficiis
1704 5610 1841 5666 vacaturis
1865 5626 1911 5678 qa.
1930 5610 2039 5664 3:V.
2058 5615 2104 5664 1⁸1⁶
2119 5607 2135 5662 1.
2150 5604 2182 5658 tt'

702 5698 1351 5767 affi—whmwdmffimd

1352 5836 1558 5846 -a—
