5184 7050
677 859 743 937 4³8

675 1064 788 1154 cidem,
811 1062 958 1129 sulficere
980 1081 1043 1125 non
1065 1062 1223 1138 valebant,
1246 1067 1280 1124 et
1309 1059 1476 1142 providere
1507 1076 1604 1140 super
1625 1058 1693 1136 hoc,
1714 1057 1799 1122 sicut
1821 1055 1974 1139 exigebat
2000 1055 2178 1131 necessitas

675 1168 818 1247 honestis
847 1167 949 1232 modis
979 1173 1012 1232 et
1042 1165 1139 1230 licitis
1171 1164 1345 1248 cupientes
1376 1163 1509 1240 fructus,
1540 1163 1684 1227 redditus
1715 1168 1748 1226 et
1779 1165 1952 1244 proventus
1984 1160 2083 1225 unius
2115 1161 2179 1224 anni

675 1275 819 1339 omnium.
846 1278 879 1336 et
909 1271 1104 1353 singulorum
1138 1268 1361 1333 beneficiorum
1392 1266 1680 1333 ecclesiasticorum
1711 1285 1782 1330 cnm
1813 1283 1889 1330 cura
1919 1264 1970 1328 vel
2004 1264 2075 1328 sine
2098 1281 2180 1339 cura,

677 1377 777 1454 sciam
801 1377 1000 1459 dignitatum,
1013 1380 1250 1456 personatuum,
1275 1372 1589 1437 administracionum
1604 1377 1638 1436 et
1652 1369 1837 1448 officiorum,
1850 1370 2051 1451 prioratuum
2076 1384 2114 1433 ac
2129 1367 2181 1431 ali·

678 1499 766 1557 orum
790 1496 1049 1562 quorumcunque
1072 1478 1213 1543 locorum
1243 1476 1544 1553 ecclesiasticorum,
1569 1474 1759 1542 secularium
1789 1478 1823 1539 et
1852 1473 2060 1557 regularium,
2084 1488 2181 1536 exem·

676 1589 802 1668 ptorum
825 1592 858 1651 et
879 1603 942 1649 nou
966 1588 1193 1664 exemptcrum,
1228 1601 1289 1663 qne
1321 1581 1405 1664 apud
1437 1580 1544 1645 sedem
1575 1577 1783 1662 apostolIcam
1812 1577 1864 1643 vel
1894 1577 2079 1659 ubicunqne
2114 1574 2182 1641 alibi

678 1689 719 1763 ad
748 1689 991 1771 disposicionem
1022 1693 1164 1752 nostram
1195 1705 1233 1750 ex
1263 1685 1405 1767 generali
1440 1685 1491 1750 vel
1522 1683 1653 1767 speclali
1688 1686 1797 1747 nostra
1829 1699 1886 1747 seu
1921 1681 2181 1764 predecessorum

676 1796 864 1872 nostrorum,
899 1791 1111 1856 Romanorum
1140 1788 1334 1872 pontiticum,
1369 1789 1589 1853 reservacione
1620 1787 1804 1868 spectancia
1837 1793 1914 1852 tuno
1945 1784 2107 1851 vacabant
2139 1782 2182 1848 vel

678 1903 794 1973 extunc
826 1913 929 1978 usque
959 1895 999 1958 ad
1028 1895 1108 1959 vluos
1139 1913 1239 1959 annos
1269 1912 1387 1958 vacare
1417 1895 1624 1974 contingeret,
1655 1892 1801 1958 ecclesiis
1832 1897 1950 1969 tamen,
1974 1890 2183 1967 monasteriis

678 1999 885 2083 dignitatibus
919 2005 952 2065 et
989 1998 1151 2063 beneficiis
1190 1997 1380 2079 subscriptis
1414 1998 1591 2079 expressim
1633 1996 1785 2078 exceptis,
1827 1994 2055 2079 percipiendos
2089 1992 2183 2059 modis

679 2103 890 2186 infrascriptis
913 2109 946 2168 et
965 2103 997 2166 in
1013 2103 1224 2166 necessitates
1247 2102 1476 2167 convertendos
1492 2101 1653 2184 predictas
1669 2100 1861 2166 auctoritate
1883 2099 2076 2181 apostolica,
2101 2097 2182 2162 vide

677 2207 753 2272 licet
776 2207 855 2272 XIII
878 2207 1033 2273 kalendas
1055 2206 1155 2285 lunii,
1171 2204 1377 2288 pontificatus
1400 2207 1500 2271 nostri
1524 2224 1604 2270 anno
1621 2204 1761 2287 primo,¹)
1785 2205 2022 2270 reservavimus
2037 2208 2073 2268 et
2088 2202 2184 2267 eidem

678 2330 802 2390 camere
824 2330 881 2394 pro
905 2311 1132 2393 supportandis
1156 2311 1267 2374 utilius
1299 2311 1546 2375 necessitatibus
1576 2309 1756 2375 huiusmodi
1791 2309 1940 2374 duximus
1970 2306 2183 2390 applicandos

678 2413 767 2502 [mon
784 2420 975 2476 obstantibus
991 2421 1218 2492 an‘lnrsrnnque
1233 2421 1364 2475 statutis
1381 2423 1409 2475 et
1422 2418 1696 2476 rorrsuetudinibns
1712 2419 1885 2476 contrariis
1902 2417 2107 2473 ecclesiaram
2120 2461 2127 2476 .
2140 2461 2147 2474 .
2159 2459 2183 2472 ..

675 2525 886 2599 proventibus,
909 2526 963 2596 qni
985 2527 1058 2578 tunc
1082 2542 1120 2580 ex
1142 2524 1259 2579 cladem
1281 2522 1435 2597 bercaficiis
1455 2527 1666 2596 provenerant
1687 2527 1714 2579 et
1731 2523 1918 2580 debebantur
1942 2521 2047 2578 eidem
2071 2536 2185 2576 canam

677 2631 805 2702 racione
825 2630 1052 2684 reseroacionis
1071 2628 1302 2701 predecessoris
1332 2628 1468 2684 eiusdem
1499 2628 1546 2683 vel
1567 2628 1747 2701 spectabant
1768 2627 1810 2683 od
1834 2643 1912 2700 corn,
1932 2628 2041 2699 posset
2067 2627 2185 2698 exigere.

680 2737 707 2789 et
731 2733 863 2800 baone,
887 2734 921 2786 nt
943 2733 975 2787 in
1002 2750 1085 2788 aranu.
1109 2725 1199 2814 sos]
1221 2729 1460 2810 subsequenter
1483 2734 1589 2793 antem
1613 2728 1753 2792 instante
1775 2725 1838 2791 fine
1857 2725 1980 2791 biennii
2004 2723 2185 2806 supradicti,

680 2832 800 2896 eisdem
824 2832 1069 2897 necessitatibus
1092 2851 1154 2896 non
1178 2833 1353 2910 subductis,
1377 2850 1433 2896 nos
1458 2831 1586 2896 easdem
1609 2831 1860 2915 reserqacionem
1887 2834 1921 2894 et
1944 2829 2186 2911 deputacionem

680 2955 782 3019 usqne
805 2937 846 3001 ad
870 2936 950 3002 ‹luos
972 2954 1071 3001 annos
1095 2937 1303 3002 continuos-a
1326 2933 1388 3000 fine
1411 2935 1547 3018 predicti
1577 2936 1696 3001 biennii
1721 2934 1950 3018 computandos
1972 2932 2186 3016 prorogandas

680 3042 828 3106 duximus
850 3047 883 3106 et
905 3043 1006 3105 eciam
1029 3041 1247 3105 extendendas
1277 3041 1335 3106 snb
1365 3041 1475 3119 ruodis,
1506 3041 1616 3107 formis
1646 3047 1679 3105 et
1701 3040 1962 3122 expressionibus
1986 3038 2185 3122 supradictis.

680 3146 788 3226 Porro,
812 3164 882 3223 cum
905 3145 1059 3210 terminus
1081 3145 1261 3210 huiusmodi
1284 3145 1523 3227 prerogacioniS
1553 3149 1587 3209 et
1608 3143 1803 3209 extensionis
1833 3144 2098 3227 appropinquare
2119 3159 2184 3207 nos·

682 3255 818 3329 ceretur,
840 3249 1085 3330 huiusmodique
1108 3250 1320 3314 necessitates
1342 3249 1480 3314 nondum
1503 3255 1611 3314 essent
1634 3248 1798 3326 diminute,
1822 3248 1880 3314 sed
1895 3254 2003 3329 aucte,
2019 3266 2081 3312 noa
2097 3266 2115 3312 a
2131 3245 2186 3311 fine

681 3354 860 3420 huiusmodi
886 3354 1016 3419 secundi
1039 3354 1159 3418 biennii
1182 3354 1434 3418 reservacionem
1450 3358 1483 3417 et
1497 3353 1746 3435 applicationem
1769 3352 1895 3417 easdem
1919 3369 2025 3435 usque
2046 3350 2184 3417 adalind

681 3458 842 3523 biennium
865 3457 1082 3541 prorogandas
1105 3457 1253 3523 danmus
1276 3463 1309 3521 et
1332 3458 1431 3523 eciam
1454 3457 1670 3523 extendendas
1694 3458 1753 3523 sub
1772 3456 1883 3535 modis,
1906 3456 2031 3536 formis,
2056 3456 2186 3524 condici-

680 3562 794 3628 onibus
825 3568 858 3626 et
881 3562 1138 3643 expressionibus
1170 3563 1373 3645 supradictis
1405 3566 1438 3628 et
1467 3562 1689 3627 nichilominus
1720 3562 1886 3641 voluimus,
1916 3561 2004 3644 quod
2039 3559 2186 3626 beneficia

681 3665 901 3731 ecclesiastica
923 3684 995 3732 cnm
1019 3684 1095 3730 cura
1124 3665 1174 3730 vel
1207 3668 1275 3731 sine
1307 3686 1393 3746 cura,
1424 3668 1526 3732 eciam
1557 3666 1771 3746 canonicatus,
1803 3665 1974 3749 prebende,
2005 3665 2185 3750 dignitates,

680 3775 881 3853 personatus
904 3769 1209 3849 administraciones
1233 3770 1338 3836 officia
1361 3777 1394 3836 et
1409 3770 1473 3836 alia
1496 3765 1770 3853 quecunque,'que
1793 3770 1878 3835 dicto
1902 3768 2044 3834 durante
2066 3769 2184 3836 biennio

681 3892 720 3951 ex
744 3892 843 3939 causa
866 3873 1113 3955 permutacIonIs
1135 3894 1193 3958 per
1216 3894 1272 3940 nos
1296 3876 1345 3940 vel
1370 3876 1560 3941 auctoritate
1583 3880 1692 3941 nostra
1714 3874 1859 3940 faciende
1883 3874 1922 3938 de
1938 3873 2004 3939 illis
2030 3879 2183 3950 vacarent,

682 3983 739 4043 aut
761 3996 823 4061 que
846 3997 904 4060 per
926 3997 984 4043 nos
1006 3978 1102 4043 alicui
1125 3979 1175 4042 vel
1199 3978 1370 4060 aliquibus,
1394 3984 1430 4044 ut
1452 3980 1485 4043 in
1509 3979 1572 4043 illis
1594 3996 1759 4045 remanere
1778 3978 1922 4043 securius
1945 3979 2104 4053 valerent,
2119 3997 2184 4043 con·

682 4080 801 4147 finnari
825 4083 1031 4163 contingeret,
1056 4083 1123 4146 sive
1146 4083 1411 4164 qualitercunque
1441 4102 1499 4164 per
1529 4082 1654 4148 modum
1685 4081 1935 4148 confirmacionIs
1958 4082 2010 4148 vel
2037 4083 2118 4149 alias
2140 4084 2183 4147 ins

680 4205 738 4269 per
760 4193 885 4254 nostras
907 4187 1034 4252 litteras
1055 4188 1103 4253 eis
1119 4188 1315 4253 tribueretur
1331 4189 1363 4252 in
1378 4187 1453 4267 illis,
1469 4206 1526 4253 seu
1543 4207 1604 4269 que
1620 4190 1728 4270 vigore
1748 4205 2010 4269 quorumcunque
2025 4188 2179 4263 nnionnn,

684 4291 724 4356 de
747 4290 811 4356 illis
834 4292 998 4373 quibusvis
1020 4293 1231 4371 monasteriis
1262 4293 1481 4375 dignitatibus,
1512 4293 1745 4374 personatibus
1777 4291 1899 4371 officiis
1931 4292 2105 4375 prebendis
2133 4297 2182 4356 ant

682 4395 859 4477 cuicunque
883 4394 951 4461 loco
975 4396 1024 4460 vel
1048 4395 1192 4477 religioni
1215 4396 1373 4461 factarum
1395 4396 1551 4462 hactenns
1574 4403 1606 4462 et
1628 4396 1845 4462 faciendarum
1869 4396 2089 4479 imposterum,
2119 4413 2181 4462 cun

682 4518 739 4581 per
761 4517 885 4564 cessum
910 4499 960 4565 vel
984 4501 1149 4565 decessum
1173 4499 1307 4578 illorum,
1324 4502 1378 4583 qui
1397 4500 1552 4564 beneficia
1575 4501 1664 4564 unita
1686 4499 1866 4565 huiusmodi
1889 4500 2047 4578 obtinent,
2070 4499 2180 4566 eisdem

683 4602 837 4681 ecclesiia,
862 4605 1073 4683 monasteriis
1098 4604 1316 4686 dignitatibus
1339 4605 1572 4686 personatibus
1603 4602 1727 4682 officiis
1758 4603 1929 4686 prebendis
1960 4610 2019 4669 ant
2049 4605 2117 4690 lece
2136 4601 2181 4668 vel

683 4707 827 4789 reIIgioni
851 4709 999 4773 devenire
1016 4707 1097 4772 infra
1111 4708 1272 4772 biennium
1290 4709 1466 4790 predictum
1491 4708 1697 4787 contingeret,
1717 4699 1776 4772 sub
1795 4708 2019 4772 reservatione
2035 4728 2073 4773 ac
2089 4707 2181 4791 appli-

683 4812 812 4875 cacione
835 4812 990 4892 predictis
1014 4812 1358 4894 comprehenderentur
1380 4812 1491 4890 modis,
1523 4811 1632 4876 formis
1663 4817 1696 4876 et
1726 4812 1973 4891 condicionibus,
2006 4810 2180 4895 quibusda

684 4914 757 4979 aliis
781 4914 944 4980 beneficiis
967 4935 1152 4998 expressum
1176 4924 1226 4982 est
1248 4918 1405 4998 superius
1430 4923 1462 4981 et
1485 4917 1585 4981 eciam
1609 4915 1847 4980 includerentur
1869 4915 1901 4980 in
1925 4916 2000 4983 illis.
2039 4916 2180 4984 Volentea

682 5019 779 5099 igitur
801 5021 886 5084 circa
908 5020 1129 5085 celleccionem
1151 5021 1321 5100 fructuum,
1345 5021 1527 5085 reddituum
1559 5025 1591 5083 et
1621 5025 1831 5101 proventuum
1861 5021 2079 5103 predictorum
2101 5019 2179 5085 adbi-

681 5124 748 5187 beri
773 5122 973 5214 diligenciam
997 5131 1195 5207 oportunam,
1212 5132 1245 5190 et
1265 5126 1305 5190 de
1328 5130 1382 5190 tue
1406 5124 1574 5189 fidelitatis
1597 5130 1631 5189 et
1653 5124 1860 5189 discrecionis
1883 5124 2044 5191 industria
2064 5126 2179 5209 plenam

682 5229 713 5292 in
738 5229 865 5314 ilenrico
888 5226 1036 5293 fiduciam
1059 5229 1249 5307 obtinentes
1271 5237 1304 5296 te
1328 5231 1360 5295 in
1384 5230 1523 5308 civ'Itate,
1555 5229 1675 5307 diocesi
1698 5234 1730 5307 et
1754 5228 1923 5311 provincia,
1947 5229 2103 5313 Prsgensi
2125 5228 2179 5293 rol·

680 5332 830 5397 lectorem
855 5334 1025 5398 eorundem
1048 5334 1216 5412 fruetuum,
1241 5333 1422 5398 reddituum
1445 5339 1478 5398 et
1498 5339 1706 5416 proventuum
1729 5338 1839 5398 tenore
1863 5335 2065 5415 presencium
2088 5335 2176 5416 depu-

680 5446 794 5504 tamus.
817 5432 974 5516 Quocirca
989 5438 1184 5502 'diserecIcni
1208 5444 1263 5502 tue
1287 5456 1343 5520 per
1366 5438 1541 5519 apostolica
1561 5439 1682 5519 scripta
1698 5437 1921 5502 committimus
1938 5443 1971 5503 et
1987 5440 2173 5510 mandamus

681 5548 838 5624 quatenus
860 5563 918 5625 per
940 5550 973 5608 te.
997 5543 1046 5605 vel
1077 5543 1172 5607 alium
1203 5561 1260 5608 seu
1292 5542 1372 5606 allos
1408 5542 1669 5607 subcollecterem
1700 5542 1749 5607 vel
1780 5542 2031 5609 subcollectores
2061 5541 2120 5608 tide
2148 5559 2176 5603 ar

681 5645 889 5727 facultatibus
913 5648 1054 5724 idoneos,
1078 5648 1114 5725 si,
1139 5648 1301 5728 quociens,
1329 5648 1454 5727 quando
1477 5654 1510 5711 et
1534 5647 1587 5712 ubi
1611 5647 1669 5711 tibi
1693 5646 1853 5712 videbitur
1875 5647 2061 5729 expediens,
2092 5647 2176 5727 depu-

681 5751 806 5832 tsudos
830 5751 958 5816 eosdem
982 5752 1114 5830 iunctus,
1131 5751 1276 5815 redditus
1292 5759 1325 5815 et
1341 5755 1512 5832 proventus
1533 5751 1620 5815 iuxta
1635 5749 1814 5814 huiusmodi
1830 5752 2074 5842 reservacicnis,
2088 5749 2174 5832 appli-
