5184 7050
541 836 611 930 aas

540 1046 736 1129 contingunt,
761 1043 994 1108 matrimonium
1015 1037 1194 1105 huiusmodi
1214 1035 1402 1103 contrahere
1417 1043 1588 1119 nequeunt,
1612 1036 1853 1119 dispensacione
1875 1053 1974 1118 super
1986 1034 2040 1101 boc

540 1149 628 1214 sedis
660 1146 834 1230 apostolice
863 1165 925 1211 non
954 1146 1092 1209 obtenta.
1138 1143 1245 1221 Quare
1267 1159 1325 1224 pro
1349 1145 1440 1223 parte
1472 1142 1611 1223 ipsorum
1641 1141 1786 1206 Benessii
1813 1145 1847 1204 et
1871 1140 1964 1206 Anne
1985 1139 2041 1205 init

540 1251 632 1318 nobis
654 1250 815 1316 humiliter
837 1249 1060 1331 supplicatum,
1085 1252 1120 1312 ut
1143 1246 1310 1327 providere
1332 1245 1380 1310 eis
1403 1262 1500 1326 super
1527 1244 1588 1308 boc
1611 1244 1650 1308 de
1673 1250 1828 1325 oportune
1851 1243 2042 1325 dispensaci-

541 1355 611 1421 onis
633 1353 772 1420 remedio
795 1353 1005 1436 dignaremur.
1029 1351 1094 1416 Nos
1118 1351 1235 1433 itaque,
1267 1350 1322 1432 qui
1345 1367 1432 1414 more
1463 1349 1564 1431 patris
1595 1346 1738 1413 benevoli
1762 1344 1883 1413 Christi
1908 1345 2043 1413 bdelium

540 1477 652 1543 pacem
674 1458 804 1523 summis
826 1457 993 1522 desideriis
1015 1455 1209 1533 affectamus,
1229 1453 1518 1519 huiusmodi'malis
1533 1452 1662 1518 obviare
1678 1452 1851 1517 salubriter
1866 1452 2041 1533 cupientes,

541 1561 735 1628 fraternitati
756 1566 821 1639 tue,
844 1561 884 1625 de
907 1562 997 1624 cuius
1020 1559 1307 1642 circumspeccione
1329 1557 1477 1623 fiduciam
1499 1558 1639 1641 gerimus
1662 1557 1693 1620 in
1713 1555 1839 1620 domino
1861 1554 2043 1636 pleniorem

542 1684 599 1748 per
629 1665 803 1748 apostolica
833 1666 953 1746 scripta
983 1664 1178 1742 mandamus,
1212 1666 1380 1744 quatenus,
1416 1663 1442 1727 si
1474 1667 1524 1726 est
1547 1663 1602 1740 ita,
1637 1680 1707 1725 cum
1730 1659 1863 1742 prelatis
1893 1660 2044 1725 Benessio

542 1776 575 1834 et
598 1770 698 1847 Anna,
722 1773 758 1833 ut
777 1768 1002 1851 impedimento
1032 1768 1318 1850 consanguinitatis
1344 1766 1523 1831 huiusmodi
1559 1784 1620 1829 non
1644 1766 1790 1830 obstante
1812 1764 2043 1829 matrimonium

546 1873 672 1939 insimul
696 1873 883 1939 contrahere
906 1878 947 1950 et,
970 1878 1139 1955 postquam
1169 1876 1366 1938 contractum
1388 1871 1495 1949 luerit,
1519 1871 1550 1934 in
1567 1889 1604 1934 eo
1620 1888 1786 1935 remanere
1800 1867 1890 1934 licite
1913 1867 2044 1948 valeant,

544 1979 734 2044 auctoritate
772 1982 881 2042 nostra
918 1977 1094 2058 dispenses,
1128 1975 1249 2059 prolem
1286 1975 1523 2058 suscipiendam
1561 1994 1600 2039 ex
1634 1973 1813 2039 huiusmodi
1849 1973 2045 2038 matrimonio

543 2081 716 2165 legitimam
740 2081 947 2147 decernendo.
972 2083 1011 2147 Ι).
1036 2082 1192 2146 Aninione
1214 2081 1281 2147 1111
1305 2080 1368 2146 kal.
1392 2079 1512 2162 Aprilis
1535 2099 1563 2144 a.
1587 2084 1709 2162 quarto.

648 2296 796 2351 Clementis
815 2297 852 2351 Vl
869 2298 904 2350 A.
921 2295 989 2365 IVle
1008 2298 1064 2362 (84)
1084 2295 1103 2349 l.
1120 2297 1174 2362 44’,
1184 2293 1218 2348 de
1231 2292 1355 2360 indultis,
1372 2292 1522 2362 privilegiis
1536 2300 1564 2347 et
1576 2292 1830 2361 dispensationibus
1843 2314 1889 2366 qu.
1903 2303 1928 2364 b,
1941 2299 2045 2353 mabrica

547 2383 622 2449 sola,
640 2383 748 2437 litterae
767 2385 793 2437 in
815 2383 846 2435 V.
866 2388 915 2435 ¹⁷2
934 2382 952 2434 f.
972 2385 1031 2435 228⁹
1052 2399 1077 2434 n.
1097 2388 1155 2435 631.
1174 2412 1207 2421 -
1235 2386 1259 2448 ·)
1278 2380 1357 2435 deest
1375 2381 1404 2433 in
1423 2381 1463 2448 V,
1483 2380 1573 2449 suppl.
1592 2382 1626 2433 ab
1646 2381 1759 2435 editore.

545 3001 638 3070 596.
663 3000 741 3065 (bra
763 3001 914 3076 Hiaeoae,
937 3004 1014 3066 aulo
1036 2999 1186 3065 Smiloms
1208 3000 1247 3064 de
1276 3000 1412 3075 cetaria,
1435 2998 1640 3082 disponeretur
1660 3019 1756 3084 saper
1774 3000 1901 3087 defecta
1922 3003 2045 3067 aetate.

1518 3191 1680 3270 laeam,
1703 3194 1791 3257 1346
1814 3193 1933 3259 Marta
1953 3197 2005 3259 29.

649 3385 688 3449 D.
711 3383 733 3449 l.
757 3383 903 3463 Hinconi,
926 3390 1000 3449 nato
1023 3383 1053 3447 d.
1076 3383 1098 3449 f.
1122 3383 1237 3448 nobilis
1266 3383 1326 3448 viri
1350 3382 1509 3461 Smilonis,
1542 3383 1663 3463 militis,
1698 3383 1815 3449 domini
1838 3384 1880 3449 de
1901 3384 2045 3462 Vetonia,

548 3489 698 3554 canonico
720 3488 882 3572 Pragensi,
917 3507 942 3553 s.
966 3494 1026 3553 etc.
1050 3487 1186 3553 Generis
1215 3488 1264 3553 tui
1293 3486 1445 3554 nobilitas
1474 3493 1627 3570 grataque
1657 3487 1826 3554 laudabilis
1856 3495 1912 3555 tue
1943 3491 2046 3555 iuren-

546 3594 625 3659 tutis
660 3594 786 3674 indicia,
820 3614 878 3677 per
907 3615 979 3677 que,
1010 3599 1105 3676 prout
1134 3593 1231 3657 babet
1254 3590 1482 3674 lidedignorum
1513 3594 1661 3672 assensio,
1693 3594 1852 3678 colligitur
1875 3596 2045 3671 evidenter,

547 3698 631 3778 quod
653 3699 828 3763 auxiliante
851 3698 976 3764 donnino
997 3700 1100 3763 virum
1121 3704 1154 3762 te
1177 3698 1295 3762 debeas
1318 3698 1494 3762 virtuosum
1525 3698 1709 3779 producere,
1741 3717 1798 3765 nos
1828 3700 1993 3778 inducunt,
2014 3707 2047 3766 nt

547 3820 714 3884 personam
736 3808 823 3868 tuam
846 3805 1048 3886 prerogativa
1063 3802 1213 3885 specialis
1227 3803 1336 3884 gracie
1351 3820 1589 3884 prosequamur.
1612 3802 1764 3868 Veientes
1787 3804 1897 3886 itaque
1920 3808 2047 3887 premis-

547 3924 653 3971 sorum
675 3908 792 3974 intuitu
814 3907 923 3973 lavore
945 3913 978 3972 te
1001 3909 1149 3991 prosequi
1180 3908 1334 3989 graciosa,
1366 3912 1481 3985 tecum,
1513 3912 1549 3971 ut
1578 3905 1765 3972 beneficium
1788 3908 2046 3986 ecclesiasticum,

548 4011 647 4077 eciam
670 4012 698 4077 si
721 4011 868 4094 dignitas,
901 4018 1090 4095 personatus
1121 4010 1170 4076 rel
1201 4010 1339 4076 officinm
1369 4012 1488 4077 existat
1518 4017 1551 4075 et
1580 4031 1688 4077 curam
1718 4012 1835 4078 babeat
1867 4014 2046 4091 animarum,

548 4113 715 4180 dummodo
737 4116 796 4181 tibi
818 4115 898 4182 alias
921 4118 1072 4182 canonice
1094 4116 1284 4194 conferatur,
1319 4114 1446 4182 delectu
1477 4117 1583 4196 etatis,
1617 4136 1710 4198 quem
1740 4118 1862 4200 pateris
1894 4119 1926 4183 in
1956 4119 2047 4184 etatis

549 4222 605 4282 tue
630 4237 712 4283 anno
734 4218 957 4284 terciodecimo
971 4220 1188 4285 tantununodo
1204 4222 1406 4300 constitutus,
1422 4239 1543 4286 necnon
1557 4222 1715 4304 generalis
1731 4221 1855 4287 concilii
1871 4226 1906 4288 et
1923 4224 2048 4305 quibus·

549 4321 629 4387 libet
651 4322 723 4388 aliis
742 4322 928 4407 apostolicis
944 4324 1237 4403 constitucionibus,
1261 4326 1393 4389 statutis
1416 4331 1449 4389 et
1468 4326 1749 4391 consuetudinibus
1771 4325 1920 4407 ecclesie,
1943 4329 1974 4393 in
1989 4346 2047 4409 qna

548 4425 727 4492 huiusmodi
759 4427 907 4508 dignitas,
931 4433 1121 4510 personatus
1150 4430 1202 4493 rel
1232 4428 1371 4494 officium
1406 4430 1512 4508 luerit,
1550 4430 1717 4495 contrariis
1747 4449 1809 4520 non
1838 4432 2046 4508 obstantibus,

548 4529 648 4596 libere
670 4532 812 4615 recipere
835 4552 872 4597 ac
895 4533 982 4598 licite
1004 4534 1144 4598 retinere
1167 4532 1285 4611 valeas,
1309 4534 1500 4599 auctoritate
1524 4534 1698 4616 apostolica
1721 4534 1761 4599 de
1785 4535 1920 4617 speciali
1942 4538 2046 4619 gracia

548 4632 779 4717 dispensamus,
796 4637 932 4718 proviso,
953 4636 1037 4718 quod
1058 4636 1237 4702 huiusmodi
1260 4637 1398 4720 dignitas
1421 4638 1471 4702 vel
1492 4644 1683 4721 personatus
1706 4657 1763 4705 seu
1784 4637 1935 4720 officium,
1957 4659 2048 4723 quarn

549 4737 599 4804 rel
622 4759 715 4822 quem
738 4757 794 4804 seu
817 4740 902 4822 quod
925 4742 1053 4823 assequi
1075 4746 1108 4806 te
1132 4744 1303 4822 continget,
1328 4744 1444 4809 debitis
1467 4762 1528 4807 non
1550 4742 1717 4807 fraudetur
1746 4744 1910 4827 obsequiis
1932 4751 1966 4810 et
1986 4745 2108 4809 aui·-

552 4862 672 4908 marum
696 4863 771 4908 curn
795 4845 826 4908 in
849 4863 889 4909 ea
911 4844 961 4909 vel
985 4864 1033 4925 eo,
1057 4847 1084 4911 si
1096 4865 1159 4929 qna
1174 4847 1220 4912 illi
1237 4848 1408 4925 immineat,
1432 4846 1613 4911 nullatenus
1629 4847 1816 4931 negligatur,
1841 4849 1989 4932 quodque
2004 4856 2045 4926 tu,

548 4949 778 5030 quamprimum
808 4947 849 5014 ad
876 4956 994 5016 etatem
1023 4952 1208 5034 perveneris
1238 4952 1278 5017 ad
1309 4951 1341 5015 id
1372 4957 1490 5033 aptam,
1524 4957 1557 5015 te
1586 4950 1685 5018 iacias
1715 4952 1756 5017 ad
1786 4952 1926 5033 ordines,
1960 4959 2075 5037 prout,

548 5051 649 5134 ipsius
682 5053 847 5135 dignitatis
876 5053 926 5118 rel
956 5061 1146 5136 personatus
1177 5073 1233 5119 seu
1264 5052 1361 5119 oflicii
1394 5075 1474 5121 onus
1507 5057 1658 5138 requiret,
1692 5058 1823 5122 statutis
1856 5059 2066 5141 temporibus

550 5158 737 5238 promoveri.
783 5157 870 5223 Nulli
892 5177 968 5242 ergo
1003 5165 1062 5222 etr.
1093 5167 1201 5224 nostre
1232 5160 1485 5242 dispensacionis
1516 5161 1686 5244 infringere
1718 5167 1779 5227 etc.
1824 5163 1865 5228 D.
1895 5163 2063 5228 Aninione

549 5259 616 5326 1111
639 5259 701 5325 kal.
725 5262 844 5345 Aprilis
866 5281 895 5328 a.
918 5268 1040 5345 quarto.

653 5447 801 5504 Clementis
820 5450 857 5505 Vl
876 5451 908 5503 Α.
927 5450 995 5521 ivis
1014 5455 1070 5519 (84)
1088 5452 1107 5506 f.
1125 5456 1178 5519 46⁹,
1198 5453 1232 5507 de
1250 5452 1374 5510 indultis
1393 5453 1543 5522 privilegiis
1562 5462 1590 5508 et
1608 5453 1864 5524 dispensationibus
1882 5473 1928 5526 qia
1948 5463 1973 5527 s,
1990 5457 2047 5513 rnb·

548 5533 606 5590 rica
624 5534 698 5598 sela:
716 5536 824 5591 litterae
842 5538 870 5591 in
890 5539 921 5591 V.
945 5543 991 5593 lt!
1010 5538 1029 5592 i.
1047 5544 1098 5593 257
1116 5556 1142 5594 n.
1162 5546 1221 5595 426.

1196 5796 1402 5807 ———
