5184 7050
1877 868 1931 937 ,53

423 1077 443 1142 1.
465 1097 496 1142 1.
520 1078 735 1155 Guillelmum,
766 1078 852 1142 tituli
876 1079 979 1142 sancti
1003 1077 1156 1159 Stephani
1188 1079 1219 1141 in
1243 1074 1331 1142 Celio
1354 1080 1460 1140 monte
1484 1076 1704 1156 presbyterum
1728 1076 1931 1155 cardinalem,

423 1184 597 1247 examinari
620 1182 699 1247 lecit
721 1188 755 1247 et
770 1183 884 1264 inspici
907 1182 1086 1264 diligenter,
1109 1187 1142 1247 11
1165 1182 1290 1246 demum
1306 1180 1394 1246 facta
1417 1179 1502 1244 dicto
1518 1179 1736 1261 predecessori
1759 1180 1932 1262 superbiis

423 1305 478 1368 per
500 1286 696 1350 cardinalem
718 1286 853 1351 eundern
866 1287 1028 1351 relacione
1043 1286 1187 1368 plenaria
1210 1286 1293 1351 idem
1309 1285 1515 1366 predecessor
1530 1303 1569 1349 ex
1585 1303 1633 1364 eo,
1656 1282 1741 1365 quod
1754 1283 1929 1364 capitulum

423 1389 609 1471 supradicti,
633 1390 674 1454 de
696 1408 829 1471 quornm
852 1390 984 1454 consilio
1007 1394 1041 1455 11
1063 1407 1196 1454 assensu
1218 1388 1304 1452 dicta
1327 1387 1460 1452 donacio
1482 1392 1516 1452 et
1539 1389 1701 1453 concessio
1723 1386 1810 1453 facte
1828 1390 1931 1466 erant,

423 1511 482 1557 non
507 1493 735 1574 supplicabant
757 1513 813 1575 pro
837 1494 1041 1558 concessione
1064 1492 1218 1574 predicta,
1242 1490 1517 1557 confirmacionem
1545 1492 1727 1557 huiusmodi
1757 1491 1932 1556 concedere

423 1596 602 1679 denegavit.
635 1597 837 1662 Postmodum
856 1602 963 1662 autem
987 1597 1072 1661 dicto
1095 1596 1322 1678 predecessore
1343 1596 1439 1660 rebus
1462 1596 1609 1660 humanis
1631 1600 1777 1677 exempto
1801 1612 1933 1676 11111-

421 1701 527 1766 missis
550 1702 696 1766 omnibus
715 1702 815 1779 nobis,
833 1701 940 1765 divina
963 1700 1092 1766 favente
1116 1699 1288 1764 clemencia
1312 1698 1353 1762 ad
1376 1700 1499 1780 apicem
1521 1701 1634 1764 summi
1658 1700 1858 1782 apostolatus
1881 1717 1933 1763 as·

423 1806 567 1886 sumptis,
587 1807 742 1887 expositis
765 1805 944 1887 diligenter,
962 1824 1018 1886 pro
1041 1808 1133 1887 parte
1156 1803 1314 1868 iohannis
1329 1804 1471 1885 episcopi
1494 1807 1528 1867 11
1542 1804 1677 1886 11111111
1700 1823 1738 1868 11
1759 1804 1845 1886 regis
1861 1820 1933 1884 pre·

423 1908 578 1974 dictorum
601 1913 634 1973 11
657 1916 764 1974 vestra
786 1909 848 1975 fuit
863 1909 955 1974 nobis
963 1912 989 1990 g)
1011 1908 1177 1973 humiliter
1199 1906 1424 1988 supplicatum,
1439 1911 1477 1972 ut
1492 1909 1726 1973 concessionem
1749 1912 1783 1972 11
1805 1907 1934 1971 donaci-

423 2030 509 2078 onem
535 2014 716 2078 huiusmodi
739 2032 778 2077 ex
801 2016 890 2077 certa
913 2013 1052 2077 sciencia
1076 2010 1261 2076 confimnare
1292 2030 1331 2075 ac
1352 2015 1494 2076 tenorem
1518 2011 1697 2076 litterarum
1721 2010 1934 2076 concessionis

422 2123 450 2180 et
473 2117 665 2181 donacionis
687 2117 830 2182 eiusdem
852 2118 885 2181 in
908 2117 1026 2181 11111111
1048 2121 1156 2181 nostre
1188 2113 1438 2179 confirmacionis
1470 2116 1568 2180 inseri
1597 2115 1704 2181 facere
1727 2115 1767 2179 de
1789 2113 1934 2195 benigni-

420 2226 487 2286 tate
511 2223 694 2302 apostolica
717 2221 929 2303 dignaremm.
953 2222 1020 2286 Nos
1044 2222 1153 2302 itaque
1176 2218 1356 2284 huiusmodi
1381 2219 1672 2300 supplicacionibus
1695 2218 1840 2283 inclinati
1862 2237 1934 2299 pre-

419 2324 525 2390 dictas
550 2324 786 2390 concessionem
809 2329 843 2388 et
866 2325 1072 2390 donacionem
1098 2325 1282 2389 medietatis
1306 2323 1462 2387 dictorum
1492 2322 1663 2402 fructuum,
1696 2322 1878 2387 reddituum
1901 2326 1934 2386 et

415 2437 633 2509 proventuum
664 2449 721 2511 per
750 2429 869 2494 dictum
893 2430 1075 2494 Comadum
1105 2430 1288 2510 episcopum
1320 2428 1359 2493 de
1389 2446 1523 2493 assensu
1553 2428 1687 2509 capituli
1717 2426 1932 2509 predictorum

409 2535 615 2598 monasterio
638 2538 744 2598 vestro
768 2539 804 2598 ut
827 2533 1003 2614 predic-itur
1031 2532 1136 2598 111111
1158 2536 1247 2596 11111
1270 2536 1304 2597 11
1326 2536 1436 2614 gratas
1461 2532 1627 2611 habentes,
1658 2550 1714 2596 eas
1738 2530 1932 2594 auctoritato

406 2639 598 2721 apostolica
620 2657 658 2702 ex
683 2642 771 2702 certa
793 2638 933 2701 sciencia
957 2635 1178 2701 confirmamus
1204 2639 1237 2700 et
1260 2638 1420 2716 presentis
1449 2637 1560 2718 scripti
1591 2635 1770 2717 patrocinio
1793 2652 1929 2698 commu·

401 2745 533 2822 1111111,
557 2749 700 2806 11111111
723 2743 879 2806 dictarum
901 2741 1083 2806 litterarum
1106 2740 1320 2804 concessionis
1349 2746 1382 2805 et
1416 2741 1601 2805 donacionis
1624 2739 1765 2820 episcopi
1789 2741 1822 2802 et
1845 2738 1932 2819 capi-

399 2848 475 2924 tuli
501 2847 699 2930 prelatorum
722 2847 925 2928 presentibus
949 2846 1046 2911 inseri
1069 2845 1234 2923 iacientes,
1266 2846 1321 2925 qui
1342 2845 1419 2909 talis
1442 2848 1508 2909 est:
1541 2843 1717 2920 Conradus,
1748 2842 1801 2905 dei
1823 2841 1932 2924 gracia

395 2954 589 3035 episcopus
615 2950 845 3029 Olomucensis,
875 2950 1115 3014 honorabilibus
1145 2953 1178 3014 et
1207 2948 1367 3030 religiosis
1390 2949 1468 3012 viris
1492 2999 1498 3012 .
1523 2998 1530 3012 .
1556 2948 1666 3013 abbati
1697 2951 1731 3010 11
1761 2944 1930 3009 111111111

395 3057 604 3122 monasterii
627 3055 829 3133 Sedlicensis,
852 3054 973 3119 ordinis
985 3052 1219 3131 cisterciensis,
1244 3052 1572 3134 Pragensisdiocesis,
1596 3051 1734 3116 salutem
1757 3049 1789 3113 in
1802 3049 1927 3113 domino

396 3162 655 3243 sempiternam.
679 3160 834 3240 Exposuit
855 3159 940 3223 inter
962 3158 1026 3222 alia
1049 3158 1192 3223 debitum
1215 3158 1316 3222 nostri
1340 3155 1436 3222 officii
1459 3155 1641 3238 pastoralis,
1664 3158 1700 3218 ut
1723 3172 1772 3231 ea,
1800 3171 1862 3234 que
1886 3151 1928 3216 ad

402 3269 532 3330 sancte
553 3264 717 3346 religionis
740 3262 935 3328 cormnodum
958 3266 991 3327 et
1014 3262 1190 3344 profectum
1213 3262 1375 3343 pertinere
1397 3264 1580 3338 noscuntur,
1595 3261 1704 3323 nostre
1719 3256 1930 3338 promocionis

404 3370 527 3434 studio
550 3369 710 3450 recipiant
731 3369 969 3432 incrementum.
1015 3366 1098 3432 Sane
1129 3386 1167 3430 11
1198 3370 1290 3447 parte
1320 3365 1516 3431 serenissimi
1547 3363 1664 3428 domini
1687 3361 1788 3425 nostri
1811 3359 1929 3423 domini

406 3473 588 3550 Johannis,
612 3471 764 3537 Bohemie
787 3474 820 3535 11
843 3470 974 3538 Ρ111111
989 3471 1083 3553 regis,
1108 3475 1205 3552 atque
1217 3475 1325 3535 vestra
1347 3469 1439 3534 nobis
1461 3468 1523 3534 fuit
1533 3468 1696 3533 humiliter
1707 3464 1932 3547 supplicatum,

410 3578 574 3662 quatinus
597 3583 701 3641 certos
723 3576 868 3641 redditus
899 3580 931 3639 ct
955 3580 1128 3657 proventus
1162 3573 1409 3655 parrochialium
1432 3574 1639 3638 ecclesiarum
1663 3573 1695 3634 11
1717 3570 1878 3634 Jemenicz
1901 3572 1935 3633 et

412 3684 450 3746 in
474 3681 663 3758 Jarmericz,
686 3684 794 3744 nostre
817 3679 963 3756 diocesis,
987 3679 1151 3759 inquibus
1173 3697 1213 3742 ex
1235 3677 1410 3743 donacione
1422 3677 1565 3742 eiusdem
1580 3674 1698 3739 domini
1709 3674 1794 3756 regis
1806 3672 1933 3754 plenum

414 3788 469 3852 ins
493 3783 701 3867 presentandi
723 3788 864 3847 rectores
895 3782 1057 3860 obtinetis,
1087 3782 1178 3847 vobis
1208 3788 1242 3846 et
1271 3781 1357 3845 dicto
1390 3780 1583 3847 monasterio
1605 3780 1639 3843 in
1662 3781 1834 3860 perpetuos
1857 3794 1934 3841 usus

417 3890 498 3954 dare
520 3893 555 3953 et
579 3886 752 3952 concedere
775 3886 987 3968 dignaremur.
1025 3885 1091 3949 Nos
1114 3885 1319 3950 attendentes
1348 3887 1477 3951 easdem
1507 3883 1661 3951 ecclesias
1685 3882 1715 3945 in
1740 3881 1806 3946 suis
1828 3880 1934 3945 reddi·

416 3995 505 4058 tibus
528 3995 563 4057 et
585 3990 791 4073 proventibus
813 3990 893 4054 adeo
916 3989 1112 4068 habundare,
1135 3989 1220 4071 quod
1244 4007 1354 4053 earum
1377 3990 1526 4071 porcione
1549 4004 1687 4069 congrua
1715 3985 1799 4050 dicto
1822 3988 1934 4050 vestro

417 4097 615 4162 monasterio
642 4097 674 4160 in
697 4099 888 4176 perpetuum
911 4094 988 4158 data
1018 4098 1051 4158 11
1074 4095 1165 4158 11111
1188 4094 1228 4158 do
1253 4098 1346 4175 11111
1368 4093 1492 4175 reliqua
1522 4095 1732 4174 proventuum
1761 4088 1935 4154 earundem

423 4202 635 4267 ecclesiarum
658 4203 808 4275 rectores,
832 4200 885 4281 qui
910 4218 967 4281 pro
989 4203 1133 4281 tempore
1155 4198 1283 4275 fuerint,
1315 4196 1568 4279 hospitalitatem
1583 4200 1624 4260 'et
1646 4196 1694 4259 111
1717 4193 1936 4259 incumbencia

420 4325 519 4371 onera
542 4303 677 4369 sufferre
700 4308 850 4384 poterunt
873 4304 1092 4381 condecenter,
1116 4307 1322 4385 nostramque
1349 4302 1585 4366 concessionem
1615 4299 1827 4380 subscriptam
1851 4295 1937 4362 utili·

419 4415 521 4474 tatem
552 4408 733 4472 evidentem
756 4408 846 4470 vobis
876 4414 909 4471 et
932 4413 1039 4472 vestro
1061 4407 1255 4471 monasterio
1286 4407 1404 4472 suturis
1434 4406 1600 4488 quibusvis
1630 4403 1827 4484 temporibus
1857 4400 1937 4465 alla-

420 4520 536 4591 turam,
561 4512 601 4577 de
623 4512 724 4575 nostri
748 4509 968 4576 Olomucensis
992 4512 1126 4576 ecclesie
1149 4509 1293 4592 capituli,
1311 4510 1421 4574 habito
1445 4527 1542 4590 super
1564 4526 1602 4572 11
1623 4509 1765 4572 11111111
1791 4505 1938 4587 primitus

420 4616 593 4700 diligenter
607 4616 741 4694 solenni,
758 4616 962 4680 connivencia
985 4616 1107 4696 parit-ev
1129 4618 1161 4679 et
1177 4632 1312 4678 assensu
1332 4613 1547 4695 predictarum
1564 4610 1810 4692 parrochialium
1832 4608 1935 4673 eccle·

419 4723 541 4787 siarum
564 4721 770 4785 medietatem
800 4718 1003 4797 decimarum,
1035 4720 1227 4797 reddituum,
1259 4718 1459 4782 oblacionum
1490 4722 1523 4780 et
1545 4720 1755 4798 proventuum
1785 4713 1934 4791 omniurn,

418 4843 612 4909 quocunque
633 4824 759 4888 nomine
782 4829 982 4901 censeantur,
1014 4823 1103 4887 vobis
1126 4827 1159 4886 11
1181 4826 1288 4886 111111
1311 4820 1504 4885 monasterio
1536 4820 1566 4883 in
1591 4822 1762 4900 perpetuos
1786 4834 1863 4881 usus
1885 4821 1934 4880 te·

416 4949 495 4995 nore
520 4929 719 5011 presencium
750 4928 930 5009 elargimur,
961 4927 1163 4992 concedimus
1194 4933 1226 4991 et
1250 4926 1404 4989 donamus
1435 4925 1491 5002 sic,
1523 4923 1606 5006 quod
1630 4922 1757 4987 dilectis
1787 4920 1878 4986 nobis
1902 4921 1934 4984 in

418 5033 549 5101 Christo
573 5032 711 5098 Hearico
734 5032 766 5095 in
788 5031 944 5097 leminicz
967 5037 1000 5095 et
1023 5031 1188 5095 Czencone
1209 5032 1241 5094 in
1257 5028 1443 5106 damnericz,
1460 5027 1618 5092 dictarum
1637 5027 1845 5091 ecclesiarum
1867 5043 1936 5089 rec·

415 5138 551 5216 toribus,
575 5135 755 5200 volentibus
778 5134 828 5200 vel
851 5136 899 5198 eis
922 5135 1128 5215 imposterum
1150 5133 1338 5197 cedentibus
1361 5138 1419 5197 aut
1440 5132 1541 5196 eciam
1565 5130 1794 5194 ‹lecedentibus
1821 5128 1931 5193 buius·

415 5240 504 5307 modi
525 5240 719 5317 reddituum,
743 5238 946 5316 decimarum,
970 5237 1168 5302 oblacionum
1192 5240 1225 5302 et
1249 5242 1458 5318 proventuum
1487 5236 1626 5301 omniurn
1648 5234 1854 5298 medietatem
1878 5251 1937 5314 per

415 5363 485 5424 vos,
510 5344 610 5409 alium
634 5342 684 5407 vel
708 5341 788 5406 alios
811 5341 912 5406 libero
939 5342 1103 5422 percipere
1123 5345 1157 5403 et
1180 5341 1211 5404 in
1235 5346 1359 5404 vestros
1390 5357 1467 5404 usus
1491 5343 1677 5403 convertere
1701 5337 1846 5413 valeatis,
1869 5354 1938 5400 rec·

414 5458 506 5516 tores
541 5465 678 5530 quoque,
715 5446 771 5527 qui
802 5444 1000 5527 postmodum
1030 5445 1150 5509 eisdem
1181 5445 1326 5509 ecclesiis
1350 5449 1511 5525 preerunt,
1546 5441 1701 5524 reliquam
1731 5441 1938 5506 medietatem

416 5555 626 5630 decimarum,
652 5551 860 5626 oblacionum,
883 5549 1065 5614 reddituum
1089 5555 1124 5612 et
1146 5553 1356 5630 proventuum
1372 5549 1511 5614 omnium
1523 5546 1702 5628 percipient
1724 5545 1834 5622 libere,
1858 5545 1939 5609 inte·

414 5657 554 5741 graliter
577 5659 611 5720 et
635 5653 790 5734 complete
813 5652 903 5717 acde
926 5653 1046 5717 cisloci
1060 5652 1283 5717 archidiacono
1315 5652 1385 5716 iura
1410 5651 1591 5733 persolvere
1622 5656 1656 5715 et
1684 5649 1939 5732 hospitalitatem

412 5780 548 5827 servare
573 5755 1023 5823 1111111111111111111111
1048 5762 1197 5838 1111111111
1224 5759 1409 5821 sustentari.
1434 5757 1482 5821 Nc
1505 5761 1613 5820 autern
1637 5756 1667 5819 111
1692 5755 1862 5818 exaccione
1886 5749 1936 5814 vcl
