5184 7050
471 2363 641 2532 Auno
677 2363 756 2425 1887
788 2361 840 2425 VI.
873 2361 945 2425 idus
976 2361 1137 2426 ianuarias
1167 2360 1256 2441 regui
1280 2359 1452 2423 Bohemiae
1486 2357 1613 2421 eomitia
1636 2358 1667 2420 in
1691 2376 1728 2421 eo
1752 2363 1977 2435 convenerunt,

601 2479 636 2537 ut
666 2473 767 2536 oannis
797 2474 931 2538 materia
961 2475 992 2538 iu
1025 2473 1161 2538 archivis
1192 2473 1402 2536 Romanorum
1434 2468 1614 2552 pontificum
1646 2469 1759 2550 latens,
1797 2469 1900 2549 quoad
1926 2487 1978 2532 res

468 2590 583 2665 gestas
606 2592 731 2667 spectat
752 2586 942 2668 bohemieas,
970 2605 1028 2668 per
1050 2586 1134 2650 riros
1158 2584 1311 2648 historiae
1334 2583 1457 2664 patriae
1481 2583 1601 2664 peritos
1624 2602 1717 2663 quam
1741 2582 1977 2647 accuratissime

469 2697 688 2778 indagaretur.
713 2697 791 2761 Inde
814 2700 854 2761 ab
877 2717 959 2764 anuo
987 2700 1067 2763 1894
1091 2717 1167 2761 eura
1187 2696 1342 2760 materiae
1366 2694 1492 2759 arohivo
1517 2695 1670 2759 Vaticano
1693 2695 1755 2758 iam
1772 2695 1977 2776 depromptae

467 2809 506 2871 in
541 2808 643 2872 lucem
676 2808 885 2890 proferendae
919 2809 996 2873 viris
1031 2809 1196 2874 commissa
1233 2814 1284 2873 est
1317 2806 1461 2888 eruditis,
1499 2807 1551 2887 qui
1587 2807 1790 2871 recensendis
1825 2806 1977 2871 historiae

467 2921 598 3003 patriae
621 2920 761 2985 fontibus
784 2922 929 3003 deputati
952 2922 1095 2986 existunt
1117 2927 1152 2986 et
1165 2941 1248 2985 nuno
1271 2928 1390 2986 tornum
1413 2920 1496 2984 huno
1520 2919 1654 3001 primum
1678 2920 1852 2984 Clementis
1876 2939 1977 3001 papae

468 3033 527 3096 VI.
553 3039 759 3114 regestorum,
776 3035 879 3114 quoad
895 3052 947 3098 res
964 3040 1111 3116 spectant
1134 3034 1330 3108 Bohemicas
1354 3033 1498 3098 omuibus
1517 3033 1672 3098 historiae
1688 3032 1810 3115 patriae
1827 3032 1978 3096 studiosis

469 3146 602 3209 tradere
636 3147 783 3226 gaudent
818 3147 884 3210 Iam
914 3152 949 3211 et
979 3165 1195 3211 suecessomm
1227 3146 1382 3228 praedicti
1414 3164 1515 3227 papae
1547 3150 1675 3227 regesta
1698 3164 1797 3225 usque
1821 3145 1861 3208 ad
1885 3144 1978 3209 tinem

467 3258 592 3323 saeculi
616 3259 699 3323 XIV.
724 3258 819 3322 simili
841 3260 934 3324 modo
956 3268 1105 3341 excerpta
1129 3265 1211 3338 sunt,
1241 3259 1288 3323 ita
1311 3270 1346 3322 ut
1369 3265 1486 3323 tomum
1510 3257 1592 3322 huno
1616 3258 1695 3322 alios
1718 3277 1790 3323 mox
1813 3265 1977 3322 secuturos

467 3389 545 3435 esse
569 3378 657 3437 reete
680 3390 808 3453 sperare
832 3372 997 3454 possimus.
1023 3371 1124 3452 Regni
1147 3370 1320 3435 Bohemiae
1344 3371 1489 3450 comitiis
1523 3389 1603 3450 quae
1639 3369 1697 3435 hoo
1720 3388 1800 3451 opus
1824 3371 1862 3433 ab
1885 3367 1977 3433 initio

467 3504 573 3566 usque
607 3484 701 3550 hodie
731 3484 892 3550 favoribus
922 3490 956 3549 et
984 3484 1106 3566 maguis
1136 3484 1342 3565 pecuniarum
1373 3482 1525 3548 subsidiis
1547 3482 1839 3548 urunitioentissime
1863 3499 1977 3563 suppe-

466 3599 632 3678 didarunt,
666 3599 704 3661 ah
734 3598 889 3663 universis
918 3596 1071 3661 historiae
1102 3595 1225 3677 patriae
1255 3595 1431 3660 cultoribus
1462 3595 1585 3676 gratiae
1616 3595 1774 3658 debentur
1797 3612 1889 3673 quam
1913 3612 1976 3656 ma-

467 3729 587 3774 xlmae.
