5184 7050
670 801 743 871 aba

670 1010 763 1077 582.
785 1008 942 1093 Episcopo
973 1007 1214 1075 Vrctc‘slcoiensi
1235 1006 1418 1084 mundator,
1434 1010 1470 1071 ut
1484 1026 1555 1072 cum
1570 1008 1674 1084 Petro,
1685 1006 1870 1091 praeposito
1884 1005 1995 1071 domm
2016 1004 2176 1091 Βορυῑώνὶ
2223 1048 2239 1060 η

774 1111 936 1178 Dominici
957 1111 1210 1181 Jerosolc'mitcni
1231 1113 1266 1177 ia
1281 1110 1507 1189 Reidreobocb,
1533 1132 1628 1196 saper
1649 1108 1889 1193 irrepuloritote
1911 1110 2081 1196 dispenset.

1616 1266 1890 1348 Aoiaione,1346
1912 1265 2083 1333 dbbman'i
2103 1269 2134 1333 9.

774 1445 812 1510 V.
836 1445 858 1510 f.
883 1496 890 1510 .
915 1493 922 1508 .
946 1445 1095 1527 episcopo
1117 1443 1374 1511 Wratislauiensi
1405 1464 1430 1511 s.
1454 1450 1513 1510 etc.
1545 1443 1662 1509 Oblata
1684 1443 1774 1508 nobis
1797 1442 1826 1506 d.
1851 1441 1873 1507 f.
1896 1442 1994 1520 Petri,
2026 1443 2181 1524 prepositi

671 1549 782 1614 domus
798 1548 964 1631 Sepulchri
987 1549 1145 1614 Dominici
1166 1549 1418 1615 lerosolirnitani
1441 1554 1660 1614 extramuros
1683 1547 1791 1630 oppidi
1813 1545 2037 1625 Richembach,
2062 1546 2181 1611 ordinis

671 1652 772 1717 sancti
796 1652 976 1735 Augustini,
1000 1656 1055 1716 tue
1079 1653 1226 1731 diocesis,
1262 1654 1430 1736 peticionis
1452 1653 1552 1718 series
1583 1652 1774 1730 continebat,
1799 1650 1883 1732 quod
1906 1650 2018 1715 eodem
2041 1650 2074 1715 in
2097 1651 2181 1715 dicta

672 1757 763 1822 domo
786 1756 922 1837 quodam
945 1775 1017 1821 sero
1040 1757 1071 1821 in
1095 1757 1283 1839 crepusculo
1307 1759 1340 1823 in
1363 1776 1421 1823 sua
1443 1776 1570 1822 camera
1597 1757 1754 1821 existente
1784 1753 1936 1820 Nicolaus
1966 1755 2006 1819 de
2037 1754 2183 1820 Richem·

670 1858 762 1937 bach,
786 1858 862 1924 dicti
887 1859 1015 1939 ordiniS,
1038 1865 1161 1943 portam
1185 1861 1270 1927 dicte
1293 1862 1405 1928 domus
1429 1882 1500 1928 curn
1516 1880 1578 1925 uno
1593 1860 1699 1942 lapide
1721 1860 1897 1942 impetuose
1916 1857 2066 1941 pulsavit,
2089 1879 2186 1942 quem

672 1983 742 2029 cum
766 1963 931 2028 intromitti
954 1963 1086 2029 lecisset
1100 1964 1183 2029 idem
1199 1967 1391 2048 prepositum,
1415 1967 1485 2048 ipse
1501 1964 1662 2043 NicolauS,
1686 1964 1788 2046 quiin
1805 1963 1889 2027 dicto
1906 1962 2016 2029 ordine
2032 1982 2191 2029 excessus

672 2069 773 2133 eciam
796 2067 876 2131 alias
900 2069 1112 2147 commiserat,
1137 2070 1243 2134 verbis
1265 2072 1412 2154 turpibus
1434 2075 1574 2136 tractans
1591 2070 1708 2133 dictum
1725 2068 1933 2150 prepositum,
1949 2068 2010 2132 sibi
2030 2068 2071 2133 ad
2087 2069 2193 2133 uerba

673 2171 853 2237 huiusmodi
875 2173 1129 2254 respondentem,
1154 2175 1184 2237 in
1208 2194 1279 2239 eum
1304 2174 1405 2253 irruit,
1430 2179 1561 2256 propter
1579 2173 1663 2254 quod
1680 2173 1782 2237 dictus
1805 2172 1988 2254 prepositus
2007 2190 2044 2237 se
2059 2174 2099 2238 ab
2115 2175 2189 2255 ipso

673 2275 872 2341 defendendo
896 2275 984 2340 illum
1007 2295 1104 2359 super
1126 2277 1240 2342 collum
1271 2297 1362 2342 suum
1396 2297 1465 2342 cum
1496 2297 1589 2342 manu
1617 2276 1784 2359 percussit,
1808 2279 1841 2339 et
1863 2277 2099 2358 subsequenter
2120 2283 2185 2342 iam

673 2381 854 2463 prepositus
877 2399 971 2462 quam
996 2381 1147 2446 Nicolaus
1170 2382 1305 2465 predicti
1337 2402 1371 2447 se
1395 2387 1549 2464 ceperunt
1579 2401 1637 2463 per
1659 2380 1739 2463 pilos
1763 2378 1902 2462 capitum
1933 2382 2127 2447 abinvicem
2149 2400 2181 2446 sc

673 2489 855 2562 traxerunt,
891 2484 1006 2566 quibus
1030 2485 1144 2549 deinde
1174 2505 1232 2568 per
1261 2484 1378 2551 iratres
1412 2490 1446 2550 et
1474 2485 1625 2551 familiam
1655 2486 1799 2568 predicte
1830 2487 1941 2551 domus
1976 2486 2016 2551 ab
2048 2486 2177 2551 invicem

674 2588 841 2670 separatis
865 2586 970 2653 dictus
992 2588 1153 2668 Nicolaus,
1177 2608 1289 2672 rnagno
1312 2594 1439 2673 arrepto
1461 2589 1547 2655 iusto
1570 2608 1627 2653 seu
1649 2588 1744 2672 ligno,
1767 2591 1883 2656 iterato
1907 2591 2032 2656 irruens
2055 2591 2087 2655 in
2110 2609 2176 2673 pre

674 2693 813 2775 positum
836 2693 1064 2775 supradictum,
1088 2694 1191 2775 ipsum
1222 2712 1292 2758 cum
1325 2693 1409 2759 dicto
1439 2693 1523 2777 ligno
1553 2712 1650 2775 super
1680 2693 1826 2776 scapulas
1849 2695 1965 2760 acriter
1987 2695 2177 2773 verberavit,

674 2818 713 2863 ex
737 2816 799 2879 quo
822 2797 905 2861 idem
930 2799 1111 2880 prepositus
1135 2799 1249 2863 iterum
1272 2817 1307 2863 se
1330 2798 1504 2865 defendens
1534 2798 1690 2880 prefatum
1714 2799 1879 2864 Nicolaum
1912 2819 1971 2882 per
1991 2799 2076 2883 pilos
2099 2802 2179 2882 cepit

675 2907 708 2968 et
730 2901 829 2966 traxit
851 2903 951 2968 eciam
974 2904 1057 2967 sicut
1079 2903 1177 2985 prius,
1202 2907 1235 2968 et
1258 2903 1305 2968 eis
1328 2904 1455 2968 tandem
1473 2902 1566 2968 modo
1590 2902 1685 2968 simili
1704 2904 1894 2968 abinvicem
1916 2905 2077 2987 separatis
2101 2904 2179 2970 idem

674 3007 836 3085 Nicolaus,
860 3008 894 3071 in
916 3008 1088 3072 crastinum
1112 3026 1208 3073 sanus
1230 3009 1381 3088 existens,
1405 3008 1456 3073 die
1478 3007 1578 3073 tercia
1593 3008 1625 3071 in
1645 3007 1728 3073 lecto
1751 3008 1903 3077 decubuit
1925 3010 2014 3075 etin
2037 3028 2075 3074 eo
2099 3010 2179 3075 infir·

677 3116 783 3176 matus
806 3130 863 3194 per
885 3110 954 3177 dies
977 3116 1113 3193 quatuor
1135 3112 1219 3178 diem
1242 3112 1357 3178 clausit
1379 3118 1564 3178 extremum.
1590 3111 1669 3176 Cum
1688 3116 1804 3192 autem,
1828 3112 1911 3177 sicut
1932 3112 2045 3179 eadem
2067 3114 2181 3195 peticio

677 3216 899 3298 subiungebat,
922 3216 1086 3298 predictus
1108 3217 1258 3282 Nicolaus
1281 3235 1321 3281 ex
1343 3222 1477 3299 ruptura
1506 3217 1621 3295 vesice,
1652 3235 1755 3297 quam,
1789 3216 1865 3282 dum
1894 3235 1953 3299 per
1974 3216 2055 3283 alios
2078 3218 2179 3283 balre-

676 3327 774 3400 retur,
799 3320 868 3403 ipso
892 3339 927 3385 se
949 3321 1033 3385 trahi
1055 3340 1118 3385 non
1142 3321 1356 3403 permittente,
1390 3321 1448 3386 sed
1478 3321 1644 3400 renitente,
1675 3321 1817 3400 incurrit,
1841 3326 1987 3387 mortuus
2009 3322 2181 3387 secundum

673 3424 787 3490 medici
810 3425 859 3489 sui
883 3425 1033 3490 iudicium
1056 3430 1227 3505 asseratur,
1258 3443 1318 3491 nec
1340 3425 1513 3490 verisimile
1545 3425 1701 3504 videatur,
1724 3425 1809 3507 quod
1831 3445 1871 3491 ex
1894 3424 2080 3492 defensione
2104 3427 2177 3492 dicti

675 3530 842 3613 prepositi,
865 3530 920 3611 qui
942 3530 1027 3595 nuda
1050 3550 1144 3595 manu
1167 3531 1288 3612 absque
1311 3530 1512 3598 delendiculo
1535 3531 1643 3612 aliquo
1666 3549 1701 3596 se
1724 3532 1876 3613 defendit,
1900 3533 1944 3597 sit
1964 3551 2050 3598 murs
2072 3533 2181 3598 huius·

674 3634 760 3700 modi
784 3634 963 3714 subsecuta,
987 3634 1071 3700 idem
1094 3636 1275 3717 prepositus
1305 3636 1397 3700 nobis
1420 3635 1582 3700 humiliter
1604 3635 1805 3717 supplicavit,
1841 3642 1877 3702 ut
1898 3655 1970 3701 cum
1992 3636 2063 3718 ipso
2087 3657 2183 3721 super

674 3737 925 3821 irregularitate,
960 3739 987 3803 si
1023 3757 1117 3821 quam
1146 3739 1230 3805 forte
1253 3741 1413 3805 contraxit
1442 3760 1481 3805 ex
1510 3740 1685 3823 premissis
1719 3741 1922 3823 dignaremur
1954 3740 1994 3807 ad
2029 3741 2183 3809 cautelam

674 3842 926 3908 misericorditer
949 3844 1144 3925 dispensare.
1167 3844 1234 3909 Nos
1257 3845 1365 3927 itaque
1387 3844 1567 3910 huiusmodi
1592 3844 1881 3928 supplicacionibus
1904 3845 2048 3912 inclinati
2071 3846 2181 3912 fruter-

677 3947 770 4012 nitati
800 3953 856 4012 tue
885 3947 1085 4029 presencium
1115 3953 1226 4014 tenore
1256 3949 1479 4014 committimus
1510 3953 1543 4013 et
1571 3948 1766 4027 mandamus,
1800 3953 1967 4030 quatenus,
2002 3950 2030 4014 si
2056 3957 2109 4015 est
2130 3952 2181 4028 ita,

677 4071 748 4117 cum
772 4050 895 4133 prefato
918 4054 1082 4134 preposito
1105 4072 1202 4136 super
1224 4054 1472 4136 irregularitate,
1507 4054 1652 4134 siquam
1683 4058 1813 4137 propter
1839 4054 1995 4135 premissa
2018 4056 2181 4132 conuexit,

677 4157 817 4221 iniuncta
841 4157 871 4221 ei
894 4175 951 4238 pro
974 4158 1139 4239 premissis
1169 4178 1226 4242 pro
1249 4159 1342 4223 modo
1365 4158 1458 4240 culpe
1480 4157 1662 4239 penitencia
1685 4157 1827 4237 salutari,
1861 4158 2053 4224 auctoritate
2076 4166 2181 4224 nostra

677 4260 855 4342 dispenses.
878 4262 917 4326 D.
943 4263 1099 4328 duinione
1122 4264 1150 4329 V
1174 4264 1215 4329 id.
1240 4263 1406 4328 Februarii
1430 4283 1459 4328 a.
1482 4268 1605 4344 quarto.

781 4433 2178 4505 mmmwdwffiffliffimmmmmfflfflmfflmmmmwlmm

677 4519 750 4586 sole3
768 4518 878 4574 litterae
896 4520 924 4573 in
942 4519 974 4573 l'.
996 4527 1044 4574 172
1063 4522 1082 4576 i.
1101 4528 1152 4576 270
1170 4539 1197 4576 n.
1217 4527 1274 4577 781.
1293 4521 1344 4576 Ed.
1363 4520 1483 4576 Thmner
1500 4520 1559 4574 MP.
1578 4522 1591 4574 l
1610 4538 1635 4573 n.
1655 4527 1713 4575 492.
1777 4563 1790 4572 ,⁴

675 4975 769 5041 583.
795 4973 993 5052 Theoderico,
1016 4981 1091 5039 muto
1110 4999 1140 5039 o.
1157 4999 1184 5040 o.
1200 4977 1346 5057 Symoois
1369 4976 1448 5040 dicti
1471 4978 1574 5057 Beyer
1597 4975 1634 5039 de
1657 4973 1834 5057 Bopordia‚
1857 4972 1981 5049 mccc,
2000 4973 2183 5056 providetur

676 5079 720 5143 cd
742 5079 1004 5163 supplicatum
1026 5079 1196 5156 Jobunnis,
1219 5082 1303 5162 repis
1330 5080 1507 5155 Bobemiae,
1532 5079 1569 5143 dc
1592 5079 1783 5143 canonicatu
1811 5076 1962 5142 ecclesiae
1987 5079 2181 5143 ibeoereasis

674 5182 732 5247 sub
754 5184 968 5268 expectatione
996 5184 1207 5266 praebendae.
1253 5184 1305 5264 ,D.
1330 5185 1487 5248 Acinione
1507 5183 1615 5248 Vlcal.
1640 5182 1760 5248 Marcii
1781 5204 1812 5247 c.
1836 5186 1971 5263 pmcne}
2009 5183 2126 5248 mmm
2148 5186 2180 5246 ut

800 5301 807 5374 Ι
1360 5311 1396 5353 m
1417 5312 1447 5355 η’
1471 5292 1502 5355 θ’
1602 5391 1766 5467 Aornum,
1790 5392 1876 5456 racc
1899 5390 2069 5458 nonore
2089 5394 2141 5458 ao.

722 5370 831 5512 lx.

783 5597 930 5651 (lamentis
956 5597 994 5651 Vl
1019 5601 1051 5651 ll.
1078 5600 1145 5670 les
1170 5600 1213 5667 (V.
1238 5607 1299 5674 ⁴217)
1327 5601 1347 5654 f.
1374 5603 1433 5653 472¹
1460 5617 1485 5653 n.
1513 5607 1570 5668 155,
1598 5600 1632 5655 de
1656 5597 1822 5670 praebendis
1849 5598 1987 5654 vacaturis
2011 5614 2056 5667 qu.
2082 5597 2182 5652 6:b'.

681 5690 729 5739 ruo
749 5684 766 5737 ἱ.
786 5691 836 5739 ‘cel
856 5702 882 5737 n.
904 5691 960 5738 lbb.
