5184 7050
1988 831 2051 896 217

544 1031 680 1097 honeste
717 1036 896 1097 tractantes
930 1032 1108 1099 exhibeatis
1143 1033 1171 1098 ei
1206 1034 1422 1098 obedienciam
1460 1039 1493 1099 et
1525 1035 1742 1100 reverenciam
1772 1034 1944 1117 debitam‘)
1978 1043 2011 1102 et
2024 1039 2052 1119 t)

545 1136 701 1216 devotam,
726 1137 795 1202 eius
818 1137 958 1202 salubria
979 1139 1099 1202 monita
1115 1143 1149 1202 et
1162 1139 1312 1204 mandata
1334 1138 1537 1222 suscipiendo
1557 1140 1680 1204 ilariter
1703 1144 1736 1204 et
1759 1138 1932 1205 efficaciter
1954 1141 2053 1206 adim·

543 1240 671 1321 plendo,
705 1240 845 1323 alioquin
877 1243 1082 1322 sentenciam,
1114 1261 1209 1324 quam
1238 1242 1323 1307 idem
1353 1243 1453 1308 abbas
1482 1245 1544 1307 rite
1573 1243 1685 1309 tulerit
1716 1245 1748 1308 in
1771 1245 1919 1325 rebelles,
1950 1252 2053 1310 ratam

543 1344 733 1410 habebimus
756 1351 790 1410 et
811 1347 965 1413 iaciemus
988 1353 1119 1411 auctore
1150 1347 1275 1412 domino
1299 1365 1400 1429 usque
1423 1348 1463 1412 ad
1486 1347 1741 1413 satisfaccionem
1765 1348 1950 1432 condignam
1974 1352 2054 1415 invi·

542 1446 709 1513 olabiliter
730 1451 906 1516 observari.
931 1452 969 1516 D.
995 1456 1029 1515 ut
1051 1469 1077 1515 s.

649 1555 686 1618 ln
710 1572 738 1618 e.
761 1575 803 1620 ru.
826 1557 857 1621 d.
880 1556 901 1620 f.
926 1576 955 1621 n.
979 1574 1008 1619 v.
1033 1555 1158 1633 Carolo,
1188 1556 1362 1621 marchioni
1387 1556 1541 1635 Monunio,
1565 1575 1590 1621 s.
1615 1562 1674 1621 etc.
1713 1557 1829 1622 Gracie
1852 1559 1958 1624 divine
1980 1578 2052 1641 pre·

542 1657 642 1722 mium
665 1664 699 1722 et
720 1660 905 1742 preconium
928 1659 1066 1724 humane
1088 1659 1193 1725 laudis
1215 1660 1400 1742 acquiritur,
1424 1661 1451 1725 si
1474 1679 1532 1743 per
1553 1661 1715 1725 seculares
1739 1663 1898 1745 principes
1920 1664 2053 1745 prelatis

542 1761 688 1844 singulis,
711 1764 909 1829 secularibus
932 1771 965 1829 et
987 1764 1195 1845 regularibus,
1211 1764 1312 1829 bonor
1340 1765 1466 1830 debitus
1497 1765 1706 1848 impendatur.
1752 1765 1865 1848 Nuper
1894 1769 2051 1850 siquidem

544 1870 607 1930 etc.
640 1885 740 1949 usque
770 1874 805 1931 et
826 1886 979 1950 prospere
1009 1867 1173 1950 dirigetur.
1219 1868 1299 1932 Cum
1329 1869 1437 1950 itaque
1467 1869 1509 1932 sit
1531 1871 1659 1934 virtutis
1692 1888 1773 1952 opus
1806 1871 1858 1935 dei
1890 1873 2052 1936 ministros

544 1969 684 2052 benigno
706 1971 815 2036 favore
841 1972 991 2054 prosequi
1014 1992 1051 2036 ac
1074 1990 1129 2036 eos
1151 1973 1258 2036 verbis
1280 1978 1314 2036 et
1336 1973 1486 2055 operibus
1508 1992 1565 2055 pro
1588 1974 1673 2056 regis
1702 1975 1804 2039 eterni
1834 1975 1935 2058 gloria
1958 1995 2053 2041 vene-

542 2074 610 2137 rari
626 2073 664 2151 ¹¹),
698 2075 897 2140 nobilitatem
927 2081 1014 2139 tuam
1037 2094 1184 2158 rogamus
1207 2081 1239 2140 et
1262 2076 1426 2142 hortamur
1454 2081 1587 2155 attente,
1618 2082 1777 2158 quatenus
1807 2078 1942 2144 eundem
1966 2080 2054 2146 Hen-

541 2177 645 2242 ricum
669 2179 816 2244 abbatem
840 2185 874 2244 et
896 2180 1053 2261 prefatum
1084 2181 1311 2245 monasterium
1336 2182 1491 2258 Lucense,
1519 2197 1577 2245 sue
1600 2199 1675 2244 cure
1699 2183 1910 2262 commissum,
1933 2183 2053 2248 babens

542 2299 602 2361 pro
633 2289 743 2347 nostra
774 2291 807 2348 et
829 2285 1004 2366 apostolice
1034 2284 1120 2349 sedis
1153 2286 1338 2350 reverencia
1370 2286 1560 2366 propensius
1594 2286 1840 2364 commendatos,
1875 2289 2052 2369 predictum

541 2385 694 2450 abbatem
725 2387 852 2470 benigni
886 2389 1004 2453 favoris
1035 2390 1152 2452 airrilio
1184 2391 1398 2472 prosequaris
1432 2390 1477 2452 ita
1507 2388 1591 2470 quod
1621 2389 1705 2454 idem
1738 2391 1837 2456 abbas
1867 2397 1922 2456 tuo
1953 2392 2053 2457 tultus

541 2490 664 2555 auxilio
688 2492 719 2555 iu
743 2494 910 2557 commissa
932 2493 992 2557 sibi
1015 2494 1199 2557 monasterii
1227 2494 1361 2575 predicti
1385 2512 1461 2558 cura
1490 2493 1592 2575 possit
1614 2493 1674 2557 deo
1696 2497 1839 2577 propicio
1870 2498 2052 2579 prosperari

542 2613 583 2658 ac
604 2595 665 2659 tibi
688 2596 804 2661 exinde
831 2598 981 2679 perennia
1004 2598 1070 2661 vite
1092 2599 1248 2680 premium
1271 2604 1305 2662 et
1328 2618 1347 2662 a
1371 2598 1461 2662 nobis
1491 2598 1646 2680 condigna
1676 2600 1843 2681 proveniat
1873 2601 1959 2665 accio
1983 2621 2054 2682 gra·

542 2698 677 2763 ciarum.
718 2701 755 2764 D.
781 2707 817 2764 ut
839 2718 864 2765 s.

651 2905 802 2960 Clementis
820 2906 859 2960 VI
878 2908 911 2960 A.
929 2906 999 2977 11le
1019 2907 1063 2973 (V.
1078 2909 1140 2972 tlt)
1159 2907 1177 2960 t.
1196 2915 1238 2973 43,
1257 2908 1291 2962 de
1311 2908 1513 2977 provisionibus
1532 2911 1717 2977 praelatorum
1736 2917 1806 2977 qu.t
1825 2930 1854 2962 τ
1869 2912 1901 2967 V.
1918 2918 1965 2967 167
1979 2913 1996 2967 i.
2011 2914 2053 2966 δι’

541 3007 569 3044 n.
589 2997 633 3045 49.
652 3021 685 3030 -
706 2991 757 3045 Ed.
777 2992 862 3045 cont.
883 2992 931 3044 l'll
951 3009 977 3048 n.
997 2999 1056 3058 60⁸2,
1077 2994 1161 3047 ΚΒΜ.
1181 2994 1257 3048 lt'n.
1280 3000 1352 3047 loti.
1373 3025 1404 3034 -
1432 2999 1456 3059 ul
1473 3012 1543 3048 corr.
1564 3012 1597 3048 ex
1616 2997 1760 3064 ,atigimur‘
1780 3000 1812 3051 A.
1841 2999 1865 3064 l)
1883 3000 1965 3065 ,curis
1984 3001 2053 3054 sesi-

543 3077 617 3131 duis‘
637 3078 729 3147 suppl.
743 3079 770 3131 in
784 3095 868 3147 marg.
882 3081 914 3132 Α.
943 3085 965 3146 e)
985 3080 1076 3149 suppl.
1095 3084 1224 3148 suprad.
1251 3081 1578 3149 bseqnitorpcclesiis‘,
1597 3083 1645 3136 sed
1668 3084 1847 3139 cancellatum
1860 3089 1893 3138 A.
1920 3091 1944 3151 ο)
1963 3086 2054 3155 suppl.

543 3181 631 3235 supra
651 3168 685 3218 A.
713 3166 732 3235 s)
752 3165 864 3231 ,debita‘
882 3168 915 3219 A.
942 3178 967 3232 a)
988 3168 1077 3235 srvppl.
1094 3169 1220 3235 suprad.
1250 3171 1274 3233 b)
1293 3184 1361 3221 corr.
1376 3183 1409 3220 ex
1424 3169 1591 3234 ,vonerabili‘
1604 3172 1638 3222 A.

1198 3449 1290 3456 ..ψ-..-
1305 3450 1320 3456 .-
1327 3450 1353 3456 .-.
1372 3450 1403 3456 —.-

539 3727 637 3792 367.
668 3725 803 3803 Erectio,
833 3725 953 3789 dotatio
983 3731 1013 3790 et
1041 3726 1201 3790 ordinatio
1230 3724 1353 3806 colleqii
1376 3724 1666 3791 mansionariorum
1688 3728 1721 3791 in
1744 3728 1875 3792 ecclesia
1903 3730 2055 3809 propensi

1192 3830 1406 3912 confirmatur.

588 3940 669 3994 .cc.
1515 3944 1677 4024 octabae,
1700 3947 1787 4010 1344
1810 3944 1935 4027 Aprilis
1957 3947 2010 4011 30.

652 4159 799 4226 Clemens
829 4163 1007 4244 episcopus,
1031 4181 1056 4226 s.
1079 4182 1105 4227 s.
1129 4163 1198 4246 d.‚·)
1222 4164 1261 4228 ad
1286 4184 1315 4246 p.
1339 4184 1364 4228 r.
1387 4183 1427 4228 m.
1474 4164 1589 4245 Ingens
1612 4166 1646 4225 et
1667 4161 1799 4226 sincera
1821 4161 1961 4239 devocio,
1992 4181 2054 4243 qua

543 4265 575 4330 d.
603 4266 622 4329 l.
646 4285 676 4329 n.
700 4285 729 4329 v.
753 4265 900 4346 Karolus,
923 4266 1062 4331 marchio
1086 4267 1230 4331 Morauie
1257 4286 1293 4331 ac
1325 4267 1551 4349 primogenitus
1575 4285 1600 4329 c.
1625 4266 1656 4330 in
1680 4265 1737 4330 oh.
1760 4265 1781 4330 f.
1805 4284 1835 4328 n.
1859 4264 2054 4350 lobannisd)

544 4371 632 4451 regis
662 4371 793 4435 Boemie
823 4371 966 4450 illustris,
994 4370 1097 4449 deum,
1121 4388 1178 4434 uos
1201 4376 1234 4433 et
1256 4370 1427 4434 Romanam
1451 4370 1616 4434 ecclesiam
1639 4373 1812 4448 reveretur,
1836 4387 2055 4450 summumque

543 4474 749 4553 desiderium,
773 4475 857 4556 quod
880 4475 919 4538 ad
943 4476 1042 4539 nostri
1072 4474 1281 4555 redemptoris
1308 4474 1493 4556 obsequium
1517 4480 1549 4537 et
1571 4473 1671 4537 divini
1694 4472 1797 4538 cultus
1819 4477 2053 4553 augmentum)

543 4597 582 4641 se
605 4578 720 4656 reddit,
744 4585 838 4659 prout
860 4578 935 4643 lacti
959 4578 1052 4642 docet
1075 4578 1284 4659 experiencia,
1309 4577 1466 4642 solicitum
1489 4583 1584 4659 atque
1614 4582 1804 4658 promptum,
1835 4594 1897 4639 non
1927 4575 2054 4657 indigne

543 4687 718 4761 merentur,
742 4689 778 4747 ut
800 4682 980 4746 huiusmodi
1004 4683 1072 4746 eius
1104 4683 1189 4763 pium
1220 4682 1412 4746 desidorium
1442 4682 1606 4763 oportunis
1637 4698 1864 4761 prosequamur
1893 4678 2054 4744 favoribus

543 4794 589 4865 et,
613 4804 676 4868 qne
699 4806 756 4868 per
778 4805 849 4850 eum
873 4787 957 4851 circa
979 4787 1055 4850 dicti
1079 4786 1183 4850 cultus
1206 4791 1407 4866 augmmmum
1430 4787 1562 4867 eiusque
1589 4785 1735 4849 decorem
1765 4790 1839 4847 sunt
1868 4783 1999 4865 provide
2022 4789 2055 4846 et

543 4892 697 4955 canonice
714 4892 868 4969 instituta,
882 4890 1130 4955 continuaciouis
1146 4889 1320 4971 apostolice
1336 4889 1508 4954 munimine
1524 4889 1716 4954 roboremus.
1733 4887 1884 4953 Exhibita
1899 4887 2054 4967 siquidem

542 4995 637 5060 nobis
671 4996 772 5077 ipsius
806 4995 917 5060 Karoli
951 5014 1051 5077 nuper
1086 4995 1202 5076 peticio
1216 4993 1241 5072 ¹)
1278 4994 1468 5073 continebat,
1503 4995 1586 5076 quod
1617 4995 1694 5075 ipse,
1719 4992 1849 5074 cupiens
1872 4995 1999 5054 terrena
2023 4990 2054 5053 in

542 5099 679 5164 celestia
712 5106 745 5163 et
777 5100 961 5164 transitoria
995 5101 1025 5162 in
1060 5105 1170 5162 eterna
1204 5097 1289 5163 felici
1323 5098 1509 5162 commercio
1542 5103 1743 5174 commutare,
1768 5096 1808 5160 ad
1830 5096 1980 5159 bonorem
2002 5095 2054 5160 dei

542 5204 771 5285 omnipotentis
795 5210 827 5267 et
850 5205 943 5267 beate
966 5203 1068 5267 Marie
1092 5203 1231 5285 virginis,
1255 5203 1419 5266 beatorum
1435 5202 1598 5265 martirum
1614 5201 1679 5266 Viti
1695 5207 1728 5264 et
1744 5198 1936 5264 chtzeslai
1959 5204 2055 5281 atque

542 5308 714 5374 Arlalberti
737 5314 770 5371 et
792 5307 924 5371 aliorum
947 5312 1125 5370 sanctorum
1149 5307 1287 5370 ornuium
1310 5324 1430 5370 necnon
1454 5325 1511 5386 pro
1534 5304 1634 5391 suet)
1664 5305 1909 5387 progenitorum,
1944 5303 2055 5385 prede·

542 5430 719 5490 cessurum,
746 5429 965 5476 successorum
995 5430 1123 5475 suorum
1155 5416 1401 5491 cunctorumque
1431 5408 1581 5487 fidelium,
1606 5410 1748 5473 vivorum
1771 5415 1804 5472 et
1826 5407 2055 5483 defunctorum,

539 5519 721 5584 animarum
743 5516 846 5580 salute
869 5522 901 5579 et
925 5515 1030 5579 cultus
1053 5514 1150 5578 divini
1174 5514 1308 5577 nominis
1332 5514 1524 5578 incremento
1548 5514 1578 5577 in
1602 5513 1737 5578 ecclesia
1759 5512 1910 5594 Progensi
1930 5510 2055 5591 viginti·

540 5628 681 5705 quatuor
704 5618 889 5684 clericorum
908 5619 1098 5683 secularium
1114 5637 1278 5682 numerum
1294 5636 1352 5681 seu
1369 5617 1543 5699 collegium,
1561 5622 1747 5698 precentore
1763 5618 1793 5681 in
1810 5635 1847 5679 eo
1865 5618 2054 5695 computato,

538 5744 678 5809 quorum
702 5725 868 5788 duodecim
892 5724 1080 5805 presbyteri,
1105 5740 1160 5787 sex
1182 5722 1308 5787 diaconi
1331 5728 1364 5785 et
1386 5740 1440 5785 sex
1465 5720 1649 5784 subdiaconi
1665 5720 1733 5785 iore
1749 5720 1910 5796 deberent,
1929 5722 1961 5780 et
1976 5735 2055 5798 quos
