5184 7050
546 809 610 876 ⁶232

545 1018 710 1100 Raynaldi,
734 1017 836 1081 ultimi
859 1019 993 1085 rectoris
1015 1017 1117 1100 ipsius
1141 1018 1286 1099 ecclesie,
1310 1020 1364 1103 qui
1386 1042 1488 1105 nuper
1510 1028 1601 1089 cutm
1624 1023 1796 1089 Romanam
1827 1024 1947 1090 curiam
1970 1023 2054 1092 diem

545 1123 660 1190 clausit
682 1125 866 1201 extremum,
890 1130 924 1188 et
946 1124 1037 1189 cuius
1059 1122 1214 1189 beneficia
1237 1130 1311 1191 ante
1334 1126 1437 1206 ipsius
1458 1133 1593 1192 mortem
1615 1132 1745 1194 fuerunt
1766 1146 1824 1210 per
1845 1128 1877 1196 S.
1895 1130 1932 1195 V.
1950 1130 2054 1196 eidem

544 1235 708 1295 reservata
718 1226 753 1308 l),
789 1244 859 1289 cum
889 1227 1034 1290 omnibus
1064 1226 1187 1292 iuribus
1216 1232 1250 1292 et
1278 1228 1484 1311 pertinenciis
1515 1231 1582 1294 suis
1611 1230 1783 1312 dignemini
1804 1232 2055 1298 misericorditer

547 1332 725 1413 providere,
749 1349 819 1395 cum
843 1328 1043 1408 inhibicione,
1067 1329 1195 1395 decreto
1210 1337 1243 1395 et
1259 1331 1403 1396 clausula
1426 1332 1588 1415 anteferri,
1612 1336 1847 1415 nonobstante,
1870 1336 1955 1417 quod
1970 1336 2054 1401 idem

545 1436 655 1500 Welco
679 1435 885 1501 canonicatus
907 1438 941 1498 et
961 1433 1139 1516 prebendas
1153 1435 1186 1500 in
1201 1434 1347 1500 ecclesiis
1369 1436 1530 1518 Pragensi,
1554 1437 1781 1520 Visegradensi
1803 1456 1903 1520 prope
1917 1439 2053 1520 Pragam

545 1546 580 1605 et
602 1543 635 1606 in
660 1541 783 1622 capella
806 1541 894 1622 regia
917 1539 1065 1604 Omnium
1087 1539 1274 1605 Sanctorum
1306 1540 1338 1604 in
1368 1545 1472 1605 castro
1501 1541 1653 1623 Pragensi
1679 1542 1822 1607 noscitur
1842 1543 1998 1622 obtinere,
2021 1549 2054 1607 et

545 1666 615 1710 eum
639 1647 711 1713 aliis
733 1666 797 1712 non
819 1646 1020 1713 obstantibus
1043 1650 1077 1709 et
1099 1644 1251 1710 clausulis
1274 1646 1439 1727 oportunis
1462 1664 1498 1711 ac
1521 1647 1754 1712 executoribus.

646 1768 717 1843 liat
738 1779 776 1845 R.
789 1778 813 1858 ¹)
850 1779 893 1844 Et
916 1797 945 1859 q.
969 1782 992 1841 t.
1017 1795 1042 1842 s.
1067 1796 1095 1868 a.
1119 1775 1139 1842 l.
1178 1775 1252 1841 Fiat
1274 1776 1312 1842 n.
1351 1776 1389 1842 D.
1413 1777 1571 1843 Aninione
1593 1778 1622 1843 V
1644 1796 1714 1844 non.
1745 1777 1824 1843 Maii
1846 1797 1875 1844 a.
1900 1776 2051 1843 meando.

648 2020 797 2074 blementis
815 2018 853 2072 VI
871 2016 897 2071 S.
917 2017 972 2087 Ilpa
993 2018 1030 2085 (4)
1050 2015 1067 2069 i.
1087 2021 1145 2070 325.
1166 2046 1198 2054 -
1226 2017 1249 2083 ¹)
1268 2016 1417 2082 ,recreare
1436 2016 1462 2071 S.
1490 2017 1515 2083 ¹⁸)
1533 2018 1624 2087 suppl.
1644 2033 1729 2088 supra
1747 2016 1773 2071 S.
1793 2048 1825 2056 -
1846 2020 1866 2083 ¹)
1883 2017 1977 2072 littera
1998 1976 2051 2071 iata

546 2125 602 2162 non
621 2114 662 2161 est
680 2112 799 2175 reperta

1196 2318 1401 2327 -ss-

543 2692 637 2759 377.
661 2689 803 2765 Carolus,
826 2686 969 2752 marchio
994 2687 1168 2761 Morauiae,
1191 2684 1363 2769 supplicat,
1386 2689 1542 2770 quatenns
1556 2684 1683 2750 tenerae
1699 2683 1860 2749 Pr'idiaiao
1883 2684 1922 2749 de
1936 2681 2052 2749 Lamo

545 2797 582 2860 cie
591 2794 776 2880 praebenda
787 2792 936 2859 ecciesiae
948 2791 1121 2873 Pragensis
1132 2810 1294 2856 concessae
1307 2792 1521 2870 reformentur
1531 2794 1561 2854 a
1575 2790 1673 2855 eidem
1688 2789 1727 2854 de
1740 2808 1818 2855 noro
1829 2789 1868 2854 de
1882 2787 2048 2872 dignitate,

543 2902 718 2983 personatu
739 2897 786 2961 aei
808 2896 915 2979 ospicio
938 2917 1008 2960 arm
1029 2895 1077 2959 ael
1098 2896 1167 2959 sinc
1190 2916 1268 2960 cura
1290 2893 1334 2958 ad
1355 2893 1551 2959 collationem
1569 2894 1716 2977 episcopi,
1736 2893 1924 2977 praepositi,
1940 2891 2054 2957 decani

991 3004 1021 3063 ei
1043 2998 1178 3082 capitrdi
1202 3000 1374 3080 Propercsis
1394 2998 1609 3082 provideatur.

1575 3170 1736 3251 Acinione,
1759 3173 1847 3236 1344
1869 3171 1955 3237 Maii
1975 3172 2007 3235 3.

650 3365 812 3449 Significat
834 3365 864 3431 S„
890 3360 932 3429 V.'
952 3362 1084 3427 devotus
1107 3361 1129 3427 l.
1153 3382 1180 3425 v.
1205 3361 1353 3439 Karalus,
1388 3362 1618 3443 primogenitus
1647 3360 1782 3427 illustris
1804 3361 1889 3442 regis
1911 3360 2052 3438 Borma

546 3470 687 3536 marchio
711 3468 864 3548 Morauie,
888 3467 982 3550 quod,
1006 3466 1081 3531 licet
1107 3466 1301 3531 Praibislaus
1332 3466 1371 3531 de
1402 3465 1547 3545 Leclrow,
1581 3465 1766 3548 capellanus
1796 3470 1830 3530 et
1858 3464 2052 3532 secretarius

548 3577 647 3658 ipsius
669 3574 814 3652 dilectos,
837 3574 891 3654 qui
915 3573 946 3636 in
961 3563 1113 3650 Prage'nsi
1128 3570 1264 3634 ecclesia
1278 3570 1417 3635 mediam
1431 3569 1802 3658 prebendamobtincbat
1818 3573 1913 3652 prout
1926 3569 2050 3635 obtinet

547 3686 580 3744 et
602 3680 769 3761 presertim
792 3677 912 3741 medias
935 3675 1100 3757 porciones
1124 3674 1279 3754 percipiat
1302 3675 1369 3738 sive
1392 3674 1638 3740 distribuciones
1669 3679 1703 3737 et
1728 3691 1766 3737 ex
1789 3674 1895 3755 gracia
1918 3672 2049 3755 capituli

547 3783 688 3849 eiusdem
711 3782 846 3846 ecclesie
868 3797 977 3844 vocem
1007 3779 1039 3842 iu
1070 3778 1208 3858 capitulo
1237 3777 1376 3842 habebat
1402 3782 1435 3842 et
1456 3777 1574 3841 habeat
1596 3777 1707 3857 ipsius,
1741 3795 1769 3840 a.
1793 3776 1823 3842 S.
1848 3777 1886 3842 V.
1910 3777 2048 3859 graciam

548 3889 587 3951 de
611 3889 733 3967 integra
756 3883 917 3966 prebenda
941 3884 971 3947 in
1006 3882 1115 3945 eadem
1149 3880 1285 3945 ecclesia
1319 3883 1491 3946 obtinuerit
1525 3880 1704 3963 specialem,
1734 3884 1877 3960 tamen·)
1911 3900 1972 3962 pro
2002 3900 2051 3957 eo,

547 3992 630 4072 qnod
653 3993 684 4054 in
707 3991 793 4054 (licta
816 3988 951 4052 ecclesia
974 4006 1031 4068 per
1054 4005 1192 4050 errorem
1215 3986 1310 4065 illius,
1335 3988 1388 4068 qui
1412 3985 1679 4068 supplicaciouem
1702 3985 1857 4063 formavit,
1881 3985 1942 4049 fuit
1957 4005 2050 4049 cano-

547 4096 636 4159 nicus
660 4095 847 4169 nominatus,
882 4093 957 4157 licet
988 4110 1049 4156 non
1080 4096 1166 4155 esset
1195 4110 1253 4154 nec
1284 4090 1343 4154 sibi
1375 4090 1516 4154 indicta
1541 4090 1649 4171 gracia
1678 4091 1880 4154 canonicatus
1907 4089 2050 4154 eiusdem

548 4199 683 4264 ecclesie
706 4199 766 4263 init
789 4197 934 4275 collatus,
958 4195 1136 4260 huiusmodi
1160 4196 1268 4276 gracia
1291 4195 1406 4260 sortire
1429 4213 1490 4257 uon
1512 4198 1620 4276 potest
1642 4193 1797 4258 ellectum.
1829 4194 1934 4273 Quare
1950 4193 2050 4258 humi-

547 4302 621 4365 liter
644 4301 801 4384 supplicat
824 4300 907 4364 idern
931 4298 1077 4377 Karalus,
1102 4303 1258 4381 quatenus
1281 4299 1420 4379 graciam
1450 4296 1630 4362 huiusmodi
1662 4317 1732 4362 cunr
1754 4299 1933 4380 provisione
1957 4317 2051 4363 cano

548 4407 671 4468 nicatus
695 4405 793 4485 ipsius
823 4403 958 4466 ecclesie
988 4408 1022 4465 et
1051 4402 1109 4465 sub
1140 4402 1252 4465 callem
1283 4401 1358 4465 daia
1392 4401 1541 4464 mandare
1571 4401 1741 4483 ‹lignamini
1772 4401 1858 4466 refici
1888 4406 1921 4465 et
1950 4403 2050 4466 eciam

549 4508 721 4584 reformari,
745 4525 815 4570 cum
838 4524 899 4568 nou
923 4506 1121 4570 obstantibus
1140 4505 1294 4582 omnibus
1319 4524 1379 4586 quc
1395 4504 1541 4570 voluistis
1556 4507 1588 4569 in
1604 4505 1689 4570 (licta
1711 4507 1818 4583 gracia
1837 4524 1897 4568 uon
1913 4505 2051 4582 obstare,

552 4629 621 4675 curu
644 4611 716 4674 aliis
739 4629 800 4673 non
824 4610 1023 4673 obstantibus
1046 4615 1079 4673 et
1102 4607 1253 4673 clausulis
1280 4610 1454 4690 oportunis.

649 4740 722 4804 Fiat
744 4745 777 4803 et
799 4740 857 4801 snb
880 4739 993 4803 cadem
1015 4714 1090 4803 data
1112 4739 1147 4802 R.
1162 4736 1186 4818 ¹)

649 4871 729 4934 ltem
753 4868 921 4950 supplicat,
944 4874 1100 4950 quatenus
1125 4868 1208 4932 dicto
1232 4868 1406 4933 Praibislao
1429 4867 1600 4950 specialem
1629 4869 1767 4950 graciam
1795 4868 1960 4957 iacientes,
1991 4869 2050 4933 sibi

548 4974 587 5037 de
610 4974 775 5055 dignitate,
799 4977 968 5055 personatu
993 4972 1042 5036 vel
1066 4970 1170 5035 cilicio
1194 4991 1263 5036 cum
1288 4990 1364 5036 cura
1387 4972 1437 5036 vel
1461 4973 1529 5037 sine
1552 4992 1637 5050 cura,
1669 4977 1835 5054 spectante
1861 4971 1901 5036 ad
1925 4972 2051 5036 collaci-

548 5097 649 5156 oueru,
674 5077 883 5158 provisionem
906 5096 964 5142 seu
988 5076 1130 5157 quamvis
1153 5074 1247 5140 aliam
1271 5076 1538 5159 disposicionem.
1557 5127 1564 5141 .
1582 5077 1731 5160 episcopi,
1756 5076 1918 5158 prepositi,
1938 5075 2052 5141 decani

549 5188 582 5245 et
605 5180 734 5262 capituli
757 5182 926 5262 Pragensis
950 5180 1158 5244 connnuoiter
1179 5178 1230 5245 vel
1254 5181 1389 5259 divisim,
1413 5182 1439 5244 si
1464 5183 1495 5246 in
1511 5181 1597 5245 dicta
1619 5181 1755 5247 ecclesia
1770 5180 1820 5246 vel
1836 5186 1927 5245 extra
1949 5181 2052 5246 eccle-

548 5287 626 5350 siam
657 5290 748 5349 vacat
777 5285 817 5348 ad
849 5303 990 5365 presens,
1025 5282 1075 5347 vol
1106 5281 1240 5366 [cumlbl
1275 5287 1444 5364 vacaverit,
1483 5305 1553 5350 eum
1584 5286 1815 5368 acceptacione,
1850 5284 2051 5363 inhibicione,

548 5391 677 5455 decreto
700 5392 734 5452 ct
757 5388 899 5452 clausula
921 5387 1071 5453 anteferri
1103 5387 1273 5467 dignemini
1303 5389 1479 5470 providere,
1514 5409 1575 5453 nou
1605 5389 1762 5468 obstante,
1797 5389 1881 5472 quod
1911 5389 2051 5455 indicta

549 5492 701 5572 Prageusi
725 5491 860 5555 ecclesia
882 5491 1042 5555 dimidiam
1065 5490 1257 5573 prebendam
1280 5497 1314 5555 et
1336 5492 1456 5557 medias
1479 5494 1722 5557 distribuciones
1745 5497 1778 5557 et
1796 5494 1898 5559 sancti
1920 5493 2052 5574 Georgii

548 5616 585 5661 ac
608 5596 756 5661 Omnium
778 5596 964 5661 Sanctorum
986 5595 1131 5659 ecclesiis
1154 5596 1186 5659 in
1209 5601 1312 5659 castro
1335 5597 1488 5677 Prageusi
1510 5598 1713 5663 canonicatus
1739 5601 1773 5663 et
1806 5597 1984 5679 prebendas
2014 5616 2050 5663 ac

551 5701 781 5783 parrochialem
804 5699 971 5764 ecclesiam
993 5700 1026 5762 in
1050 5699 1224 5776 Costelecz,
1248 5700 1416 5783 Pragensis
1439 5701 1585 5780 diocesis,
1617 5702 1758 5766 noscitur
1779 5702 1934 5780 obtinere,
1957 5721 2051 5785 quam
