5184 7050
1879 833 1944 900 519

427 1041 460 1108 iu
484 1047 621 1126 quatum·
644 1043 852 1110 corruentibus
875 1043 960 1110 dicte
982 1041 1153 1128 provincie,
1170 1042 1202 1109 in
1219 1041 1305 1109 illius
1322 1041 1472 1109 cestrencis
1491 1041 1618 1110 situatis
1634 1043 1820 1123 confinibus,
1844 1043 1941 1111 collo-

425 1149 522 1228 cavit,
539 1150 572 1214 in
593 1151 764 1214 maximum
787 1151 958 1232 dampnum
981 1150 1123 1233 corporis
1146 1150 1247 1232 ipsius
1270 1148 1430 1215 Witkonis
1445 1155 1479 1214 et
1494 1149 1703 1230 preludicium
1725 1167 1842 1228 rerum,
1858 1167 1940 1232 quas
2006 1176 2015 1199 a

425 1253 496 1335 ipae
520 1254 560 1318 de
582 1253 716 1319 licencia
740 1255 790 1318 sui
812 1254 988 1336 superioris
1009 1254 1161 1334 babebat,
1184 1253 1342 1336 quodque,
1366 1273 1437 1318 cum
1460 1254 1543 1319 idem
1566 1253 1674 1319 Witko
1697 1271 1803 1320 coram
1825 1253 1937 1319 eodem

424 1357 565 1423 Pomeno
596 1358 626 1422 d.
657 1358 680 1423 f.
710 1357 898 1438 Johanneru,
929 1359 1066 1424 scribam
1095 1358 1173 1424 dicti
1204 1357 1334 1438 ordinis,
1364 1363 1441 1424 tunc
1470 1358 1608 1440 priorem
1638 1356 1771 1423 fratrum
1794 1358 1938 1424 eiusdem

424 1461 548 1527 ordinis
572 1462 785 1545 Yglauiensis,
813 1462 1034 1530 Olomuceusis
1057 1464 1204 1542 diocesia,
1233 1481 1339 1528 corum
1361 1462 1473 1527 eodem
1495 1463 1633 1529 Pomeno
1656 1479 1753 1545 super
1775 1461 1937 1528 nonnullis

425 1565 613 1632 criminibus
636 1569 838 1633 convenisset
861 1575 895 1633 et
915 1573 1051 1651 peteret,
1081 1567 1261 1633 iohannem
1292 1566 1427 1632 eundem
1458 1573 1618 1650 tamquam
1640 1567 1813 1632 inhabilem
1835 1572 1869 1632 et
1890 1567 1938 1631 in·

424 1669 557 1753 dignuin
581 1671 701 1736 absolvi
717 1672 757 1736 ab
772 1671 877 1738 oificio
899 1672 1081 1738 huiusmodi
1103 1673 1273 1755 prioratus,
1290 1671 1394 1737 dictus
1411 1673 1580 1738 Pomienus
1603 1671 1738 1736 eundem
1754 1671 1936 1737 Witkonem

425 1775 539 1840 audire
563 1794 660 1859 super
682 1776 863 1841 huiusmodi
878 1777 1062 1841 criminibus
1078 1782 1188 1841 contra
1210 1776 1371 1842 iusticiam
1392 1777 1554 1841 recusarit
1572 1777 1741 1858 ipsumque
1755 1774 1938 1841 Witkouem

423 1880 522 1947 eiecit
545 1886 579 1945 et
601 1881 661 1945 eici
684 1882 846 1946 mandavit
868 1887 903 1946 et
924 1882 1001 1947 iecit
1024 1881 1155 1947 deloco
1179 1881 1334 1946 dictorum
1357 1881 1489 1947 iratrum
1507 1880 1755 1964 Yglauiensiuru,
1779 1881 1812 1946 in
1836 1881 1937 1963 ipsius

423 1983 588 2062 Witlronis
611 1990 645 2049 et
666 1985 750 2051 lame
773 2004 831 2050 sue
854 1986 1069 2051 confusionem
1092 1991 1125 2051 et
1148 1986 1359 2067 preludicium
1381 1991 1478 2068 atque
1501 1985 1680 2068 dampnum,
1701 1989 1734 2050 et
1756 1986 1850 2067 quod,
1873 1985 1936 2050 hiis

422 2089 571 2154 omnibus
586 2107 650 2154 non
664 2093 842 2168 contentus
860 2091 963 2172 ipsum
979 2091 1171 2169 Witkouern,
1187 2090 1378 2169 inauditum,
1391 2109 1453 2155 uon
1470 2090 1650 2157 confessum
1670 2109 1729 2156 nec
1748 2090 1936 2169 convictum,

421 2192 548 2276 absque
570 2193 677 2276 aliqua
699 2213 797 2259 cause
819 2195 1004 2261 rationabili
1035 2200 1067 2259 et
1097 2195 1176 2260 alias
1207 2195 1349 2260 indebite
1380 2214 1417 2259 ac
1446 2194 1564 2259 iniuste
1590 2194 1753 2260 mandavit
1775 2195 1896 2259 carceri
1904 2191 1931 2278 l)

421 2298 610 2381 mancipari,
634 2304 668 2363 et
689 2299 784 2381 quod,
808 2299 883 2364 licet
913 2301 953 2366 ab
984 2299 1163 2365 huiusmodi
1194 2300 1343 2365 mandato
1373 2299 1458 2364 idem
1481 2298 1591 2364 Witlso
1613 2298 1654 2363 ad
1676 2299 1785 2364 sedem
1807 2303 1935 2381 aposto·

403 2402 517 2467 'licam
547 2403 753 2486 appellasset,
793 2404 897 2469 dictus
931 2410 1037 2470 tamen
1067 2405 1235 2470 Pomienus
1266 2404 1402 2469 eundem
1436 2403 1617 2469 Witkonem
1650 2408 1724 2485 post
1757 2407 1791 2468 et
1824 2407 1935 2468 contra

421 2506 675 2590 appellacionem
702 2508 882 2574 huiusmodi
913 2509 1076 2574 mandarit
1109 2508 1213 2575 denuo
1244 2509 1407 2574 carcerari.
1447 2508 1553 2586 Quare
1586 2506 1691 2572 dictus
1713 2506 1822 2572 Witko
1844 2506 1935 2572 nobis

419 2610 586 2677 humiliter
609 2612 809 2695 supplicarit,
842 2620 878 2678 ut
908 2613 1075 2696 providero
1106 2613 1166 2678 sibi
1198 2632 1295 2696 super·
1324 2613 1384 2677 hiis
1416 2611 1455 2676 de
1482 2617 1638 2695 oportuno
1660 2611 1801 2677 remedio
1824 2611 1934 2694 digna·

419 2736 539 2783 remur.
563 2717 718 2797 Quocirca
740 2718 928 2783 discrecioni
952 2723 1058 2784 vestre
1090 2738 1147 2801 per
1177 2717 1353 2801 apostolica
1383 2718 1502 2800 scripta
1524 2716 1751 2797 mandamaes
1774 2721 1932 2798 quatenus

419 2840 477 2887 ros
501 2822 553 2886 rel
576 2822 658 2888 alter
680 2828 822 2888 vostrum
845 2842 903 2904 per
926 2840 981 2886 vos
1004 2822 1055 2887 vel
1078 2823 1174 2888 alium
1197 2842 1254 2888 scu
1277 2822 1368 2902 ailoe,
1392 2822 1523 2900 vocatis
1548 2821 1602 2902 qui
1625 2819 1745 2885 fuerint
1767 2819 1930 2900 evocandi,

417 2926 548 2993 faciatis
571 2926 674 2992 cidem
696 2927 838 2992 Witkoni
862 2946 959 3010 super·
988 2928 1152 3008 premissis
1182 2928 1309 2993 iusticie
1341 2926 1615 3009 complementum,
1644 2926 1804 2991 attencius
1827 2925 1931 3006 provi·

417 3032 498 3113 suri,
514 3050 555 3097 ne
576 3031 680 3098 dictus
693 3032 800 3098 Witlro
823 3050 881 3115 pro
904 3051 953 3112 eo,
969 3032 1054 3113 quod
1076 3033 1242 3099 adsedem
1265 3033 1400 3099 eandem
1423 3033 1506 3097 sicut
1527 3031 1722 3114 premittitur·
1744 3030 1929 3114 appellavit,

417 3155 479 3219 per
502 3137 622 3202 dictum
645 3136 786 3202 ordinem
809 3136 1007 3216 molestetur,
1031 3139 1282 3204 contradictores
1299 3187 1397 3202 ......
1413 3136 1535 3203 rrrencio
1559 3136 1718 3219 specialis.
1730 3135 1755 3216 ¹)
1789 3137 1829 3202 Ι).
1852 3136 1930 3202 Aui-

415 3243 515 3307 nionc
539 3243 572 3308 II
595 3241 658 3307 kal.
683 3241 772 3307 Junii
795 3262 823 3306 a.
847 3247 948 3307 sexto.

530 3431 680 3487 Clementis
692 3431 729 3487 Vl
740 3434 774 3485 A.
788 3431 854 3503 Vlla
867 3437 923 3497 iuli
937 3432 955 3487 f.
969 3435 1039 3499 aaut,
1052 3432 1206 3488 litterarum
1224 3432 1407 3488 communium
1426 3449 1470 3502 qu.
1486 3438 1543 3485 1:
1553 3431 1585 3486 V.
1600 3435 1651 3484 180
1663 3430 1681 3485 f.
1696 3433 1756 3486 311'
1770 3447 1795 3485 rr.
1811 3436 1886 3487 1016.
1896 3460 1929 3472 -—

414 3524 443 3586 Ι)
464 3524 519 3585 ,ne‘
538 3521 580 3587 A,
604 3536 673 3575 corr.
695 3520 729 3575 ab
749 3518 863 3575 editore.
892 3520 914 3587 bl
935 3520 1088 3587 ,carcerari‘
1107 3525 1149 3588 A,
1175 3537 1244 3575 corr.
1271 3521 1306 3574 ab
1326 3519 1439 3575 editore.
1467 3524 1488 3588 ο)
1513 3517 1684 3588 ,discrecioni
1704 3551 1736 3561 -
1755 3519 1926 3575 mandamus‘

413 3607 510 3676 suppl.
530 3607 558 3661 in
578 3624 662 3674 marg.
682 3610 716 3661 A.
735 3638 769 3647 -
789 3609 809 3677 ¹)
829 3615 858 3661 ut
877 3608 904 3661 iu
923 3624 949 3661 u.
969 3612 1027 3662 888.

409 4098 515 4163 890.
541 4094 703 4159 Iariicibas
724 4096 909 4172 mandatur,
932 4096 1228 4180 quarantaniam
1250 4096 1288 4161 dc
1312 4096 1421 4177 mapa
1447 4095 1485 4161 de
1506 4095 1640 4188 iniuriis·
1658 4100 1688 4161 et
1710 4095 1847 4175 domnis,
1866 4117 1927 4179 per

584 4201 755 4267 Pomdaam
777 4200 815 4265 de
837 4201 972 4267 [bodalus
993 4202 1022 4265 ei
1045 4201 1307 4281 illotis,soci‹1at
1328 4200 1472 4268 iustiliae
1493 4199 1758 4284 conplementum.

457 4389 521 4447 .X.
1330 4431 1333 4435 ⁴
1426 4392 1589 4473 Acinc'oac,
1614 4395 1699 4459 1347
1723 4392 1808 4460 Maii
1827 4396 1881 4462 31.

522 4600 583 4666 Dd.
606 4599 639 4667 ff.
652 4600 757 4668 ¹(dallo
780 4600 820 4666 de
844 4601 1037 4679 Cossorzicu,
1062 4600 1182 4666 ordinis
1204 4600 1338 4666 flauum
1359 4600 1607 4684 Predicatorum,
1628 4605 1808 4686 inquisitori
1830 4605 1923 4671 hero·

402 4710 478 4775 tice
503 4707 671 4789 pravitatis
694 4708 725 4772 in
748 4725 845 4789 regno
868 4707 1008 4785 Boemic,
1031 4710 1065 4769 ot
1086 4705 1181 4770 Petro
1205 4705 1244 4770 de
1266 4704 1411 4785 Byelina,
1427 4706 1538 4773 lectori
1562 4708 1695 4774 fratrum
1718 4710 1921 4778 Leucomeri-

403 4811 567 4892 censium,
590 4811 666 4877 dicti
689 4812 820 4891 ordinis,
843 4811 1012 4894 Pragensis
1035 4810 1181 4891 diocesis,
1198 4829 1223 4875 s.
1247 4810 1339 4893 etc.¹)
1362 4810 1482 4877 Peticio
1506 4813 1535 4878 d.
1559 4813 1580 4879 f.
1604 4813 1715 4879 Jacobi
1739 4813 1779 4879 de
1802 4816 1915 4900 Praga,

401 4916 536 4985 ordinis
565 4916 699 4982 bouum
728 4916 976 4994 Prodicatorum
1009 4915 1100 4980 nobis
1131 4916 1272 4982 exhibita
1303 4916 1495 4997 continebat,
1526 4918 1610 4999 quod
1641 4918 1670 4984 d.
1703 4919 1723 4984 f.
1752 4920 1922 4987 Pomienus

402 5023 452 5088 de
483 5020 632 5101 Problus,
661 5021 749 5103 prior·
778 5019 983 5101 provincialis
1012 5019 1146 5085 fratrum
1177 5020 1298 5086 ordinis
1328 5021 1566 5088 Prodicatorum
1598 5024 1761 5106 provincie
1793 5027 1923 5092 Boemie

403 5125 589 5196 secundnm
618 5144 738 5191 morem
768 5124 869 5207 ipsius
898 5124 1028 5205 ordinis,
1060 5143 1132 5190 eurn
1162 5143 1360 5208 persequens
1390 5125 1509 5207 odiose,
1541 5128 1644 5211 ipsum
1674 5122 1796 5213 absque
1826 5150 1922 5198 causa

402 5230 601 5299 racionabili
630 5249 707 5314 sepe
729 5229 838 5312 sepius
869 5229 909 5294 de
939 5234 1095 5295 conventu
1130 5230 1171 5295 ad
1194 5236 1383 5296 conventum
1405 5231 1506 5314 ipsius
1529 5234 1690 5315 provincie
1712 5236 1918 5318 transferens,

404 5335 498 5405 inira
538 5354 636 5401 nuum
665 5353 781 5401 annum
811 5335 843 5399 in
873 5339 1010 5416 quatuor
1040 5336 1247 5402 conventibus
1282 5335 1366 5400 dicte
1397 5337 1558 5418 provincie
1591 5339 1772 5405 successive
1805 5341 1923 5407 locavit

402 5440 558 5519 eundem,
582 5440 740 5523 quodque,
763 5439 838 5503 dum
862 5438 945 5504 idem
968 5439 1110 5506 lacobus
1133 5460 1230 5523 super
1252 5438 1440 5523 quibusdam
1465 5441 1599 5521 iniuriis,
1616 5442 1714 5509 illatis
1738 5443 1841 5510 eidem
1864 5464 1922 5529 por

402 5546 569 5632 quendam
600 5544 730 5610 iratreru
765 5543 885 5609 ordinis
923 5544 1167 5624 Cruciieroruru,
1209 5548 1312 5629 ipsum
1355 5546 1485 5611 fratrem
1525 5565 1628 5613 coram
1663 5550 1828 5631 superiore
1862 5569 1920 5616 suo

400 5651 564 5718 traxisset
599 5650 630 5713 iu
665 5667 802 5727 causam,
838 5647 921 5712 idem
955 5650 1133 5729 Pomieuus,
1157 5651 1340 5714 muneribus
1372 5658 1548 5733 corruptus,
1573 5652 1731 5734 prolatum
1761 5653 1917 5720 iacobum

402 5756 507 5826 eiecit
530 5774 568 5822 ac
593 5754 652 5822 eici
675 5753 856 5835 procuravit
886 5758 920 5820 ct
942 5753 1019 5821 fecit
1050 5754 1089 5820 dc
1120 5755 1188 5818 loco
1219 5754 1353 5819 fratrum
1384 5756 1599 5837 Pragcnsium,
1635 5751 1863 5836 clodomiris,
1887 5761 1919 5823 in
