5184 7050
553 787 619 852 400

542 993 636 1058 673.
661 991 827 1072 Ladaoioo,
845 995 913 1075 rapi
940 994 1109 1074 Ueneriae,
1126 995 1285 1074 scribitur,
1303 999 1458 1075 quaterem
1474 1016 1577 1074 repom
1594 991 1743 1057 Palaniae
1759 992 1909 1056 inducere
1922 993 2033 1071 stodeat

543 1099 579 1158 at
597 1095 831 1178 procuratores
854 1098 898 1161 ad
915 1120 1027 1180 paoem
1057 1120 1125 1162 aera
1155 1121 1227 1179 repe
1257 1098 1427 1162 Botomiao
1456 1098 1698 1178 reformandam
1725 1097 1862 1162 destinet
1883 1100 1913 1160 et
1934 1097 2035 1160 interim

1002 1208 1130 1284 tramae
1153 1224 1224 1267 earn
1246 1202 1350 1267 eodem
1372 1224 1443 1282 repe
1465 1202 1609 1285 recipiat.

1556 1356 1720 1432 Aoioiooa
1745 1359 1833 1422 1346
1858 1356 1942 1422 Maii
1963 1362 2006 1421 22.

654 1548 689 1612 C.
715 1549 745 1612 in
770 1548 827 1613 Cli.
851 1551 872 1614 f.
896 1550 1069 1629 LuilouieO,
1093 1551 1160 1631 regi
1182 1551 1322 1632 Vagarie
1346 1550 1472 1614 illustri.
1498 1550 1686 1616 Serenitatis
1709 1554 1765 1613 tuo
1787 1548 1910 1613 litteris
1931 1567 2038 1629 respou-

547 1651 671 1715 salibus
695 1653 733 1716 ad
758 1657 893 1730 nostras
918 1673 998 1735 quas
1020 1656 1088 1733 tibi,
1112 1653 1157 1719 fili
1181 1655 1354 1732 uerissime,
1379 1674 1476 1736 super
1505 1654 1681 1731 corneorum,
1711 1655 1795 1718 inter
1823 1654 1999 1718 carissimos
2017 1655 2040 1716 in

548 1755 674 1820 Christo
705 1756 735 1821 u.
769 1777 819 1821 nu.
853 1757 1042 1839 iohannem,
1073 1760 1213 1838 Boemie‚
1245 1765 1278 1822 ot
1309 1759 1512 1836 Kaziuiirum,
1548 1759 1678 1823 Palania
1708 1776 1803 1839 reges
1835 1755 1983 1833 illustres,
2012 1777 2039 1820 a·

547 1860 690 1925 eiusdem
713 1863 797 1943 regis
813 1862 943 1927 Boomie
962 1870 1064 1943 natos,
1082 1864 1274 1928 dissidentes
1292 1863 1436 1940 invisens,
1453 1862 1661 1939 refonnauda,
1678 1863 1798 1926 dudum
1815 1861 2040 1938 destinavimus,

547 1966 650 2028 anieno
674 1964 738 2029 leto
762 1968 899 2048 receptis
922 1973 955 2031 et
978 1969 1134 2032 contentis
1158 1969 1189 2030 in
1213 1968 1260 2032 eis
1284 1967 1472 2048 diligencius
1497 1966 1676 2045 intellectis,
1704 1965 1947 2047 responsionem
1968 1970 2040 2028 tuam

548 2070 631 2149 piam
655 2075 689 2133 et
711 2071 887 2134 benivolam
910 2091 1031 2137 useenou
1055 2079 1087 2136 et
1107 2074 1310 2138 adeeeionem
1327 2073 1491 2149 sinceram,
1509 2090 1602 2152 quiam
1625 2076 1658 2135 te
1681 2071 1801 2135 habere
1824 2069 1912 2133 eirea
1927 2068 2040 2133 eandem

547 2174 778 2237 lefonnamlam
802 2174 1000 2239 eiineordiam
1024 2176 1208 2241 describunt
1228 2176 1532 2254 dietelitte1·e‚eum
1552 2176 1729 2257 graeiarum
1745 2173 1932 2238 accionibus
1954 2171 2042 2235 multi·

547 2276 675 2358 plieiter
707 2279 738 2341 iu
762 2279 887 2343 doniiuo
919 2280 1183 2344 eoriimendamus.
1231 2280 1310 2345 Cum
1343 2285 1449 2343 audem
1479 2279 1580 2343 eidem
1612 2279 1679 2360 regi
1709 2278 1842 2344 Polonie
1876 2278 2041 2349 scribamus,

550 2381 689 2462 quediter
712 2383 854 2464 prelatus
877 2403 933 2447 rex
956 2385 1086 2448 Boemie
1110 2390 1142 2448 et
1162 2384 1190 2447 d.
1208 2384 1228 2447 f.
1245 2383 1360 2448 nobilis
1376 2385 1423 2448 vir
1442 2382 1583 2460 Carolus,
1601 2382 1830 2464 primogenitus
1855 2400 1943 2457 sune,
1959 2400 2042 2462 isuper

549 2486 581 2548 in
603 2492 713 2550 nostra
735 2489 901 2569 presencia
924 2489 1087 2552 constituti
1112 2494 1145 2552 et
1169 2508 1226 2569 per
1241 2506 1297 2552 nos
1314 2506 1410 2569 super
1433 2487 1663 2550 resonnaeione
1685 2485 1870 2551 huiusmodi
1894 2484 2040 2550 eoueordie

549 2590 704 2671 requisiti,
721 2591 811 2654 nobis
831 2591 975 2655 benivole
998 2592 1227 2672 respondentes
1250 2609 1285 2655 se
1308 2591 1463 2654 uoluntati
1487 2594 1519 2653 et
1538 2589 1732 2653 ordinationi
1755 2595 1867 2653 nostre
1890 2589 2041 2670 superlioc

550 2694 675 2758 adieeta
699 2715 781 2775 pena
804 2696 912 2760 ileeem
935 2695 1056 2760 milium
1080 2695 1277 2759 marehanun
1301 2696 1369 2759 auri
1400 2699 1433 2758 et
1455 2695 1631 2757 iuramento
1661 2693 1797 2775 prestito
1821 2694 2040 2767 summiserunt

550 2799 653 2879 ipsum
677 2818 781 2879 regem
806 2798 935 2863 Polonie
959 2801 1117 2864 attentius
1148 2799 1354 2876 exlioitando,
1387 2805 1422 2863 ut
1452 2804 1672 2881 procuratores
1702 2816 1779 2862 suos
1810 2797 1851 2861 ad
1883 2797 2040 2862 faciendam

549 2902 685 2966 similem
708 2904 960 2968 sunonissionem
983 2904 1097 2968 idonea
1121 2908 1279 2984 potestate
1303 2903 1449 2969 suffultos
1472 2904 1600 2968 studeat
1623 2903 1796 2981 destinare,
1829 2903 1958 2966 iuterim
1977 2902 2040 2965 reei-

551 3006 665 3087 piemlo
689 3026 758 3070 oiim
783 3008 915 3089 prelatis
938 3028 1013 3091 rege
1028 3028 1065 3072 ae
1081 3007 1263 3071 niarelrioue
1280 3006 1501 3072 sufferendam
1516 3007 1567 3071 vol
1583 3012 1713 3088 treugas
1737 3024 1843 3088 usque
1865 3007 1907 3070 ad
1925 3006 2040 3070 alieuius

550 3111 759 3192 eonipetontis
782 3113 933 3195 temporis
957 3113 1107 3193 spadum,
1139 3112 1220 3175 infra
1250 3111 1334 3193 quod
1365 3113 1529 3192 negocium
1561 3111 1736 3192 predictum
1768 3130 1827 3192 per
1858 3130 1916 3174 nos
1946 3109 2039 3191 perfici

548 3214 653 3278 valeat
675 3215 781 3296 gracia
803 3214 996 3298 suffragante
1019 3217 1141 3281 divina:
1165 3218 1370 3280 serenitatem
1400 3221 1487 3279 tuam
1512 3233 1657 3296 rogamus
1680 3220 1714 3278 et
1735 3214 1904 3279 hortamur
1925 3215 2035 3295 regiam,

550 3326 706 3399 «putatemus
728 3339 835 3399 regem
858 3320 1015 3400 presatmn
1039 3320 1168 3385 Polonie
1191 3322 1230 3384 ad
1246 3321 1402 3402 premissa
1425 3319 1502 3383 velit
1525 3318 1697 3383 iiifieaeiter
1718 3319 1874 3383 inducere
1897 3324 1951 3382 tua
1966 3318 2035 3398 regia

551 3423 715 3490 eelsitmlo.
740 3424 777 3489 D.
803 3429 838 3488 ut
861 3443 885 3488 s
910 3425 1081 3509 [titiniano
1103 3426 1149 3490 Xl
1173 3426 1235 3488 kal.
1259 3425 1347 3490 lunii
1371 3444 1398 3488 a.
1424 3422 1557 3507 quinte]
1572 3423 1596 3505 ¹)

655 3614 803 3668 Clementis
827 3615 864 3668 VI
890 3615 922 3667 V.
950 3621 997 3667 140
1025 3614 1042 3667 f.
1067 3617 1092 3667 8'
1117 3631 1143 3667 n.
1163 3620 1204 3666 ⁶27.
1226 3644 1257 3653 -
1277 3613 1326 3666 Ed.
1346 3612 1474 3678 Theium,
1494 3613 1558 3666 Mn.
1577 3613 1591 3666 1
1609 3629 1634 3665 ιι.
1655 3617 1730 3679 1077,
1750 3611 1849 3666 Huber
1867 3616 1919 3666 503
1936 3627 1961 3663 ιι.
1978 3616 1998 3662 l.
2016 3637 2034 3646 -

554 3701 572 3764 ¹)
592 3708 621 3753 ut
639 3702 667 3753 in
686 3700 718 3753 V.
737 3706 787 3752 lto
805 3718 831 3754 n.
849 3707 891 3752 2³5.

553 4208 644 4272 674.
669 4205 908 4288 Arotiepiseopo
932 4207 1088 4286 I’rapensi
1111 4206 1293 4281 rirrernlatar,
1316 4206 1470 4284 qnatenus
1497 4204 1631 4266 (laniato
1657 4200 1695 4264 de
1717 4200 1840 4266 Sarroto
1862 4200 1984 4274 Albim,
2008 4194 2039 4259 od

558 4310 718 4389 Uopariao
740 4314 770 4372 et
795 4310 942 4372 I’oloniae
964 4331 1051 4389 repes
1073 4309 1265 4391 apostolieae
1286 4307 1370 4370 sedis
1393 4306 1512 4383 remidio,
1529 4309 1650 4369 oeatmn
1672 4305 1911 4387 quinquaqinta
1923 4305 2039 4390 florenos

895 4414 968 4476 orari
987 4435 1046 4496 pro
1068 4414 1136 4477 sais
1158 4412 1396 4477 oreeessitatibns
1420 4410 1582 4492 assianari
1597 4410 1719 4488 faeiat.

1573 4567 1852 4644 Aoioione‚134b'
1874 4566 1967 4634 Jnnii
1983 4568 2009 4629 3.

657 4744 694 4808 V.
718 4746 739 4809 f.
763 4795 769 4808 .
796 4794 803 4808 .
827 4745 1064 4826 areliiepiseopo
1096 4745 1256 4826 Progensi.
1297 4742 1376 4807 Cum
1407 4742 1436 4806 d.
1468 4742 1489 4806 f.
1517 4741 1655 4805 nobilem
1684 4740 1789 4805 virum
1820 4741 1988 4807 Gamotuin
2011 4736 2040 4799 de

555 4849 690 4926 Albinio,
714 4850 904 4913 seruientem
926 4855 1068 4913 nostrum
1092 4867 1258 4926 ruariorum,
1275 4848 1316 4912 ad
1331 4846 1511 4912 carissimos
1534 4847 1566 4910 in
1583 4844 1710 4910 Christo
1733 4843 1766 4910 ff.
1782 4864 1838 4910 nn.
1855 4846 2041 4911 Ludeuieum

555 4955 701 5035 Vagario,
725 4961 758 5019 et
781 4956 982 5031 Kasimirum,
1006 4954 1136 5019 Polonie
1159 4972 1249 5036 reges
1274 4952 1423 5028 illustres,
1440 4971 1496 5032 pro
1513 4949 1702 5032 quibusdem
1725 4951 1836 5014 eausis
1853 4951 1972 5028 arduis,
1985 4965 2040 5031 lue

554 5059 653 5122 latisin
678 5059 807 5124 l'olonie
831 5079 866 5124 ae
890 5061 1087 5123 ‹tarissimum
1111 5059 1141 5121 in
1166 5057 1291 5121 Cluisto
1315 5057 1335 5120 f.
1360 5076 1389 5120 ιι.
1410 5055 1596 5132 iohannem,
1613 5072 1720 5136 regem
1742 5054 1883 5120 Boemie
1899 5055 2043 5126 illustrat,

554 5169 587 5227 et
610 5164 638 5226 d.
664 5165 684 5228 f.
709 5164 844 5228 nolnlem
868 5166 969 5229 virum
993 5162 1149 5240 Carolum,
1181 5162 1257 5225 dieti
1289 5162 1373 5241 regis
1404 5160 1531 5224 Boomie
1561 5157 1819 5241 primogenitum,
1853 5158 2043 5224 marchionem

555 5269 709 5346 lllorauie,
734 5270 946 5350 tingentibus,
971 5269 1182 5332 destinemus:
1207 5284 1264 5330 uos
1286 5265 1430 5329 volentes
1453 5263 1555 5328 eidem
1579 5263 1713 5328 Gamote
1729 5261 1772 5326 de
1787 5262 1861 5328 suis
1876 5257 2045 5328 necessariis

555 5374 714 5455 provideri
739 5375 898 5452 (leeenter,
926 5373 1158 5437 fraternitatem
1181 5377 1267 5435 tuam
1283 5369 1484 5451 requirimus
1501 5385 1647 5450 rogamus
1666 5373 1701 5431 et
1721 5366 1894 5434 holtamur
1908 5364 2044 5432 annius

554 5479 675 5559 tibique
699 5498 755 5558 per
778 5479 954 5559 apostoliea
978 5477 1096 5558 seripta
1120 5475 1300 5539 distrios-ius
1333 5472 1525 5553 iniungendo
1557 5471 1753 5549 uiandamus,
1777 5477 1941 5553 qnatenus
1962 5469 2045 5534 eidem

556 5584 689 5647 Ganroto
722 5590 848 5647 eentuun
878 5583 1107 5663 quiinquaginta
1141 5580 1276 5643 florenos
1307 5577 1376 5641 ιιιιιί
1408 5596 1487 5654 mox,
1519 5596 1590 5640 eum
1619 5580 1652 5640 te
1674 5576 1906 5657 requirendum
1930 5571 2045 5639 eluserit

556 5690 595 5753 de
618 5694 674 5752 tua
697 5688 829 5768 peeimia
854 5708 910 5768 pro
934 5686 1114 5749 lmiusmodi
1137 5684 1204 5747 suis
1227 5681 1473 5747 necessitatibus
1496 5681 1596 5745 facias
1612 5680 1772 5762 assignari
1795 5679 1971 5752 seusium
1991 5674 2046 5740 ius
