5184 7050
1887 846 1929 911 95

419 1053 489 1134 ipso
527 1054 568 1117 all
601 1054 794 1134 Pragensem
825 1053 995 1118 eeclesiam
1025 1060 1100 1118 tunc
1131 1058 1298 1116 vacantem
1322 1053 1353 1116 in
1377 1052 1464 1117 dicta
1487 1053 1625 1117 eeclesia
1647 1055 1822 1130 obtinebat,
1847 1053 1929 1117 sicut

419 1155 526 1222 adhue
559 1158 724 1238 obtinet,·)
746 1176 805 1239 per
837 1156 1017 1223 huiusmodi
1049 1158 1282 1241 promocionem
1313 1176 1403 1221 suam
1419 1158 1441 1240 ¹)
1466 1162 1499 1222 et
1530 1159 1781 1225 consecracionis
1813 1176 1926 1222 munus

419 1262 660 1343 suscipiendum
683 1261 723 1325 ab
746 1280 783 1325 eo
806 1262 838 1325 in
860 1261 949 1326 brevi
972 1281 1087 1327 vacare
1110 1267 1274 1344 speretur:
1299 1280 1356 1326 nos
1378 1261 1522 1327 volentes
1544 1266 1577 1326 te
1600 1284 1629 1345 p.
1648 1284 1687 1328 m.
1715 1282 1742 1328 o.
1760 1264 1793 1327 in
1816 1261 1928 1325 eadem

420 1364 567 1444 ecelesia,
592 1367 623 1429 in
646 1385 709 1447 qua
732 1366 844 1430 existis
868 1367 1048 1445 eanonicus,
1080 1365 1216 1448 amplius
1245 1365 1402 1430 honorare
1431 1367 1554 1447 tibique
1576 1387 1605 1449 g.
1630 1366 1651 1431 l.
1677 1387 1712 1446 s,
1736 1366 1927 1430 decanatum

419 1469 608 1550 predictum,
632 1468 673 1533 ab
695 1488 788 1551 quem
811 1469 924 1533 decani
948 1469 1049 1550 ipsius
1072 1468 1217 1546 ecclesie,
1237 1469 1292 1550 qui
1309 1469 1437 1533 fuerunt
1452 1489 1509 1550 pro
1525 1475 1678 1552 tompore,
1695 1472 1928 1534 consueverunt

419 1591 477 1654 per
511 1573 704 1638 eleccionem
737 1573 867 1651 assumi,
902 1571 1126 1637 eonferendum
1158 1572 1218 1636 tibi
1253 1592 1278 1636 e.
1303 1591 1331 1637 o.
1355 1574 1376 1637 i.
1400 1578 1434 1636 et
1455 1592 1486 1654 p.
1510 1593 1545 1652 s.,
1569 1575 1802 1656 quamprimum
1837 1572 1926 1636 illurn

420 1677 576 1758 premisso
599 1676 650 1741 vel
671 1677 876 1759 perlapsum
898 1676 1050 1757 temporis
1074 1675 1112 1739 rle
1136 1676 1361 1741 consecrandis
1384 1677 1544 1758 episcopis
1564 1697 1583 1742 a
1600 1678 1774 1742 canonibus
1797 1675 1925 1741 diffiniti

420 1799 476 1844 seu
509 1779 572 1844 alio
603 1781 715 1861 quovis
744 1780 847 1858 modo,
876 1786 1083 1862 preterquam
1112 1798 1170 1861 per
1198 1780 1301 1860 ipsius
1335 1780 1429 1845 electi
1453 1782 1584 1860 obitum,
1608 1800 1724 1847 vacare
1748 1781 1926 1863 contigerit,

419 1889 507 1950 motu
523 1884 662 1965 proprio,
678 1902 740 1948 non
756 1884 797 1948 acl
812 1890 901 1948 tuam
924 1884 976 1947 vel
998 1883 1132 1948 alterius
1155 1902 1212 1965 pro
1235 1887 1268 1947 te
1291 1885 1383 1950 nobis
1406 1886 1513 1951 oblate
1535 1887 1704 1967 peticionis
1727 1884 1926 1962 instanciam,

420 1987 477 2051 secl
501 1987 541 2051 de
564 2005 652 2051 mera
674 1992 784 2051 nostra
806 1986 1001 2051 liberalitate
1025 1986 1191 2051 collacioni
1207 1993 1240 2051 et
1255 1987 1461 2067 disposicioni
1477 1995 1586 2054 nostre
1601 1993 1634 2053 et
1650 1989 1736 2054 sedis
1752 1987 1927 2070 apostolice

418 2090 479 2154 hae
502 2092 572 2155 vice
595 2092 788 2156 auctoritate
811 2091 987 2172 apostolica
1011 2090 1196 2172 specialiter
1222 2109 1445 2156 reservamus.
1464 2143 1471 2156 .
1489 2143 1521 2157 ..
1567 2093 1606 2157 D.
1630 2092 1788 2157 Aninione
1810 2090 1839 2154 X
1861 2090 1925 2156 kal.

420 2193 541 2275 Aprilis
565 2212 593 2257 a.
618 2195 728 2275 primo.

523 2298 611 2362 Ine.
635 2317 675 2362 m.
699 2298 750 2362 rld.
774 2297 854 2364 ff...
886 2299 1142 2363 Breunouiensis
1175 2304 1255 2363 et..
1292 2299 1412 2365 Montis
1446 2301 1540 2382 Syon,
1575 2301 1746 2383 Progensis
1780 2301 1926 2380 diocesis,

419 2404 684 2467 monasteriorum
703 2403 874 2467 abbatibus
897 2422 935 2467 ac
957 2402 1095 2467 iohanni
1121 2402 1160 2466 de
1183 2403 1332 2483 Pistorio,
1356 2406 1507 2470 canonico
1531 2405 1739 2483 Traiectensi,
1752 2422 1777 2469 s.
1793 2409 1926 2469 ete.....

419 2505 457 2569 D.
482 2509 518 2569 ut
541 2525 565 2570 s.

523 2658 674 2713 Clementis
692 2658 730 2711 Vl
748 2662 773 2713 A
792 2660 850 2730 llll
872 2660 926 2729 (66)
946 2658 964 2712 f.
983 2666 1032 2713 321
1053 2677 1079 2713 n.
1098 2666 1157 2727 240,
1177 2659 1210 2713 (le
1229 2661 1408 2728 dignitatibus
1427 2663 1563 2717 vacaturis
1582 2678 1627 2730 qu.
1647 2668 1678 2716 13
1693 2662 1771 2716 :V.
1786 2662 1927 2718 1121381

419 2761 444 2798 u
462 2749 522 2798 240.
547 2776 575 2786 -
602 2747 625 2811 ι)
645 2745 725 2813 ,sieut
742 2745 833 2800 adhue
850 2745 962 2799 obtinet‘
981 2746 1010 2799 in
1027 2745 1149 2814 margine
1169 2745 1327 2814 suppletum
1346 2750 1379 2801 Δ.
1398 2780 1431 2788 -
1452 2752 1471 2815 ¹)
1490 2748 1552 2804 vide
1570 2765 1597 2802 n.
1617 2748 1927 2820 ros,dd.np.villa1n-

419 2848 524 2901 noram,
545 2838 612 2886 1343
631 2831 725 2886 Martii
743 2839 767 2885 3.

1070 2995 1274 3004 .—

421 3322 510 3387 173.
546 3320 715 3386 Gaillelme
749 3322 877 3403 Roperii
910 3326 1090 3386 reservatur
1123 3322 1265 3387 custodio
1296 3323 1446 3388 ecelesiae
1476 3326 1659 3406 Propensis,
1681 3348 1764 3408 quoe
1785 3329 1820 3392 ia
1841 3327 1926 3393 brevi

817 3447 934 3490 vocure
955 3431 1113 3508 speratur.
1164 3427 1274 3490 Formo
1299 3432 1334 3489 at
1357 3429 1390 3490 in
1414 3451 1443 3492 a.
1472 3431 1518 3491 11.

460 3617 580 3683 Gratis.
1393 3620 1557 3697 Arinioae,
1583 3622 1665 3686 1343
1690 3624 1805 3687 lllortii
1825 3626 1879 3689 23.

520 3810 560 3873 D.
584 3809 605 3874 f.
630 3808 800 3873 Guillelmo
824 3810 962 3892 Rogerii,
987 3811 1138 3875 canonico
1162 3812 1373 3889 Narbonensi,
1390 3829 1414 3874 s.
1432 3818 1492 3876 etc.
1516 3812 1677 3877 Nobilitas
1699 3815 1848 3895 generis.
1866 3866 1872 3879 .
1891 3867 1897 3879 .
1916 3866 1923 3879 .

414 3915 495 3981 Cum
534 3916 643 3995 itaque
678 3932 779 3995 nuper
809 3914 838 3979 l.
870 3914 891 3979 f.
922 3915 1043 3979 Thobie
1077 3916 1236 3995 quomlam
1265 3915 1423 3980 Janlronis
1457 3915 1496 3980 lle
1527 3917 1740 3999 Wstepenicn,
1772 3920 1923 3984 canonico

412 4018 579 4101 Pragensi,
611 4018 651 4081 de
682 4018 838 4083 draeanntu
869 4018 1004 4082 ecclesie
1035 4019 1215 4100 ProgensiS,
1247 4020 1302 4100 qui
1331 4024 1408 4084 tune
1437 4022 1590 4102 temporis
1613 4023 1815 4103 sperabatur,
1839 4025 1923 4088 sieut

407 4124 520 4189 arllruc
543 4127 701 4204 speratur,
727 4123 758 4185 in
779 4123 869 4186 laevi
892 4141 1016 4200 vacare,
1039 4141 1098 4203 per
1120 4127 1246 4187 nostras
1270 4124 1348 4187 corti
1372 4125 1491 4188 tenoris
1515 4125 1641 4190 litteras
1667 4126 1922 4192 mandaverimus

405 4226 615 4310 p1·ovi‹leri,¹)
633 4228 666 4290 et
681 4229 851 4307 propterea
868 4226 1013 4290 custodia
1029 4226 1130 4308 ipsius
1154 4228 1299 4306 ecclesie,
1320 4247 1414 4308 quam
1437 4228 1582 4311 prelatus
1605 4230 1743 4294 Thebias
1763 4232 1794 4295 in
1811 4232 1922 4295 eadem

405 4330 553 4396 ecelesia
587 4330 719 4408 obtinet,
730 4329 755 4410 ²)
789 4332 1021 4412 quamprimum
1056 4331 1139 4395 idem
1162 4332 1302 4397 Tlrobias
1325 4336 1399 4414 post
1421 4334 1634 4413 provisionem
1656 4333 1838 4399 huiusmodi
1861 4335 1922 4399 sibi

405 4435 532 4500 factam
567 4435 608 4498 ale
641 4435 799 4498 decanatu
833 4434 977 4515 predicto
1011 4434 1113 4515 ipsius
1148 4435 1323 4500 draeanatus
1361 4438 1594 4518 possessionem
1628 4437 1794 4522 pacificam
1824 4437 1923 4504 fuerit

405 4544 593 4616 assecutus,
616 4557 731 4603 vacare
754 4543 910 4619 speretur,
927 4556 984 4603 nos
1007 4538 1150 4603 volentes
1165 4540 1225 4603 tibi
1241 4558 1270 4620 p.
1287 4544 1310 4604 t.
1327 4559 1366 4603 m.
1385 4561 1412 4606 o.
1429 4561 1457 4624 g.
1475 4541 1496 4605 f.
1513 4560 1549 4620 s,
1565 4541 1723 4622 prefatam
1743 4543 1920 4607 custodiam

407 4641 638 4707 conferendam
668 4641 728 4706 tibi
751 4661 776 4705 e.
802 4661 829 4706 o.
855 4643 874 4705 i.
899 4648 984 4723 etp.
1009 4660 1045 4721 s.,
1070 4644 1301 4726 quamprimum
1332 4645 1420 4709 illam
1449 4647 1604 4726 premisso
1635 4647 1685 4711 vel
1716 4648 1828 4727 quovis
1858 4647 1921 4710 alio

406 4746 515 4824 modo,
538 4754 743 4827 preterquam
765 4766 824 4830 per
846 4747 947 4828 ipsius
970 4746 1090 4811 Thobie
1114 4748 1243 4825 obitum,
1268 4768 1383 4812 vacare
1400 4751 1605 4832 contingeret,
1627 4752 1793 4816 collacioni
1809 4756 1842 4815 et
1858 4751 1922 4814 dis-

409 4850 570 4931 posicioni
601 4855 708 4914 nostre
739 4856 772 4915 et
802 4851 888 4915 sedis
919 4850 1094 4934 apostolice
1124 4850 1184 4916 hae
1216 4853 1283 4915 vice
1312 4857 1400 4918 motu
1431 4854 1568 4936 proprio,
1600 4874 1661 4918 non
1692 4855 1732 4918 all
1760 4860 1849 4920 tuam
1871 4856 1922 4920 vel

410 4955 547 5019 alterius
562 4973 620 5035 pro
635 4959 669 5019 te
685 4973 781 5036 super
796 4955 855 5018 boc
871 4956 961 5019 nobis
978 4956 1085 5019 oblate
1100 4956 1268 5036 peticionis
1285 4958 1484 5036 instanciam,
1501 4958 1556 5022 secl
1573 4959 1612 5022 cle
1628 4978 1715 5023 ruera
1727 4960 1922 5024 liberalitate

413 5062 524 5121 nostra
548 5058 734 5139 specialiter
754 5076 978 5122 reservamus.
997 5110 1003 5122 .
1022 5110 1053 5123 ..
1090 5060 1128 5123 D.
1153 5060 1311 5124 Auirrione
1335 5060 1364 5123 X
1388 5061 1450 5125 kal.
1475 5063 1595 5143 Aprilis
1620 5083 1647 5127 a.
1671 5065 1783 5145 primo.

518 5161 555 5225 In
586 5181 612 5226 e.
637 5180 682 5225 ιιι.Ι
701 5161 752 5226 ‹lrl
776 5162 807 5228 ff.
825 5213 856 5226 ..
884 5163 1141 5227 Breuuouiensis
1175 5168 1255 5227 et..
1294 5164 1413 5229 Montis
1447 5185 1536 5247 syon,
1572 5168 1741 5248 pragensis
1775 5168 1921 5245 diocesis,

414 5267 679 5328 monasteriorum
710 5266 880 5330 abbatibus
912 5286 949 5330 ae
979 5266 1118 5330 Jolranni
1149 5266 1188 5330 oe
1220 5268 1369 5347 Pistorio,
1400 5272 1551 5335 canonico
1580 5272 1788 5351 Traiectensi,
1812 5291 1836 5337 s.
1861 5277 1921 5337 ete.

417 5369 556 5432 .....D
581 5375 617 5433 ut
640 5387 665 5432 s.

520 5538 668 5593 Clementis
682 5539 719 5593 Vl
732 5542 755 5592 Α
770 5541 810 5610 111
825 5544 880 5609 (56)
894 5542 912 5595 f.
927 5547 986 5607 483,
999 5541 1033 5595 de
1046 5541 1186 5596 benelieiis
1205 5543 1364 5598 vacantibus
1383 5562 1427 5614 qu.
1449 5551 1480 5598 12
1490 5566 1523 5598 :
1534 5546 1565 5599 V.
1587 5553 1634 5599 147
1653 5547 1672 5600 f.
1691 5549 1751 5600 ’Μ’
1770 5565 1796 5601 ιι.
1815 5553 1874 5600 660.
1888 5578 1921 5586 -

420 5624 438 5689 ¹)
457 5624 517 5679 vide
536 5642 609 5679 num.
630 5632 687 5678 ¹7⁶2.
725 5631 745 5692 ²)
766 5627 826 5680 virle
846 5645 918 5681 num.
938 5637 961 5681 b.
