5184 7050
544 869 588 936 54

543 1077 705 1142 solucione
717 1078 834 1141 iurium
846 1077 977 1141 nuncios
989 1094 1045 1141 seu
1058 1075 1182 1156 legatos
1206 1074 1292 1138 sedis
1308 1074 1493 1155 apostolice,
1510 1074 1782 1157 metropolitanos,
1806 1093 1863 1138 nos
1879 1081 1912 1138 et
1927 1079 2055 1139 nostros

546 1199 746 1247 successores
777 1180 1031 1262 contingencium
1061 1180 1100 1244 ab
1132 1180 1276 1244 ecclesiis
1305 1180 1490 1244 memoratis
1520 1179 1694 1244 earundem
1722 1184 1874 1258 rectores,
1912 1180 1969 1261 qui
1999 1198 2055 1261 pro

545 1290 689 1368 tempore
711 1283 840 1363 fuerint,
865 1284 1027 1365 contingat
1049 1283 1180 1347 nimium
1203 1283 1381 1364 aggravari,
1404 1281 1559 1361 volumus,
1584 1283 1782 1347 decernimus
1805 1286 1839 1346 et
1861 1282 2056 1360 ordinamus,

546 1395 680 1470 utrum
701 1389 810 1470 aliqua
831 1406 888 1470 pro
911 1386 1032 1451 eisdem
1054 1386 1180 1467 legatis,
1204 1385 1467 1468 metropolitanis,
1490 1387 1582 1451 nobis
1606 1390 1662 1450 aut
1684 1386 1802 1450 nostris
1818 1386 2058 1452 successoribus

548 1514 567 1560 a
588 1494 743 1577 predictis
765 1493 911 1557 ecclesiis
933 1490 1052 1556 fuerint
1075 1488 1310 1570 exsolvendal)
1341 1490 1382 1553 ad
1413 1489 1606 1555 solucionem
1637 1489 1808 1554 eorundem
1838 1508 1969 1554 onerum
1992 1509 2058 1555 une

547 1618 618 1664 cum
641 1598 856 1679 predictarum
879 1596 1086 1661 ecclesiarum
1108 1594 1286 1659 rectoribus
1309 1612 1368 1676 per
1389 1595 1529 1660 medium
1559 1594 1759 1659 contribuere
1789 1594 1944 1659 debeatis.
1991 1594 2058 1660 Nos

548 1721 675 1784 quoque
688 1701 807 1767 Ienczo
824 1700 964 1764 decanus
979 1704 1012 1764 et
1027 1698 1125 1765 Sboro
1141 1698 1324 1780 prepositus
1341 1717 1378 1762 ac
1394 1697 1570 1780 capitulum
1585 1698 1670 1764 dicte
1686 1697 1907 1764 Olomucensis
1921 1699 2059 1763 ecclesie

549 1825 646 1888 super
667 1806 832 1888 premissis
855 1804 1000 1869 omnibus
1022 1801 1132 1866 habito
1154 1805 1295 1866 tractatu
1319 1807 1355 1867 ut
1376 1803 1574 1885 premittitur
1599 1802 1784 1866 solemniter
1803 1802 1950 1884 diligenti
1973 1801 2058 1866 dicte

550 1910 717 1974 donacioni
739 1913 772 1973 et
795 1908 991 1973 concessioni
1015 1924 1180 1971 assensum
1203 1911 1346 1971 nostrum
1375 1906 1561 1988 prebuimus
1589 1905 1771 1971 benivolum
1800 1911 1833 1970 et
1854 1906 2059 1988 presentibus

550 2014 751 2078 assentimus.
775 2014 813 2077 In
836 2031 969 2094 quorum
991 2010 1131 2076 omnium
1154 2011 1371 2076 testimoninm
1394 2017 1427 2076 et
1449 2011 1633 2076 memoriam
1650 2011 1876 2092 sempiternam
1891 2013 2059 2090 presentes

550 2115 677 2181 litteras
700 2122 879 2182 nostrorum
902 2116 1044 2197 episcopi
1067 2120 1100 2179 61
1123 2113 1257 2195 66611611
1284 2114 1398 2197 sigillis
1421 2114 1491 2179 lieri
1520 2114 1654 2180 fecimus
1684 2115 1901 2179 communitas.
1940 2113 2060 2177 Datum

552 2220 584 2283 in
603 2219 765 2298 Olomucz,
783 2239 864 2284 anno
881 2220 999 2284 domini
1013 2219 1181 2284 millesimo
1197 2220 1421 2285 trecentesimo
1436 2221 1586 2285 vicesimo
1599 2226 1699 2297 sexto,
1715 2219 1766 2284 III
1782 2236 1882 2282 nonas
1898 2217 2024 2282 Marcii.
2036 2216 2059 2296 1)

550 2324 639 2391 Nulli
662 2342 736 2406 ergo
760 2324 884 2388 omnino
907 2322 1068 2387 hominnm
1090 2322 1188 2387 liceat
1210 2322 1292 2387 hanc
1314 2324 1464 2405 peginam
1487 2330 1594 2388 nostre
1618 2321 1870 2388 confirmacionis
1886 2321 2059 2403 infringere

552 2429 601 2493 vel
624 2428 655 2492 ei
678 2447 760 2493 ausu
788 2428 958 2492 temerario
989 2427 1156 2491 contraire.
1203 2426 1236 2493 Si
1266 2428 1340 2507 quis
1371 2431 1478 2492 autem
1507 2428 1567 2491 hoc
1598 2432 1790 2507 attemptare
1817 2426 2058 2508 presumpserit,

552 2532 804 2614 indignacionem
827 2532 1052 2612 omnipotentis
1075 2531 1127 2595 dei
1149 2537 1182 2594 et
1204 2530 1370 2596 beatorum
1392 2532 1480 2596 Petri
1503 2536 1536 2597 et
1559 2531 1661 2609 Pauli,
1682 2530 1897 2612 apostolorum
1919 2529 2000 2607 eius,
2025 2546 2061 2593 se

552 2637 676 2702 noverit
705 2636 915 2700 incursmnm.
962 2635 1001 2699 D.
1033 2634 1119 2715 apud
1148 2634 1393 2714 Villamnouam,
1423 2636 1461 2699 A.
1486 2636 1526 2714 d,
1550 2635 1629 2701 VIII
1660 2634 1724 2699 kal.
1756 2631 1952 2713 Septembris
1975 2651 2005 2713 p.
2031 2651 2062 2697 n.

554 2761 582 2807 6.
606 2759 717 2824 611166.

656 2911 794 2980 originale
813 2927 874 2965 cum
901 2909 977 2965 bulla
1002 2910 1133 2978 plumbea
1155 2908 1302 2963 Clementis
1320 2924 1411 2979 papae
1429 2907 1466 2963 VI
1484 2910 1512 2963 in
1532 2909 1578 2965 filo
1602 2912 1689 2967 serico
1713 2911 1742 2965 in
1765 2911 1884 2966 archivio
1902 2911 2062 2966 Vorlicenei

553 3017 579 3053 n.
598 3006 639 3066 11,
658 3000 737 3067 66616
754 2998 783 3052 in
800 2997 899 3051 Museo
923 2996 1001 3065 regni
1026 2994 1183 3050 Bobemiae.
1219 2995 1368 3064 Reperitur
1385 2994 1413 3048 in
1432 2996 1555 3064 registris
1574 2998 1598 3050 A
1617 2998 1678 3069 Isiu
1697 3004 1751 3062 167)
1770 2998 1789 3054 f.
1809 3004 1842 3052 61
1861 3014 1887 3052 n.
1907 3003 1949 3065 66,
1968 2997 2058 3053 diver·

552 3101 644 3140 sarum
662 3085 810 3139 formarum
828 3101 873 3153 qu.
891 3083 1054 3137 a:v.1sc
1072 3082 1090 3136 f.
1113 3086 1197 3135 17811
1225 3085 1270 3134 66.
1289 3080 1400 3135 Editum
1418 3081 1447 3135 in
1466 3082 1552 3136 CDM.
1570 3084 1620 3138 VII
1638 3101 1664 3139 n.
1683 3090 1734 3137 436
1753 3100 1787 3139 ex
1806 3088 1835 3137 V.
1852 3090 1908 3151 166,
1926 3084 1955 3138 in
1973 3084 2067 3140 RBM.

553 3171 626 3227 IVn.
646 3176 713 3226 1166
731 3188 765 3225 ex
783 3170 918 3239 originali.
951 3168 1173 3224 Taxatioaddita
1190 3184 1225 3223 61
1242 3171 1266 3221 A
1283 3170 1342 3237 illa
1362 3168 1426 3236 (67).
1447 3199 1478 3207 -
1505 3170 1648 3239 o),graciu‘
1663 3169 1708 3225 Or.
1734 3170 1759 3237 b)
1771 3171 1889 3238 ,6116616ι
1898 3174 1932 3224 A.
1960 3172 2064 3241 ⁰),hec‘

554 3261 586 3313 A.
613 3260 637 3326 ι1)
650 3258 922 3326 ,1116116661116116111Ι
950 3259 972 3325 0)
984 3257 1126 3323 ,similiter‘
1138 3260 1171 3310 A.
1198 3258 1415 3326 s),snbportare‘
1427 3259 1460 3311 A.
1488 3259 1512 3325 1)
1532 3257 1657 3312 (16661111
1675 3260 1709 3312 A.
1736 3259 1761 3325 h)
1781 3258 1955 3325 ,6161661166ι
1971 3258 2062 3314 Or.-

556 3349 575 3413 1)
597 3351 663 3398 iaec
685 3345 779 3400 Martii
798 3350 821 3411 6,
842 3344 1034 3399 6611111116.
1055 3344 1097 3397 111
1115 3360 1141 3398 n.
1163 3347 1238 3398 1166.

553 3765 618 3832 92.
643 3763 748 3826 Priori
762 3767 792 3826 61
807 3762 973 3842 fratribus
988 3761 1155 3844 Sepulchri
1177 3761 1327 3826 dominici
1340 3762 1602 3842 Jerosolimitum',
1618 3763 1740 3828 ord-inis
1757 3767 1864 3829 suncti
1879 3765 2064 3846 1166161161,

557 3867 737 3933 conceditur
758 3865 866 3931 littero
891 3867 1132 3963 66116616616116.
1164 3866 1279 3929 Formo
1302 3865 1768 3951 161661111616611166111166
1791 3869 1917 3933 omissis
1940 3891 2012 3935 cum
2036 3893 2064 3936 a

1187 3969 1432 4035 1966666161.

620 4055 646 4249 ξ
1309 4125 1406 4209 Apud
1436 4125 2020 4210 161666161616461166611128.

664 4318 700 4382 V.
725 4317 796 4383 1...
821 4317 1060 4400 archiepiscopo
1077 4318 1312 4400 Griezmensi·)
1336 4325 1368 4384 et
1392 4318 1444 4384 dd.
1467 4319 1497 4385 ff.
1516 4370 1548 4384 ..
1573 4321 1683 4386 abbati
1697 4321 1884 4387 monasterii
1900 4321 1940 4385 de
1956 4322 2064 4400 Porta,

559 4422 831 4504 Nuemburgensis
854 4422 1001 4500 diocesis,
1025 4440 1112 4486 66..
1137 4423 1257 4487 decano
1281 4425 1417 4489 ecclesie
1440 4425 1611 4506 Pragensis
1629 4444 1653 4491 s.
1671 4431 1730 4490 etc.
1752 4425 1906 4490 Militanti
1931 4425 2067 4491 ecclesie

559 4535 628 4592 lieet
650 4533 788 4591 immeriti
808 4531 981 4604 disponente
998 4533 1115 4591 donnno
1130 4534 1325 4608 presidentes,
1342 4535 1421 4592 circa
1437 4552 1536 4593 curam
1559 4536 1748 4594 eeclesiarum
1771 4540 1801 4592 et
1823 4536 2067 4594 monasteriorum

561 4639 686 4695 omnium
710 4637 835 4696 solercia
857 4635 1007 4694 reddimur
1028 4635 1176 4694 indefessa
1199 4638 1319 4712 soliciti,
1343 4645 1375 4695 ut
1398 4640 1481 4696 iuxta
1508 4640 1637 4698 debitum
1670 4640 1828 4712 pastoralis
1851 4637 1943 4698 officii
1966 4656 2067 4699 eorum

559 4758 746 4798 occurramus
759 4740 920 4811 dispendiis
935 4746 965 4797 et
980 4738 1163 4812 profectibus
1180 4741 1278 4799 divina
1294 4749 1473 4814 cooperante
1481 4734 1508 4815 1’)
1521 4744 1679 4802 clemencia
1695 4744 1855 4802 salubriter
1868 4743 2066 4802 intendamus.

561 4838 645 4903 Sane
668 4837 718 4900 dd.
742 4835 824 4901 11...
848 4838 963 4917 prioris
987 4840 1019 4899 et
1042 4835 1177 4901 fratrum
1201 4838 1346 4919 Sepulcri
1369 4839 1519 4906 dominici
1542 4841 1804 4920 Jerosolimitani,
1828 4841 1948 4906 ordinis
1964 4843 2068 4907 sancti

560 4942 740 5022 Augustini,
776 4941 1003 5022 conquestione
1037 4942 1247 5022 percepimus,
1279 4951 1357 5021 quod
1387 4952 1518 5010 nonnulli
1549 4951 1775 5025 archiepiscopi,
1805 4952 1936 5025 episcopi
1959 4952 2068 5024 aliique

561 5052 751 5110 eeclesiarum
774 5053 881 5125 prelati
904 5057 934 5108 et
957 5051 1058 5110 clerici
1081 5069 1115 5111 ac
1138 5054 1338 5112 ecclesiastice
1361 5072 1486 5127 6616666
1509 5060 1568 5113 1161
1592 5055 1728 5127 religiose
1752 5072 1837 5127 quam
1862 5054 1954 5112 eciam
1985 5071 2070 5113 6666·

561 5157 651 5216 16166
668 5173 781 5214 666666
813 5158 910 5230 duces,
942 5157 1137 5231 marchiones,
1161 5159 1291 5232 comites,
1316 5158 1451 5232 barones,
1474 5159 1598 5232 nobiles,
1621 5160 1729 5217 milites
1752 5163 1782 5215 et
1803 5158 1882 5232 laici,
1905 5160 2071 5217 communia

562 5260 722 5333 civitatum,
739 5261 946 5318 universitates
969 5262 1153 5336 oppidorum,
1169 5267 1344 5336 castrorum,
1359 5261 1493 5319 villarum
1509 5267 1539 5319 et
1554 5262 1678 5320 aliorum
1693 5263 1824 5320 locorum
1847 5266 1877 5320 et
1892 5262 1950 5320 alie
1970 5263 2069 5337 singu·

562 5363 639 5419 lares
662 5378 788 5433 persone
812 5364 963 5422 civitatum
986 5371 1015 5423 et
1031 5364 1191 5423 diocesinm
1206 5383 1241 5422 ac
1256 5365 1380 5423 aliarum
1395 5366 1527 5438 parcium
1543 5366 1723 5424 diversarum
1740 5370 1922 5438 occuparunt
1937 5369 1967 5422 et
1983 5382 2069 5423 occu·

564 5465 629 5537 pari
651 5464 785 5523 lecerunt
806 5467 967 5541 prioratus,
990 5469 1204 5542 preposituras,
1221 5469 1373 5543 ecclesias,
1390 5469 1526 5542 capellas,
1541 5468 1709 5543 hospitalia,
1730 5474 1836 5543 castra,
1852 5468 1937 5526 villas
1961 5474 1991 5526 et
2013 5469 2072 5527 alia

565 5679 663 5731 torum
678 5689 713 5730 ac
729 5675 820 5732 eciam
836 5674 974 5750 decimas,
991 5693 1106 5750 census,
1122 5675 1255 5734 redditus
1271 5682 1302 5734 et
1316 5680 1485 5749 proventus,
1502 5692 1620 5751 pascua,
1637 5693 1766 5750 nemora,
1782 5682 1879 5751 prata,
1895 5675 2071 5749 molendina,

564 5783 658 5850 ortos,
682 5777 793 5853 vineas,
815 5780 969 5855 piscarias,
993 5778 1121 5855 flumina,
1155 5782 1294 5855 maneria,
1330 5781 1449 5854 casalia,
1483 5781 1656 5852 lapidicinos
1691 5789 1721 5839 et
1752 5781 1891 5839 nonnulla
1913 5781 1971 5838 alia
1994 5780 2073 5839 bona
