5184 7050
544 834 610 909 442

543 1041 632 1108 738.
655 1038 762 1104 Aldus
784 1038 969 1104 nwncetcrit
990 1039 1026 1103 ia
1049 1039 1152 1104 Labie
1165 1040 1189 1120 ¹)
1213 1044 1243 1104 ct
1273 1040 1308 1104 ia
1338 1040 1494 1107 Badissiu
1527 1062 1566 1106 nc
1602 1041 1820 1123 Glopovicasie
1852 1042 2050 1109 ecclesiaram

542 1144 663 1219 decani,
697 1143 930 1218 Peruenicueis,
954 1144 1127 1208 Maroneia
1157 1148 1187 1208 ct
1218 1144 1475 1211 Vretialaeicusie
1502 1145 1681 1225 timoratum,
1716 1148 1954 1212 corretituuutar
1984 1168 2050 1213 eorr-

543 1253 718 1313 aerrntoree
751 1247 876 1312 druis
910 1252 939 1311 d
969 1253 1135 1313 marcatus
1171 1249 1357 1313 monasterii
1390 1249 1429 1313 dc
1458 1250 1629 1331 meuse)
1668 1251 1889 1317 lietercieasis
1924 1251 2052 1326 ordinis,

551 1351 811 1418 Vretr‘slcoiensr's
844 1351 985 1428 diocese
1017 1371 1115 1434 usque
1144 1353 1179 1418 in
1207 1353 1388 1418 triennium.
1428 1354 1481 1432 ,D.
1504 1353 1661 1421 mutuom
1684 1355 1764 1421 llll
1779 1354 1845 1422 tul.
1870 1356 2051 1420 Novembris

1001 1478 1031 1522 a.
1056 1458 1185 1538 quieto!
1230 1458 1346 1522 Formo
1367 1461 1404 1521 at
1426 1458 1461 1522 in
1483 1478 1513 1523 a.
1537 1460 1590 1525 92.

585 1593 647 1789 ΗΞ(
1490 1665 1653 1747 Aoiaioae,
1676 1670 1764 1733 1346
1789 1666 1936 1734 Octobris
1958 1670 2010 1733 29.

647 1932 796 1987 Clementis
814 1932 904 1987 VIA.
923 1930 975 2002 Vlo
994 1937 1049 2002 (89)
1068 1931 1087 1987 l.
1106 1937 1157 1989 289
1178 1949 1204 1987 n.
1225 1937 1266 2000 28,
1286 1932 1320 1987 de
1340 1933 1552 1987 conservatoriis
1571 1949 1615 2001 qa.
1637 1941 1697 1987 1:
1711 1934 1743 1989 V.
1766 1938 1815 1987 lto
1834 1933 1853 1987 l.
1873 1939 1907 1989 36
1926 1949 1953 1987 n.
1966 1939 2046 1988 28.-

544 2020 609 2090 Reg.
628 2020 657 2074 in
677 2019 784 2073 ZVGA.
803 2018 959 2073 Schlesiens
978 2018 1063 2087 XXV,
1082 2024 1141 2073 ³00.
1160 2049 1192 2058 -
1220 2021 1243 2088 ¹)
1262 2018 1392 2085 ,Lubens‘
1411 2020 1444 2072 A.
1465 2050 1497 2058 -
1519 2022 1538 2086 ¹)
1556 2020 1585 2073 in
1603 2020 1743 2089 provincia
1767 2019 1951 2075 Poananiensi
1976 2021 2047 2089 regni

541 2107 696 2174 Bornssiae,
714 2123 768 2161 non
787 2112 879 2160 autem
899 2106 1004 2170 ,Lubin
1023 2106 1051 2159 in
1070 2105 1220 2173 Galizien“,
1239 2111 1270 2160 at
1287 2106 1316 2159 in
1334 2105 1442 2159 ZVGA.
1460 2105 1616 2161 Schlesiens
1634 2122 1685 2176 per
1703 2122 1826 2162 errorem
1845 2107 1958 2176 legitur.

546 2815 636 2884 739.
661 2813 803 2894 eudo,
826 2834 884 2879 rea
906 2812 1086 2893 Belemine
1109 2812 1301 2892 nominatur,
1325 2812 1541 2892 decumum,
1565 2809 1750 2876 declaratur
1771 2814 1802 2875 ct
1824 2812 2002 2877 comitur
2020 2812 2051 2875 ir

1120 2937 1223 2999 repom
1247 2919 1472 2993 Romanorum.

1470 3082 1634 3160 Aetnam,
1656 3084 1744 3148 1346
1766 3081 1959 3149 Namare
1980 3085 2011 3150 6.

649 3337 684 3403 C.
708 3338 740 3402 in
763 3337 820 3402 Ch.
843 3336 865 3401 f.
890 3335 1016 3417 Cerolo,
1038 3337 1106 3419 regi
1128 3336 1342 3402 Romanorum
1365 3335 1492 3414 illustri,
1516 3354 1540 3400 s.
1561 3341 1621 3401 etc.
1647 3335 1807 3401 Romanus
1830 3337 1987 3418 pontifex,
2002 3336 2047 3400 cui

545 3462 599 3508 rex
623 3444 790 3523 eternus·)
816 3445 849 3505 et
871 3458 1012 3506 summus
1034 3441 1066 3505 in
1090 3458 1227 3524 persona
1247 3440 1334 3505 beati
1357 3439 1444 3505 Petri
1467 3438 1613 3523 apostoli,
1648 3443 1759 3504 eterne
1792 3440 1860 3504 vite
1895 3439 2049 3524 clavigeri,

545 3548 673 3614 celestis
696 3546 790 3611 simul
812 3551 845 3610 et
867 3547 987 3611 terreni
1011 3548 1081 3611 iura
1099 3546 1223 3628 imperii
1240 3551 1272 3610 et
1287 3544 1517 3628 plenitudinem
1539 3540 1748 3626 potestatia⁸)
1773 3546 1945 3624 concessit,
1960 3564 2050 3629 snpra

546 3658 676 3719 cunctos
698 3650 810 3717 fideles
833 3669 890 3717 sue
914 3670 989 3716 cure
1013 3651 1196 3716 commissos
1219 3649 1388 3733 invigilans
1411 3655 1444 3714 et
1466 3649 1645 3728 intendens,
1662 3650 1747 3714 circa
1762 3668 1811 3728 ea,
1827 3668 1893 3733 que
1909 3648 2049 3716 fidelibus

545 3758 624 3842 ipsis
646 3755 800 3839 ampliora
821 3756 910 3837 pacis
933 3761 965 3820 et
989 3756 1115 3820 iusticie
1138 3753 1252 3820 allerre
1274 3752 1438 3818 commoda
1460 3753 1602 3832 extimat,
1625 3757 1715 3818 tanto
1738 3752 2000 3835 diligencioribus
2018 3771 2049 3817 se

547 3866 677 3927 tenetur
705 3859 889 3942 impendere
919 3859 1045 3939 studiis,
1077 3864 1196 3942 quanto
1226 3858 1348 3922 adhoc
1372 3857 1512 3923 iniuncte
1535 3856 1673 3939 desuper
1694 3857 1870 3940 apostolice
1893 3858 2050 3925 seruitutis

545 3964 682 4031 officium
706 3964 810 4046 ipsum
826 3963 969 4029 stimulet
985 3969 1018 4028 et
1032 3968 1201 4048 perurget3
1218 3969 1251 4027 et
1266 3963 1342 4044 qnia
1360 3962 1563 4044 regnancium
1579 3966 1667 4026 recte
1680 3959 1707 4048 ⁶)
1730 3961 1880 4027 ordinata
1902 3963 2048 4046 wirina

546 4070 667 4135 nutrire
690 4071 924 4133 consueverunt
947 4068 1103 4132 iusticiam
1126 4071 1159 4131 et
1175 4067 1349 4131 christiano
1364 4065 1482 4149 populo
1497 4084 1609 4148 pacem
1624 4064 1711 4144 dare,
1728 4064 1890 4147 pontificis
1912 4066 2046 4132 eiusdem

545 4173 727 4252 auctoritas,
752 4172 803 4236 cui
826 4172 944 4236 dictum
967 4191 986 4236 a
1008 4172 1133 4236 domino
1156 4170 1289 4255 legimus
1313 4190 1370 4253 per
1392 4170 1595 4253 prophetam:
1620 4187 1705 4249 ,ecce
1727 4170 1882 4235 constitui
1905 4176 1939 4236 te
1958 4188 2045 4253 snper

545 4284 658 4362 gentes
688 4283 722 4341 et
754 4294 851 4358 super
883 4295 990 4359 regna,
1025 4283 1060 4340 ut
1094 4274 1223 4354 evellas,
1259 4276 1416 4354 destruas,
1448 4274 1615 4356 disperdas
1639 4278 1672 4338 et
1694 4272 1844 4356 dissipes,
1867 4274 2045 4341 ediliceret

545 4382 692 4464 plantea‘
715 4380 755 4444 ad
778 4380 931 4462 erigenda
954 4385 987 4444 et
1009 4380 1172 4463 dirigenda
1201 4380 1382 4445 huiusmodi
1412 4380 1575 4462 regimina,
1610 4382 1704 4461 prout
1727 4378 1768 4443 ad
1801 4396 1896 4444 suam
1930 4383 2044 4463 spectat

545 4484 788 4562 solicitudinem,
813 4502 1009 4565 nequequam
1043 4483 1139 4548 debet
1171 4488 1347 4565 tepescere,
1382 4483 1439 4547 sed
1468 4484 1580 4566 pocius
1610 4500 1763 4565 operosos
1785 4500 1959 4566 apponere,
1980 4501 2041 4549 cnm

544 4590 696 4673 expedire
726 4587 889 4670 conspicit,
924 4606 1035 4653 manus
1066 4605 1150 4652 suas.
1174 4587 1257 4654 Sane
1280 4587 1398 4652 dudum
1422 4588 1553 4669 imperio
1577 4588 1717 4652 Romano
1740 4606 1799 4670 per
1820 4588 1944 4653 obitum
1966 4587 2040 4651 clere

544 4694 696 4759 memorie
719 4692 860 4771 Henrici,
884 4692 986 4756 ultimi
1010 4692 1222 4756 Romanorum
1246 4691 1458 4772 imperatoris,
1475 4699 1619 4770 vacante,
1635 4691 1708 4771 dno,
1726 4690 1880 4757 videlicet
1896 4691 2039 4775 quondum

545 4798 744 4875 Fredericus
767 4796 908 4876 Austris,
932 4803 965 4860 et
988 4795 1180 4874 Ludouicns,
1204 4800 1279 4860 tunc
1302 4796 1441 4860 Bouarie
1464 4796 1572 4875 duces,
1596 4798 1629 4861 in
1651 4813 1743 4879 reges
1773 4795 1985 4862 Romanorum
2014 4795 2038 4858 io

544 4903 704 4969 discordia
726 4902 819 4966 electi
843 4906 879 4965 ut
901 4901 1019 4965 dicitm
1041 4901 1223 4980 extiterunt,
1247 4900 1426 4984 deindeque
1448 4900 1619 4965 Frederico
1635 4899 1778 4982 predicto
1794 4901 1893 4967 rebus
1907 4900 2037 4966 humanis

545 5013 692 5088 exempto
715 5005 899 5070 Ludouicns
922 5005 1084 5087 predictus
1107 5010 1238 5087 propter
1261 5006 1362 5087 ipsius
1386 5022 1545 5084 excessus,
1570 5004 1688 5088 culpas,
1713 5005 1844 5071 crimina
1867 5012 1901 5072 et
1922 5004 2037 5072 eliade

544 5112 658 5177 merita
680 5109 879 5188 detestanda,
903 5110 993 5190 quasi
1027 5113 1128 5174 totum
1154 5108 1318 5191 divulgata
1341 5128 1399 5191 por
1420 5110 1538 5188 orbem,
1562 5128 1619 5191 per
1641 5108 1664 5174 f.
1688 5129 1714 5174 r.
1736 5109 1916 5177 Johannem
1938 5125 2036 5193 papum

545 5215 649 5294 XXII,
673 5214 931 5296 predecessorem
962 5219 1114 5292 nostrum,
1146 5213 1185 5278 de
1215 5212 1348 5279 fratrum
1379 5231 1506 5278 suorum
1530 5214 1662 5278 consilio
1685 5213 1793 5280 extitit
1815 5215 1902 5280 omni
1923 5210 2037 5293 imeri

545 5320 628 5403 quod
652 5320 754 5384 eidem
776 5318 940 5383 Ludouico
963 5317 1002 5382 ed
1026 5336 1158 5401 regnum
1180 5317 1231 5382 vol
1253 5319 1418 5401 imperium
1449 5318 1624 5383 Romanum
1655 5336 1694 5383 er
1725 5319 1887 5386 eleccione
1916 5316 2037 5386 discordi

545 5425 691 5508 predicta
713 5423 764 5488 vel
786 5423 867 5488 alias
890 5426 1071 5505 competere
1094 5427 1221 5505 poterat
1243 5421 1473 5505 quoquomodo,
1497 5422 1613 5487 iudicio
1637 5423 1721 5487 iusto
1744 5423 1892 5505 privatus
1918 5430 1951 5489 et
1978 5422 2038 5489 sno

545 5532 717 5610 sequenter
740 5528 779 5591 de
801 5527 906 5592 heresi
930 5532 963 5591 et
986 5527 1133 5592 scismate
1157 5526 1395 5593 sentencialiter
1428 5528 1684 5610 condempnatus.
1726 5527 1793 5593 Nos
1825 5534 1933 5594 antem
1965 5533 2039 5612 post

545 5634 681 5711 modum,
705 5633 780 5697 licet
813 5629 1080 5699 insufficientibus
1114 5633 1244 5707 meritis,
1279 5632 1319 5697 ad
1354 5633 1475 5713 apicem
1509 5633 1622 5697 summi
1656 5632 1857 5714 apostolatus
1887 5631 2040 5715 assumpti

545 5738 756 5815 attendentes,
774 5737 856 5818 qnod
873 5756 911 5801 ex
928 5737 988 5801 hiis
1005 5755 1134 5816 regnum
1151 5744 1184 5800 et
1206 5737 1372 5818 imperium
1387 5737 1531 5818 predicta
1551 5738 1604 5800 diu
1628 5741 1819 5802 vacaverant
1842 5744 1877 5802 et
1898 5739 2041 5803 tacebant
