5184 7050
545 834 611 900 294

541 1044 636 1109 493.
682 1040 819 1105 Tbobies
843 1039 880 1103 de
904 1040 1118 1123 Postcpenice,
1150 1038 1288 1105 decenus
1311 1037 1460 1105 ccclesiae
1493 1036 1672 1120 Prepeasis,
1706 1038 1850 1104 collector
1873 1042 2055 1119 fructuum

543 1146 725 1210 reddituum
747 1149 777 1207 ct
794 1149 1013 1227 proventuum,
1037 1145 1073 1208 ie
1094 1144 1222 1208 civitate
1243 1149 1273 1207 ct
1295 1144 1411 1208 diocesi
1434 1145 1590 1224 Processi
1613 1164 1651 1207 oc
1673 1144 1792 1208 decom
1814 1144 2058 1207 l'retisloercnsi

911 1269 1055 1312 cocwroe
1077 1248 1267 1331 apostolicae
1294 1247 1476 1328 debitorum,
1500 1247 1690 1313 destinatur.

1346 1454 1444 1539 Apud
1474 1455 1713 1529 Villoemooom,
1742 1458 1827 1519 1345
1852 1453 1938 1520 Maii·
1960 1456 2015 1518 31.

652 1669 689 1732 Ι).
723 1667 745 1733 f.
776 1665 907 1744 Thebis,
943 1665 1063 1728 decano
1087 1665 1221 1729 ecclesie
1251 1666 1431 1747 Pragensis.
1479 1664 1605 1729 Dudum
1637 1665 1668 1728 in
1702 1669 1809 1727 nostre
1845 1664 2060 1745 promocionis

552 1772 721 1836 adsummi
739 1769 937 1851 apostolatus
953 1770 1075 1850 apicem
1091 1770 1271 1851 primordiis
1294 1768 1515 1850 multiplicium
1539 1770 1750 1832 necessitates
1774 1786 1914 1847 onerum,
1932 1787 2061 1833 camere

550 1880 658 1939 nostre
690 1875 952 1951 incmnbencium,
976 1879 1009 1938 et
1031 1875 1198 1938 raritatem
1230 1874 1331 1955 ipsius
1363 1891 1486 1937 cantore
1516 1878 1736 1954 proventuum,
1760 1871 1800 1935 ad
1823 1872 1936 1936 eadem
1959 1891 2061 1936 onera

554 1978 773 2061 supportanda
804 1996 1003 2058 nequaquam
1036 1976 1279 2055 sufficiencium,
1302 1977 1514 2053 attendentes,
1538 1978 1718 2040 necessarie
1741 1976 1910 2041 habuimus
1933 1978 2004 2039 vias
2027 1982 2062 2039 et

552 2084 661 2147 medes
682 2083 790 2176 licitos
813 2082 991 2162 exquirere,
1015 2081 1130 2162 quibus
1146 2082 1250 2144 eidem
1274 2099 1398 2145 camere
1422 2086 1531 2162 posset
1554 2099 1651 2162 super
1673 2080 1735 2144 biis
1751 2081 1790 2144 de
1808 2079 1957 2162 aliqualis
1982 2081 2059 2144 sub-

553 2187 715 2252 vencionis
738 2185 878 2250 remedio
909 2185 1078 2266 provideri.
1125 2186 1227 2263 Quam
1250 2186 1289 2249 ob
1313 2203 1380 2249 rem
1403 2185 1600 2266 quorundam
1626 2184 1839 2249 Romanorum
1863 2182 2061 2265 pontificum,

549 2291 809 2373 predecessorum
833 2296 1022 2367 nostrornm,
1054 2292 1086 2353 in
1108 2289 1169 2352 bac
1192 2295 1282 2371 parte
1306 2289 1451 2370 vestigiis
1483 2289 1675 2367 inherentes,
1699 2288 1832 2366 fructus,
1857 2287 2003 2352 redditus
2027 2294 2062 2352 et

550 2400 723 2476 preventus
746 2395 840 2458 unius
862 2394 936 2458 anni
960 2394 1098 2458 eundum
1121 2399 1155 2456 et
1174 2393 1368 2475 singulorum
1391 2392 1616 2457 beneficiorum
1640 2393 1941 2469 ecclesiasticorum,
1965 2410 2062 2474 regu-

551 2499 665 2563 larium
688 2503 722 2562 et
745 2498 946 2574 secularium,
978 2517 1047 2561 curn
1072 2516 1149 2561 eura
1173 2497 1223 2561 vel
1246 2498 1315 2560 sine
1339 2516 1424 2576 cura,
1457 2516 1527 2561 cum
1551 2498 1653 2561 eciam
1677 2496 1875 2577 dignitatum,
1905 2514 2062 2577 persona·

553 2610 653 2681 tuum,
688 2602 1011 2677 administracionum,
1035 2600 1210 2665 officiorum
1234 2607 1267 2664 et
1291 2600 1429 2665 locorum
1452 2600 1752 2677 ecclesiasticorum,
1783 2600 1963 2681 ubicunque
1987 2619 2063 2664 con-

552 2707 747 2783 sistencium,
771 2724 833 2786 que
855 2709 932 2769 tunc
947 2706 1103 2770 vacabant
1118 2703 1168 2768 vel
1184 2723 1286 2785 usque
1303 2704 1344 2767 ad
1360 2704 1521 2768 biennium
1545 2709 1662 2768 extunc
1684 2703 1928 2785 computandum
1944 2723 2062 2767 vacare

551 2812 759 2890 contingeret,
795 2809 835 2871 ad
858 2808 1102 2889 disposicionem
1135 2814 1274 2873 nostram
1306 2827 1344 2872 ex
1368 2814 1477 2872 nostra
1508 2809 1558 2872 vel
1583 2809 1843 2890 predecessorum
1867 2814 2061 2886 nostrorum,

550 2913 761 2977 Renranormn
785 2912 979 2994 pontificum,
1003 2914 1143 2994 generali
1168 2913 1218 2977 vel
1242 2913 1374 2994 speciali
1396 2914 1617 2977 reservaeione
1640 2931 1696 2976 sen
1717 2914 1797 2977 alias
1820 2912 2063 2994 quomodolibet

549 3018 741 3098 spectantia,
765 3017 975 3081 reservandos
991 3019 1049 3081 sub
1066 3019 1164 3081 ceres
1188 3016 1299 3094 modis,
1323 3017 1433 3081 tramitis
1456 3024 1489 3081 et
1506 3018 1743 3082 eoinliciouibus
1760 3018 1791 3080 in
1807 3017 1924 3080 litteris
1941 3017 2063 3081 uostris

551 3120 623 3184 inde
654 3120 807 3184 conlectis
837 3120 963 3200 plenius
986 3126 1019 3183 et
1042 3121 1144 3184 eidem
1177 3140 1301 3183 eerrrere
1332 3140 1389 3201 qino
1416 3121 1596 3185 relevandis
1628 3120 1739 3186 utilius
1770 3121 1889 3185 eisdem
1920 3122 2063 3185 uecessi-

549 3225 670 3289 tatibus
694 3224 841 3288 ‹lrrxinms
858 3222 1072 3304 applicandos,
1097 3230 1130 3287 et
1145 3225 1376 3305 subsequenter
1396 3226 1536 3288 instante
1559 3224 1621 3288 fine
1638 3226 1711 3289 dieti
1737 3225 1854 3289 biennii
1871 3230 1904 3289 et
1920 3225 2061 3290 nondum

551 3328 799 3392 necessitatibus
824 3327 901 3407 ipsis
917 3327 1092 3404 subductis,
1104 3404 1106 3408 .
1117 3345 1173 3390 nos
1188 3329 1441 3391 reserracionem
1457 3336 1490 3393 et
1506 3328 1754 3410 applicationem
1777 3329 1938 3410 predictas
1958 3347 2063 3411 usque

551 3432 590 3495 ad
614 3431 701 3496 aliud
732 3431 893 3495 biennium
917 3430 1020 3494 atine
1051 3431 1127 3495 dicti
1151 3431 1268 3495 biennii
1292 3432 1537 3512 compntamlum
1568 3434 1626 3496 sub
1649 3433 1770 3496 eisdem
1800 3434 1912 3510 modis,
1948 3433 2062 3497 formis

551 3542 584 3600 et
607 3536 842 3600 condicionibus
866 3535 1012 3600 illusimus
1035 3537 1260 3600 extendendas.
1307 3535 1459 3600 Volentes
1484 3538 1583 3615 igitur
1605 3537 1737 3615 fructus,
1765 3537 1908 3601 redditus
1932 3543 1966 3602 et
1988 3558 2063 3620 pro-

552 3648 665 3706 ventus
688 3640 877 3718 huiusmodi,
903 3640 933 3702 in
964 3641 1102 3718 civitate,
1134 3640 1252 3704 diocesi
1285 3661 1323 3704 ac
1352 3642 1514 3721 provincia
1549 3643 1699 3721 Pragensi
1730 3662 1767 3706 ac
1799 3642 1916 3707 ducatu
1941 3642 2063 3706 Wrati·

551 3744 702 3808 slauiensi
733 3745 952 3822 consistentes,
976 3764 1015 3807 ex
1046 3746 1153 3808 causis
1185 3745 1338 3826 predictis
1369 3744 1472 3808 eidem
1504 3764 1628 3810 calliste
1659 3744 1792 3823 debitae,
1816 3746 1900 3827 exigi
1934 3749 2062 3811 nomine

552 3849 651 3929 ipsius
676 3868 800 3912 earrrere
824 3848 961 3912 fideliter
976 3856 1010 3913 et
1025 3848 1133 3926 levari,
1150 3854 1184 3912 et
1203 3847 1243 3911 ‹le
1259 3854 1315 3912 tue
1339 3849 1638 3929 circmnspeccionis
1663 3855 1695 3911 et
1718 3848 1881 3912 fidelitatis
1905 3851 2063 3915 industria

552 3951 676 4033 plenius
707 3952 911 4028 confidentes,
942 3953 1130 4016 discrecioni
1154 3960 1208 4016 tue
1235 3972 1293 4033 per
1316 3952 1492 4032 apostolica
1523 3953 1643 4031 scripta
1673 3953 1896 4016 committimus
1918 3959 1952 4017 et
1974 3974 2063 4018 irrata-

551 4056 671 4133 damus,
703 4061 860 4137 quatenus
882 4076 941 4137 per
963 4061 995 4119 te
1020 4057 1068 4119 vel
1093 4057 1188 4120 silium
1216 4075 1271 4120 seu
1296 4056 1375 4119 alios
1400 4056 1589 4120 collectores
1612 4062 1645 4119 et
1668 4056 1915 4121 subcollectores
1938 4057 2002 4123 tide
2026 4078 2062 4122 ac

551 4157 788 4239 facultatibus·)
820 4159 989 4238 idoneosb)
1020 4179 1100 4241 iquos
1122 4161 1162 4223 ad
1185 4161 1254 4238 boc,
1278 4162 1428 4241 quociens
1459 4180 1538 4242 opem
1562 4161 1669 4238 luerit,
1694 4162 1823 4224 duxeris
1847 4161 2059 4244 deputandos,

551 4263 730 4327 huiusmodi
752 4262 885 4339 frmztns,
911 4263 1052 4327 redditus
1075 4270 1108 4327 et
1131 4271 1315 4346 proventus,
1341 4266 1372 4329 in
1394 4266 1515 4329 eisdem
1538 4267 1677 4344 civitate,
1695 4266 1823 4343 ‹liecesi
1844 4268 2008 4347 provincia
2031 4273 2063 4331 et

551 4366 668 4430 ducatu
695 4367 905 4430 consistentes
930 4373 964 4429 ut
987 4368 1155 4448 prefertur,
1179 4380 1241 4434 tarn
1273 4389 1330 4450 pro
1354 4371 1454 4451 primo
1485 4390 1580 4451 quam
1610 4370 1749 4434 secundo
1772 4371 1909 4447 biennio,
1939 4390 2061 4436 necnon

551 4476 584 4533 et
600 4488 805 4552 quascunque
824 4472 1030 4551 pecuniarum
1048 4490 1195 4550 summae,
1213 4474 1244 4536 in
1261 4472 1381 4537 eisdem
1398 4475 1538 4552 civitate,
1563 4474 1692 4552 diocesi,
1718 4475 1879 4554 provincia
1895 4481 1930 4539 et
1944 4475 2062 4540 ducatu

551 4572 654 4637 eidem
678 4592 802 4636 ‹tarrrero
825 4573 950 4638 debitas
974 4595 1030 4638 sen
1054 4577 1093 4639 ad
1110 4597 1179 4641 earn
1203 4597 1241 4640 ex
1258 4577 1330 4640 aliis
1354 4579 1455 4641 seim
1479 4579 1585 4641 carisis
1609 4585 1802 4660 spectantes,
1826 4596 1924 4660 super
1944 4581 2060 4660 quibus

555 4678 745 4759 simpliciter
760 4684 792 4740 et
809 4679 847 4740 de
866 4678 967 4759 plarm,
985 4681 1054 4743 sine
1070 4682 1206 4762 strepitu
1223 4687 1254 4744 et
1271 4682 1371 4762 ligura
1394 4682 1511 4758 imlicii,
1529 4684 1555 4745 si
1572 4702 1702 4747 necesse
1723 4684 1828 4762 luerit,
1852 4690 1885 4747 te
1902 4684 2063 4762 indemnes,

552 4788 673 4862 petere,
696 4783 823 4862 exigere
848 4803 884 4846 ac
908 4786 1050 4865 recipcre
1076 4805 1145 4849 cum
1171 4787 1353 4866 integritate
1376 4805 1537 4866 procures,
1575 4789 1823 4851 eortradictores
1847 4787 2008 4868 quoslibet
2032 4795 2064 4852 et

553 4885 689 4948 rebelles
712 4887 901 4966 superbiis,
934 4889 1150 4970 canusiumque
1178 4895 1323 4968 statuat)
1354 4889 1484 4966 ordinis,
1516 4890 1679 4972 dignitatis
1703 4891 1754 4954 rel
1778 4892 1973 4956 cormicionis
1997 4893 2063 4956 exi-

553 4995 647 5067 stant,
681 4991 781 5052 eciam
812 4990 839 5052 si
871 4991 1041 5070 painted
1073 4995 1123 5058 vel
1148 4995 1258 5075 iqirsrvis
1285 4995 1348 5057 alia
1379 4994 1580 5075 prefulgeant
1615 4996 1782 5077 «lignitate,
1805 5015 1863 5077 per
1897 5016 2063 5061 censuram

552 5093 799 5156 ecclesiasticen
823 5094 1039 5175 appellaeione
1057 5099 1232 5179 postposita
1247 5099 1516 5179 corripescemlo,‘¹)
1540 5117 1601 5161 non
1618 5100 1817 5164 obstantibus
1841 5102 2060 5183 exeirrpcionis

554 5203 586 5259 et
615 5196 811 5277 qrdbuslibet
840 5198 911 5262 aliis
942 5201 1126 5282 privilegiis,
1164 5202 1371 5280 imlnlqenciis
1401 5209 1434 5265 et
1467 5202 1583 5266 litteris
1617 5204 1810 5284 aqmstolicis,
1846 5205 2063 5286 cuiuscunque

553 5301 674 5377 tenoris
697 5300 844 5378 existant,
868 5303 967 5366 eciam
992 5306 1017 5368 si
1036 5305 1075 5369 de
1092 5307 1154 5370 illis
1177 5312 1265 5369 esset
1288 5307 1328 5371 de
1352 5308 1446 5369 verbo
1471 5307 1510 5370 ad
1528 5309 1658 5371 viii-lum
1683 5307 1831 5389 spetialis
1854 5314 1888 5371 et
1911 5328 2066 5390 expressa

554 5404 584 5465 in
608 5405 724 5466 nostris
747 5404 863 5468 litteris
886 5408 1008 5471 tironicio
1032 5409 1186 5486 faciemla,
1210 5412 1310 5473 scusi
1328 5411 1488 5491 aliquibus
1514 5412 1721 5475 connnnniter
1744 5411 1792 5475 vel
1810 5413 1936 5476 divisim
1952 5433 1971 5477 a
1988 5415 2066 5477 sede

550 5506 726 5588 apostolica
755 5509 797 5570 sit
820 5509 984 5588 indultum,
1016 5514 1100 5592 «quiid
1132 5514 1286 5590 interdici,
1311 5515 1462 5595 suspendi
1485 5515 1536 5579 vel
1560 5516 1828 5579 excirnnnnnieari
1853 5519 2064 5597 nonpossint

554 5630 611 5690 per
634 5611 757 5673 litteras
780 5613 981 5691 crqicrstolicas,
1000 5635 1059 5678 mm
1081 5615 1234 5681 iacientes
1257 5618 1383 5699 plenam
1401 5624 1434 5681 et
1450 5638 1633 5700 equessam
1656 5639 1691 5682 ar
1709 5620 1860 5683 ‹lever-bo
1877 5619 2066 5685 adverbum

556 5713 595 5775 de
619 5715 740 5776 imlulto
771 5713 949 5780 lminsmodi
975 5722 1177 5784 mencionem.
1218 5722 1371 5786 Volumus
1395 5728 1512 5799 autem,
1547 5724 1630 5803 quod
1654 5743 1719 5801 eoa,
1755 5724 1808 5804 qni
1832 5725 1890 5787 tibi
1914 5724 2068 5789 solverint
