5184 7050
1860 826 1924 891 233

417 1027 647 1111 parrochialem
677 1029 846 1096 ecclesiam
875 1029 985 1095 habita
1018 1029 1220 1112 possessione
1250 1029 1415 1109 dignitatis
1445 1029 1495 1095 vel
1519 1034 1709 1113 personatus
1742 1036 1799 1096 aut
1828 1031 1925 1096 oflicii

418 1135 663 1215 predictorum‘)
685 1136 845 1201 dimittere
868 1138 1079 1217 corporatus,
1102 1153 1174 1200 cunr
1195 1133 1267 1199 aliis
1290 1135 1573 1200 nonobstantibus
1596 1141 1629 1199 et
1655 1134 1806 1200 clausulis
1829 1153 1922 1217 opor·

420 1239 502 1304 tonis
525 1245 560 1305 et
582 1239 817 1307 executoribus.
1841 1306 1843 1311 ,

517 1344 591 1410 Fiat
612 1345 651 1409 R.
696 1344 740 1411 Et
761 1363 791 1427 q.
815 1349 838 1410 t.
862 1362 886 1410 s.
910 1363 939 1409 a.
962 1342 982 1408 l.
1029 1343 1101 1421 Fiat
1127 1342 1164 1408 R.
1210 1344 1249 1409 Ι).
1274 1343 1432 1409 Aninione
1454 1345 1482 1410 V
1505 1362 1575 1408 non.
1606 1343 1686 1429 Maii
1715 1362 1743 1408 a.
1773 1343 1923 1408 secundo.

520 1586 670 1641 Clementis
687 1585 726 1639 Vl
745 1584 774 1641 S.
791 1585 846 1655 Ilpa
865 1588 902 1651 (4)
922 1584 940 1640 i.
960 1590 1018 1638 326.
1039 1617 1072 1625 -
1098 1587 1121 1650 ·)
1142 1585 1266 1654 sequitur
1290 1583 1373 1654 ,quia‘
1398 1585 1425 1638 iu
1451 1585 1487 1652 S.‚
1515 1602 1568 1640 om.
1595 1586 1630 1639 ab
1657 1584 1771 1639 editore.
1801 1583 1825 1651 b)
1845 1583 1923 1639 deest

417 1671 442 1726 iu
460 1672 497 1739 S.,
517 1673 609 1742 suppl.
628 1673 663 1726 ab
678 1671 792 1726 editore.
818 1673 841 1737 r)
878 1671 1025 1740 ,predictis‘
1043 1671 1071 1725 S.
1144 1673 1163 1737 ¹)
1181 1671 1251 1727 bruc
1270 1671 1389 1725 litteram
1409 1674 1582 1738 reformarem
1608 1670 1669 1724 vide
1695 1670 1746 1725 sub
1770 1687 1842 1724 nuru.
1865 1676 1922 1738 134,

415 1775 448 1813 ex
468 1763 501 1813 A.
524 1760 671 1830 lp·'1b(7o);
695 1758 795 1826 littera,
820 1774 890 1826 quae
914 1762 1087 1826 reformando
1111 1767 1176 1824 error,
1200 1757 1347 1826 registrare
1372 1763 1414 1811 est
1440 1756 1469 1809 in
1495 1759 1526 1809 Α.
1549 1757 1590 1826 ljl
1610 1761 1675 1823 (bs),
1695 1755 1745 1810 sed
1763 1758 1922 1813 cancellata.

397 2405 507 2472 378.
532 2402 691 2468 Plibr‘sloo
713 2402 751 2466 de
774 2403 890 2467 Letlroo
904 2407 1085 2468 reservatur
1099 2404 1251 2485 dipoldus,
1270 2407 1461 2485 personatus
1478 2403 1527 2467 oel
1542 2401 1684 2485 officium
1704 2423 1773 2467 cunr
1788 2402 1836 2466 cel
1853 2402 1923 2467 sine

399 2529 502 2587 wa,
518 2511 667 2591 spectans
683 2505 728 2571 od
743 2505 938 2572 collationem
954 2507 1191 2591 archiepiscopi,
1210 2508 1399 2592 pruqoosr‘b,
1416 2506 1529 2572 decani
1544 2511 1574 2571 ct
1589 2506 1723 2591 capitrdi
1741 2506 1921 2588 stuprasse.

991 2612 1106 2678 loona
1129 2615 1165 2676 ut
1186 2612 1221 2676 iu
1243 2633 1274 2679 n.
1297 2615 1350 2678 52.

466 2723 526 2778 ·1¹·
1445 2723 1608 2798 Aviaioae,
1632 2723 1719 2788 1344
1741 2721 1826 2788 Muri
1846 2722 1877 2787 3.

518 2943 558 3008 D.
581 2942 602 3007 i.
626 2942 812 3024 Pezybislao
835 2942 875 3007 de
897 2943 1038 3021 Lethon,
1063 2942 1211 3007 canonico
1235 2941 1398 3022 Prageusi,
1421 2940 1556 3005 salutem
1579 2945 1639 3005 etc.
1667 2940 1716 3005 Ex
1739 2944 1794 3004 tue
1817 2937 1921 3020 probi·

407 3048 490 3112 tatis
512 3048 635 3112 meritis
658 3098 666 3112 .
690 3096 699 3113 .
722 3097 730 3113 .
755 3099 762 3114 .
786 3047 937 3114 Voluntas
960 3046 1057 3129 igitur
1078 3051 1111 3110 te
1133 3065 1164 3129 p.
1188 3065 1227 3111 m.
1251 3050 1274 3110 t.
1298 3046 1318 3111 i.
1333 3045 1357 3132 ¹)
1387 3046 1420 3111 in
1442 3045 1577 3111 ecclesia
1607 3044 1768 3126 Properat
1802 3043 1834 3108 in
1857 3061 1920 3123 qua

412 3152 528 3217 existis
546 3152 726 3230 canonicus,
750 3151 885 3234 amplius
907 3151 1072 3231 honorare,
1096 3151 1293 3234 dignitatern,
1316 3154 1520 3232 personatum
1540 3149 1589 3214 uel
1604 3146 1743 3214 officium
1759 3166 1828 3212 cum
1845 3166 1921 3212 cura

413 3256 465 3321 uel
488 3257 557 3321 sine
580 3275 666 3336 cura,
688 3257 729 3321 ad
752 3276 781 3322 v.
804 3258 825 3322 l.
849 3277 879 3321 n.
904 3306 911 3320 .
936 3307 943 3321 .
967 3255 1197 3338 archiepiscopi
1220 3258 1255 3319 et
1276 3254 1328 3319 dd.
1352 3253 1383 3320 ff.
1409 3304 1415 3318 .
1440 3304 1447 3319 .
1471 3252 1635 3335 prepositi,
1656 3251 1766 3317 decani
1783 3255 1816 3315 et
1831 3251 1919 3332 capi·

407 3362 470 3427 tuli
494 3363 663 3443 Prageusis
686 3362 898 3439 collacionem,
922 3379 1016 3443 pres,
1040 3379 1126 3443 prov.
1150 3378 1208 3424 seu
1231 3379 1261 3443 q.
1277 3379 1306 3424 a.
1324 3359 1354 3424 d.
1370 3378 1397 3423 c.
1422 3357 1471 3422 vel
1495 3358 1524 3423 d.
1549 3357 1722 3439 pertinens,
1746 3357 1772 3420 si
1798 3374 1869 3436 qua,
1886 3355 1914 3418 si

413 3467 486 3549 quis
505 3465 557 3531 sel
580 3467 606 3531 si
630 3466 715 3550 quod
738 3467 769 3532 ir
794 3467 862 3549 ipsa
884 3465 1021 3533 ecclesia
1043 3466 1094 3530 vel
1117 3470 1208 3530 extra
1230 3470 1325 3530 vacat
1346 3464 1386 3528 ad
1410 3481 1556 3545 presens,
1583 3460 1632 3528 vel
1655 3480 1726 3526 cunr
1749 3461 1919 3539 vacaverit,

415 3622 485 3637 ...
512 3622 519 3637 .
544 3572 766 3638 conferendam
788 3572 841 3637 vel
864 3571 1090 3637 conferendum
1111 3571 1174 3635 tibi
1258 3618 1265 3634 .
1290 3620 1297 3635 .
1322 3558 1487 3635 ‹lonacioni
1517 3567 1690 3650 apostolice
1720 3583 1919 3630 asservamus

415 3726 422 3740 .
446 3727 454 3741 .
478 3727 486 3741 .
513 3696 537 3754 .;
563 3676 846 3740 nonobstantibus
871 3725 877 3740 .
902 3727 909 3741 .
934 3727 941 3741 .
967 3726 974 3740 .
998 3694 1055 3740 sou
1078 3675 1162 3757 quod
1185 3675 1217 3740 in
1240 3675 1383 3756 predicto
1405 3673 1556 3754 Prageusi
1579 3673 1798 3737 canonicatum
1820 3675 1854 3734 et
1873 3670 1919 3734 di·

413 3780 542 3845 midianr
575 3780 770 3862 prebendam
800 3786 834 3844 et
856 3781 1101 3845 distribuciones
1132 3779 1191 3844 sub
1222 3778 1446 3861 expectacione
1480 3778 1602 3857 integre
1637 3774 1797 3856 prebende
1827 3792 1864 3837 ac
1886 3773 1918 3837 in

413 3885 515 3950 sancti
538 3883 668 3964 Georgii
692 3885 836 3950 ecclesiis
858 3891 892 3950 et
914 3885 946 3949 in
969 3884 1092 3967 capella
1113 3885 1201 3963 regia
1224 3882 1371 3950 Omnium
1394 3882 1580 3950 Sanctorum
1600 3881 1631 3944 iu
1647 3885 1751 3944 castro
1767 3878 1917 3960 Progensi

413 3990 618 4054 canonicatus
640 3993 674 4053 et
695 3989 873 4071 prebendas
895 4009 933 4053 ac
955 3988 1184 4073 parrochialem
1206 3987 1375 4053 ecclesiam
1398 3987 1430 4050 in
1455 3983 1817 4067 Costeletz‚P1·agensis
1850 3981 1925 4062 dio-¹

413 4096 506 4171 cesis,
523 4094 665 4158 nosceris
680 4095 832 4159 obtinere.
858 4094 1008 4158 Volumus
1028 4099 1144 4170 autem,
1167 4092 1262 4174 quod,
1283 4097 1449 4173 postquam
1472 4091 1579 4170 rigore
1595 4087 1794 4170 presencium
1817 4086 1918 4166 digni·

411 4204 512 4262 tatem
535 4198 587 4262 vel
609 4204 892 4280 personatumseu
915 4196 1054 4262 officium
1075 4196 1253 4262 huiusmodi
1277 4196 1377 4261 fueris
1400 4194 1530 4277 pacifice
1552 4197 1729 4268 assecutus,
1759 4190 1917 4274 prolatam

411 4301 643 4384 parrochialem
672 4302 850 4380 ecclesiam,
885 4321 978 4383 qnam
1010 4307 1045 4366 ut
1077 4301 1272 4384 premittitur
1305 4300 1438 4378 obtines,
1473 4315 1630 4380 quamque
1659 4300 1775 4360 extunc
1806 4312 1918 4357 vacare

411 4406 622 4488 decernimus,
646 4411 740 4488 prout
761 4405 803 4470 ad
825 4406 857 4470 id
879 4411 912 4470 te
934 4410 1048 4489 sponte
1070 4404 1223 4484 obtulisti,
1246 4405 1406 4468 dimittere
1429 4402 1568 4466 tenearis
1570 4450 1678 4466 .....
1698 4400 1739 4465 D.
1761 4398 1918 4464 huinione

411 4511 535 4578 lluon.
559 4511 637 4576 Maii
659 4530 687 4575 a.
711 4509 861 4575 secundo.
1516 4587 1518 4591 ι

514 4615 552 4680 lu
574 4635 603 4680 e.
627 4634 666 4683 nr
690 4634 719 4680 v.
750 4614 773 4680 f.
790 4664 823 4680 ..
847 4614 1026 4695 patriarche
1048 4612 1305 4679 derosolimitano
1329 4618 1362 4677 et
1385 4612 1414 4676 d.
1441 4609 1462 4675 l.
1479 4658 1512 4675 ..
1535 4606 1789 4675 Breunouiensis
1820 4622 1918 4686 prope

409 4718 546 4802 Pragam
569 4738 607 4785 ac
630 4769 637 4785 .
662 4770 670 4786 .
695 4719 734 4783 de
758 4717 874 4797 Insula,
899 4719 1068 4801 Progensis
1091 4718 1237 4796 diocesis,
1261 4716 1522 4782 monasteriorum
1541 4712 1709 4777 abbatibus
1724 4729 1749 4776 s.
1767 4715 1826 4774 etc.

409 4823 449 4887 D.
473 4827 511 4887 ut
532 4840 558 4887 s.

513 4975 721 5070 Clementis-Vl
740 5014 773 5067 Α.
792 5013 847 5084 lisa
866 5017 921 5080 (73)
941 5011 960 5067 i.
979 5012 1038 5064 ὑπ’
1058 5028 1083 5065 n.
1104 5017 1146 5077 bd,
1164 5010 1273 5065 rubrica
1291 5009 1365 5076 sola3
1383 5008 1492 5063 litterae
1511 5008 1540 5063 in
1559 5009 1592 5060 A.
1609 5006 1663 5078 lljr
1684 5004 1727 5074 (V.
1744 5004 1807 5070 lib)
1825 5001 1843 5055 f.
1865 5005 1914 5053 247

408 5116 433 5154 r.
454 5104 498 5164 ω,
518 5099 554 5153 de
572 5097 751 5168 ‹lignitatrhns
770 5087 906 5154 irruituris
925 5116 969 5167 qu.
988 5098 1091 5151 2:3¹.
1112 5103 1155 5173 lor
1179 5096 1192 5149 i
1219 5098 1276 5149 loc·
1299 5113 1325 5150 n.
1344 5100 1385 5149 bo.
1411 5126 1443 5135 —
1470 5096 1490 5162 ¹)
1518 5094 1552 5148 ad
1571 5093 1798 5163 supplicationem
1817 5088 1916 5155 Caroli,

406 5186 575 5243 marchionis
594 5186 743 5252 bloraviae,
762 5202 843 5253 quam
861 5185 922 5239 ride
942 5186 968 5238 in
988 5202 1013 5237 n.
1033 5189 1091 5237 377.
1142 5201 1144 5205 ·
1460 5180 1462 5184 ’
